4056 6422
435 435 568 497 1199

1413 423 1901 484 THEODORETI
1928 426 2264 488 EPISCOPI
2295 431 2658 491 CYRENSIS

3544 431 3561 494 1
3574 433 3667 498 2th

432 549 639 603 nullum
665 543 1006 614 propositum
1025 547 1172 594 esset
1197 537 1504 608 praemium,
1535 547 1748 606 poterat
1769 538 1884 607 ipsa
1913 555 2004 608 per

2116 544 2282 613 μηδὲν
2337 545 2473 605 ὅλως
2533 541 2696 597 ἆθλον
2741 543 2880 614 ὑπὲρ
2939 543 3218 607 εὐσεόείας
3269 543 3666 613 ἀγωνιζομένοις

431 655 488 693 se
532 637 738 691 veritas
772 631 1112 688 amatoribus
1156 629 1273 684 suis
1311 629 1669 698 persuadere,
1708 637 1766 682 ut
1813 630 1870 682 in
1910 645 2004 684 su-

433 728 666 784 beundis
691 741 794 796 pro
831 725 922 778 illa
953 721 1216 792 periculis
1243 735 1512 774 summam
1542 719 1785 772 lzetitiam
1813 735 1924 789 prte
1948 736 2006 774 se

430 822 657 874 ferrent.
681 816 967 884 Testisque
983 813 1260 866 dictorum
1283 818 1367 865 est
1385 810 1596 880 1083
1625 809 1844 864 divinus
1860 809 2006 879 Apo-

430 912 604 966 stolus
628 909 775 963 clara
800 922 933 962 voce
965 903 1302 959 denuntians
1334 921 1348 956 :
1392 922 1409 954 ι
1439 901 1574 968 Quis
1599 917 1702 955 nos
1732 901 2010 971 separabit

428 1021 456 1057 a
482 1001 747 1056 eharitate
771 996 1017 1052 Christi?
1041 993 1348 1056 tribulatio,
1375 1008 1443 1046 an
1474 990 1759 1060 angustia?
1787 1006 1857 1043 an
1878 1005 2006 1059 per-

429 1099 674 1154 secutio?
716 1114 784 1152 an
810 1095 1020 1149 fames?
1053 1109 1122 1147 an
1153 1091 1412 1146 nuditas?
1443 1107 1513 1145 an
1551 1089 1903 1161 periculum?
1937 1105 2006 1142 an

426 1191 684 1262 gladius?
707 1191 850 1244 sicut
871 1187 1139 1256 scriptum
1163 1194 1269 1249 est,
1295 1183 1423 1253 quia
1456 1183 1688 1251 Propter
1728 1191 1781 1237 te
1813 1183 2007 1236 morti-

435 1285 664 1338 ficamur
697 1279 966 1350 quotidie,
1001 1275 1253 1332 aestimati
1301 1289 1493 1328 sumus
1526 1273 1670 1328 sicut
1699 1288 1832 1328 oves
1860 1274 2009 1328 occi-

429 1375 603 1430 sionis
627 1374 692 1425 ³⁰.
722 1393 738 1423 ι
779 1372 848 1426 Et
869 1369 1073 1425 ducens
1097 1383 1154 1422 se
1176 1380 1284 1420 non
1318 1365 1743 1419 retributionem
1767 1365 2008 1434 aliquam

430 1477 771 1540 exspectare,
821 1463 918 1519 sed
970 1462 1192 1516 unicum
1244 1473 1429 1513 amare
1483 1457 1846 1524 Salvatorem,
1883 1473 2010 1512 mox

431 1561 715 1633 subjunxit
751 1577 762 1612 :
806 1575 824 1608 ι
867 1554 975 1610 Sed
1011 1553 1067 1607 in
1100 1551 1188 1608 his
1219 1550 1479 1605 omnibus
1521 1564 1851 1619 superamus
1885 1565 2013 1619 pro-

422 1662 553 1724 pter
575 1650 856 1706 Christum
882 1646 976 1716 qui
1007 1642 1199 1698 dilexit
1230 1657 1332 1697 nos
1359 1641 1424 1695 ".
1468 1659 1485 1691 ι
1522 1638 1753 1709 Aliaque
1787 1640 2008 1710 adjecit,

429 1743 632 1815 quibus
652 1752 896 1794 amorem
918 1751 1080 1792 suum
1103 1733 1348 1804 apertius
1370 1740 1602 1788 testatus
1625 1740 1729 1786 est.
1764 1750 1782 1782 ι
1814 1731 2012 1788 Certus

429 1834 576 1888 enim
607 1846 751 1896 sum,
797 1826 995 1897 inquit,
1041 1823 1191 1895 quod
1225 1838 1406 1893 neque
1448 1837 1618 1888 mors,
1655 1837 1836 1892 neque
1876 1823 2010 1889 vita,

2110 637 2328 701 ἐδίδοτο,
2372 637 2603 707 ἤρκεσεν
2636 638 2700 688 ἂν
2736 637 2828 687 καί
2848 635 2986 706 αὐτὴ
3015 634 3136 690 καθ’
3168 635 3364 704 ἑαυτὴν
3395 636 3426 705 ἡ
3458 634 3669 705 ἀλήθεια

2109 729 2294 780 πεῖσαι
2343 729 2468 790 τους
2534 728 2733 796 ἑαυτῆς
2797 727 3035 799 ἐραστὰς
3092 727 3189 779 σὺν
3238 724 3469 795 εὐθυμία
3534 726 3672 796 πάσῃ

2106 821 2232 882 τοὺς
2268 819 2410 890 ὑπὲρ
2430 820 2598 889 αὐτῆς
2629 818 2905 882 κινδύνους
2935 817 3304 873 ἀσπάσασθαι.
3341 819 3447 870 Καὶ
3476 817 3670 886 μάρτυς

2107 903 2216 957 τῶν
2254 904 2559 975 εἰρημένων
2591 907 2619 958 ό
2652 903 2793 966 θεῖος
2834 903 3156 966 Ἀπόστολος
3192 901 3486 974 διαρρήδην
3519 901 3668 970 βοῶν·

2116 1015 2133 1046 ι
2170 995 2267 1058 Τίς
2322 998 2468 1066 ἡμᾶς
2525 997 2748 1066 χωρίσει
2771 995 2877 1049 ἀπὸ
2905 994 3003 1066 τῆς
3044 995 3264 1063 ἀγάπης
3289 993 3382 1046 τοῦ
3413 993 3675 1063 Χριστοῦ;

2119 1083 2327 1154 θλίψις,
2367 1085 2399 1156 ἢ
2435 1086 2767 1157 στενοχωρία
2790 1126 2805 1150 ,
2838 1084 2869 1155 ἢ
2920 1084 3194 1155 διωγμὸς,
3231 1083 3264 1152 ἦ
3295 1081 3478 1152 λιμὸς,
3512 1079 3543 1152 ἦ
3589 1099 3677 1150 γυ-

2113 1175 2342 1245 μνότης,
2380 1175 2411 1243 ἦ
2446 1175 2722 1240 κίνδυνος,
2759 1175 2790 1247 ἦ
2820 1175 3092 1246 μάχαιρα;
3127 1171 3309 1236 καθὼς
3350 1158 3678 1242 γέγραπται,
3707 1177 3716 1192 ’

2109 1262 2191 1313 ὅτι
2217 1262 2417 1315 Ἔνεκά
2450 1279 2543 1314 σου
2583 1261 2964 1334 θανατούμεθα
3012 1264 3141 1334 ὅλην
3169 1264 3268 1334 τὴν
3302 1263 3532 1332 ἡμέραν,
3573 1261 3682 1314 ὲλο⁸

2111 1350 2382 1420 γίσθημεν
2437 1352 2513 1416 ὡς
2571 1353 2817 1423 πρόὸατα
2879 1354 3116 1424 σφαγῆς.
3163 1374 3178 1406 ι
3229 1353 3339 1406 Kal.
3427 1351 3682 1405 διδάσκων

2112 1440 2189 1501 ὼς
2215 1441 2314 1494 οὐκ
2367 1441 2634 1495 ἀντίδοσιν
2685 1443 2984 1514 προσμένει
3031 1443 3172 1506 τινά,
3223 1440 3358 1495 ἀλλά
3409 1438 3563 1511 μόνον
3595 1442 3681 1494 τοῦ

2115 1534 2417 1597 σεσωκότος
2471 1535 2592 1606 ἐρᾷ.
2654 1536 2934 1606 ἐπήγαγεν
2982 1533 3178 1598 εὐθύς·
3224 1553 3242 1585 ι
3293 1533 3435 1586 Ἀλλ’
3470 1534 3524 1584 ἐν
3558 1535 3683 1585 πᾶσι

2111 1622 2326 1686 τούτοις
2378 1623 2765 1696 ὑπερνικῶμεν
2821 1624 2910 1677 διά
2968 1623 3061 1677 τοῦ
3119 1625 3507 1693 ἀγαπήσαντος
3548 1624 3686 1691 ἡμᾶς

2113 1714 2370 1786 Χριστοῦ.
2404 1734 2424 1768 ι
2468 1716 2578 1768 Καὶ
2618 1715 3005 1787 προστέθεικεν
3038 1716 3221 1786 ἕτερα,
3276 1714 3346 1768 δι’
3403 1708 3479 1767 ὧν
3531 1714 3688 1782 σαφέ-

2117 1819 2306 1872 στερον
2347 1804 2439 1856 τὸν
2487 1805 2684 1858 οίκεῖον
2745 1806 3028 1878 ἐγύμνωσε
3086 1806 3248 1860 πόθον
3280 1823 3297 1838 ο
3337 1825 3355 1858 ι
3390 1807 3688 1877 Πέπεισμαι

429 1939 606 1994 neque
624 1922 822 1991 angeli,
844 1932 1022 1988 neque
1037 1917 1295 1980 virtutes,
1318 1931 1497 1985 neque
1520 1915 1803 1981 instantia,
1829 1929 2004 1984 neque

2111 1894 2241 1964 γὰρ,
2293 1896 2480 1964 φησιν,
2525 1897 2607 1949 ὅτι
2636 1895 2759 1950 οὔτε
2785 1897 3036 1963 θάνατος,
3063 1897 3186 1951 οὔτε
3212 1899 3352 1970 ζωὴ,
3383 1899 3508 1952 οὔτε
3537 1901 3690 1967 ἄγγε-

428 2015 632 2079 futura,
671 2027 850 2080 neque
893 2008 1148 2074 altitudo,
1197 2022 1378 2077 neque
1428 2006 1785 2076 profundum,
1829 2021 2011 2074 neque

418 2110 680 2158 *ereatura
716 2101 824 2155 alia
866 2099 1074 2169 poterit
1108 2113 1209 2152 nos
1234 2112 1492 2167 separare
1519 2113 1549 2150 a
1581 2097 1855 2151 cbaritate
1887 2096 2007 2162 Dei,

423 2209 550 2264 qua:
580 2201 660 2248 est
703 2191 756 2244 in
793 2190 1015 2245 Christo
1046 2188 1176 2243 Jesu
1211 2187 1446 2241 Domino
1490 2195 1683 2241 nostro
1709 2188 1774 2240 ³⁸.
1811 2206 1828 2238 ›
1861 2185 2010 2241 Con-

428 2286 716 2354 templare,
755 2281 953 2344 amice,
996 2281 1309 2351 apostolica:
1351 2279 1638 2334 charitatis
1680 2280 1953 2333 flammam
1993 2296 2007 2332 :

427 2391 593 2430 cerne
650 2372 854 2427 amoris
906 2370 1103 2426 facem.
1144 2368 1273 2426 Non
1317 2379 1595 2440 exspecto,
1641 2369 1843 2440 inquit,
1889 2386 2010 2440 quae

428 2465 578 2519 illius
605 2472 754 2526 sunt,
799 2463 894 2518 sed
931 2464 1111 2532 ipsum
1144 2461 1321 2515 solum
1361 2461 1638 2523 desidero,
1683 2470 1739 2515 et
1761 2476 2007 2516 amorem

427 2559 575 2614 hunc
600 2557 941 2627 restinguere
961 2568 1206 2624 nequeo:
1227 2554 1361 2623 quin
1384 2553 1616 2623 optarim
1643 2553 2009 2608 libentissime

425 2650 790 2722 praesentibus
848 2647 1159 2717 futurisque
1213 2645 1374 2700 bonis
1426 2660 1652 2710 carere,
1707 2660 1770 2699 ac
1829 2644 2006 2700 tristia

424 2743 608 2798 omnia
637 2752 694 2798 et
735 2755 884 2796 nunc
927 2739 1162 2811 perpeti,
1222 2748 1278 2794 et
1329 2739 1527 2792 iterum
1575 2737 1783 2802 subire,
1835 2746 1888 2790 ut
1928 2736 2011 2790 in-

424 2835 752 2890 exstinctam
785 2833 950 2887 liceat
970 2830 1246 2884 ﬂammam
1271 2830 1430 2883 istam
1461 2827 1842 2883 circumferre.
1879 2827 2007 2882 Haec

424 2943 555 2985 vero
577 2943 689 2982 non
715 2924 854 2980 dixit
875 2921 1039 2978 modo
1059 2921 1282 2976 divinus
1302 2921 1394 2975 hic
1413 2921 1516 2986 vir,
1543 2921 1638 2976 sed
1659 2921 1838 2990 reipsa
1863 2936 2007 2990 pra:-

419 3019 586 3085 stitit,
616 3024 675 3072 et
705 3015 909 3086 passim
943 3021 1088 3068 terra
1115 3013 1362 3083 marique
1395 3021 1750 3068 monumenta
1783 3012 2008 3082 reliquit

417 3124 617 3165 eorum
653 3123 776 3178 qua:
809 3121 1004 3176 passus
1031 3113 1137 3160 est.
1160 3105 1221 3160 In
1247 3105 1396 3159 hunc
1420 3111 1583 3174 atque
1606 3105 1662 3158 in
1695 3105 1831 3159 alios
1863 3117 2005 3176 quo-

422 3217 530 3271 que
554 3201 797 3261 intuens,
819 3196 1180 3266 patriarchas,
1199 3196 1517 3266 prophetas,
1543 3197 1841 3266 apostolos,
1861 3213 2008 3250 mar-

408 3303 594 3364 e'tyres,
635 3289 972 3354 sacerdotes,
995 3287 1237 3360 jucunda
1279 3288 1436 3342 valde
1468 3288 1713 3343 arbitror
1746 3305 1870 3358 qua:
1902 3289 2002 3343 tri-

421 3383 526 3438 stia
557 3380 964 3436 existimantur.
989 3378 1273 3434 Erubesco
1296 3378 1468 3442 enim,
1490 3377 1688 3444 fateor,
1715 3377 1884 3432 etiam
1909 3393 2004 3433 eos

422 3476 517 3546 qui
554 3473 669 3529 haec
689 3472 914 3526 minime
947 3471 1277 3536 didicerant,
1299 3469 1396 3525 sed
1422 3487 1450 3525 a
1477 3470 1590 3525 sola
1615 3479 1813 3525 natura
1837 3471 2006 3524 duce-

423 3567 642 3631 bantur,
671 3566 726 3619 in
747 3563 969 3618 virtutis
979 3577 1210 3633 quoque
1233 3561 1634 3616 certaminibus
1652 3561 1999 3615 excelluisse.

418 3653 567 3709 Nam
616 3661 672 3708 et
719 3651 935 3722 1084
971 3651 1226 3706 Socrates
1274 3651 1366 3704 illc
1413 3650 1774 3720 Sophronisci
1833 3650 2001 3716 filius,

418 3760 547 3801 cum
581 3759 679 3813 per
700 3742 1026 3796 calumniam
1058 3756 1184 3797 reus
1216 3751 1365 3796 esset
1393 3741 1593 3805 factus,
1620 3750 1676 3795 et
1707 3747 1999 3795 accusato-

419 3851 544 3891 rum
582 3833 866 3888 mendacia
897 3832 1210 3902 spernebat,
1252 3842 1308 3886 et
1345 3833 1399 3886 in
1434 3832 1699 3902 gravibus
1740 3829 2004 3886 aerumnis

419 3927 590 3982 animi
614 3924 1068 3995 tranquillitatem
1083 3924 1425 3980 ostendebat
1451 3925 1721 3979 clamans:
1751 3943 1769 3974 ‹
1791 3924 2002 3995 Anytus

418 4030 477 4077 ct
524 4019 742 4075 Melitus
787 4019 1037 4074 occidere
1087 4019 1313 4088 quidem
1364 4032 1451 4072 me
1509 4025 1757 4087 possunt,
1801 4033 2001 4072 nocere

405 4123 604 4170 autem
643 4129 753 4167 non
801 4119 1050 4182 possunt.
1095 4130 1113 4162 ι
1160 4110 1234 4163 Et
1267 4108 1603 4163 Paeaniensis
1644 4117 1860 4175 orator,
1904 4110 1999 4180 qui

417 4203 672 4259 oratoria:
715 4201 963 4256 facultati
1005 4198 1257 4270 adjunxit
1303 4199 1745 4268 philosophiam,
1789 4199 1932 4255 hanc
1985 4203 2000 4218 ⁰

417 4310 636 4365 quoque
664 4293 1015 4355 sententiam,
1041 4299 1097 4346 et
1117 4291 1217 4345 aevi
1235 4290 1323 4346 sui
1348 4290 1688 4355 hominibus,
1714 4299 1768 4345 et
1799 4291 2001 4345 futuris

415 4386 474 4440 in
525 4394 806 4456 posterum
849 4383 1050 4438 effatus
1099 4389 1230 4436 est:
1280 4401 1305 4432 τ
1339 4381 1636 4436 Terminus
1677 4382 1824 4435 enim
1874 4383 2000 4436 Viue

415 4477 675 4530 omnibus
713 4472 1033 4528 hominibus
1073 4488 1222 4528 mors
1245 4481 1354 4539 est,
1399 4473 1532 4528 licet
1572 4473 1626 4526 in
1677 4473 1877 4527 cellula
1908 4488 1997 4527 se-

2113 1983 2217 2047 λοι,
2277 1983 2403 2037 οὔτε
2450 1986 2729 2056 δυνάμεις,
2767 1985 2890 2041 οὔτε
2927 1988 3222 2055 ἐνεστῶτα,
3258 1989 3388 2040 οὔτε
3419 1989 3688 2058 μέλλοντα,

2112 2075 2236 2137 οὔτε
2297 2077 2528 2150 ὕψωμα,
2583 2079 2707 2132 οὔτε
2760 2080 2942 2151 βάθος,
2991 2080 3116 2134 οὔτε
3168 2099 3253 2144 τις
3293 2082 3478 2144 κτίσις
3537 2082 3689 2152 ἐτέρα

2111 2169 2406 2240 δυνήσεται
2439 2173 2587 2242 ἡμᾶς
2625 2172 2856 2242 χωρίσαι
2883 2173 2990 2224 ἀπὸ
3015 2173 3114 2242 τῆς
3150 2173 3379 2243 ἀγάπης
3418 2173 3509 2225 τοῦ
3540 2173 3688 2237 Θεοῦ,

2111 2261 2210 2332 τῆς
2260 2264 2318 2316 ἐν
2378 2263 2597 2334 Χριστῷ
2645 2264 2816 2335 Ἰησοῦ
2857 2263 2933 2334 τῷ
2978 2265 3168 2336 Κυρίῳ
3197 2265 3381 2336 ἡμῶν.
3415 2285 3434 2316 ι
3478 2265 3690 2337 Θεώρηο

2115 2371 2226 2420 σον,
2262 2348 2307 2408 ὧ
2336 2356 2581 2427 φιλότης,
2609 2357 2708 2428 τῆς
2737 2358 3104 2427 ἀποστολικῆς
3133 2359 3363 2430 ἀγάπης
3379 2357 3481 2428 τὴν
3497 2359 3690 2426 φλόγα·

2113 2447 2278 2517 βλέπε
2325 2445 2419 2500 τοῦ
2475 2449 2677 2518 ἔρωτος
2726 2449 2816 2501 τὸν
2881 2450 3108 2520 πυρσόν.
3185 2451 3304 2503 Οὐκ
3372 2449 3691 2521 ὀριγνῶμαι,

2113 2539 2264 2608 φησὶ,
2304 2540 2411 2592 τῶν
2446 2539 2632 2604 αὐτοῦ,
2668 2539 2783 2592 ἀλλ’
2809 2540 2973 2593 αὑτὸν
3006 2543 3167 2612 μόνον
3208 2541 3400 2595 ποθῶ·
3441 2543 3536 2595 καὶ
3576 2543 3694 2594 τοῦ-

2109 2647 2200 2684 τον
2230 2631 2290 2683 οὐ
2330 2631 2563 2701 δύναμαι
2594 2632 2931 2685 κατασϐέσαι
2964 2633 3053 2686 τὸν
3083 2632 3295 2703 ἔρωταο
3329 2634 3450 2686 ἀλλ’
3480 2633 3693 2705 ἐλοίμην

2109 2720 2176 2774 ἂν
2230 2722 2443 2794 ἥδιστα,
2498 2724 2590 2776 καὶ
2642 2723 2750 2778 τῶν
2795 2724 3100 2793 παρόντων,
3132 2725 3365 2778 καὶτῶν
3401 2724 3695 2794 μελλόντων

2109 2814 2363 2869 ἐκπεσεῖν
2413 2815 2656 2884 ἀγαθῶν,
2713 2817 2807 2870 καὶ
2844 2819 2952 2870 πᾶν
2977 2817 3156 2870 ότιοῦν
3183 2817 3444 2885 ἀλγεινὸν
3483 2817 3578 2871 καὶ
3606 2818 3695 2871 νῦν

2111 2903 2321 2970 παθεῖν,
2360 2905 2455 2957 καὶ
2485 2901 2642 2970 αὖθις
2672 2907 2982 2976 ὑπομεῖναι,
3011 2906 3150 2960 ὥστε
3186 2907 3400 2980 ταύτην
3439 2910 3697 2963 ἄσϐεστον

2109 2996 2427 3069 περιφέρειν
2472 2997 2573 3068 τὴν
2619 2998 2812 3068 φλόγα.
2863 2999 3048 3053 Ταῦτα
3098 2999 3153 3053 δέ
3195 3001 3256 3053 οὐ
3311 3002 3476 3072 μόνον
3528 2999 3694 3064 εἶπεν.

2108 3087 2244 3141 ἀλλὰ
2277 3088 2371 3141 καὶ
2392 3089 2648 3160 δέδρακεν
2685 3091 2714 3142 ό
2739 3089 2879 3151 θεῖος
2907 3087 3058 3155 οὗτος
3091 3092 3252 3163 ἀνὴρ,
3293 3093 3394 3148 καὶ
3425 3094 3698 3164 πανταχοῦ

2107 3177 2214 3246 γῆς
2269 3179 2364 3231 καὶ
2403 3178 2670 3250 θαλάττης
2709 3183 2950 3250 μνημεῖα
2980 3180 3089 3234 τῶν
3115 3182 3468 3252 παθημάτων
3492 3183 3698 3236 κατέλι-

2108 3289 2229 3328 πεν.
2261 3275 2356 3342 Ei;
2381 3273 2592 3342 τοῦτον,
2628 3275 2720 3328 καὶ
2755 3275 2941 3344 μέντοι
2972 3275 3062 3328 καὶ
3097 3278 3178 3340 είς
3202 3278 3338 3342 τοὺς
3370 3278 3568 3342 ἄλλους
3597 3279 3698 3349 ἀφ-

2105 3366 2268 3437 ορῶν,
2297 3368 2662 3438 πατριάρχας,
2691 3369 2996 3444 προφήτας,
3019 3369 3378 3435 ἀποστόλους,
3418 3371 3722 3442 μάρτυρας,

2107 3457 2308 3527 ἱερέας,
2371 3458 2592 3530 θυμήρη
2642 3457 2764 3513 λίαν
2807 3459 3054 3530 ἠγοῦμαι
3102 3459 3171 3512 τά
3194 3462 3542 3533 νομιζόμενα
3577 3480 3700 3515 σκυ-

2105 3547 2323 3620 θρωπά.
2375 3549 2714 3621 Αἰσχύνομαι
2763 3550 2893 3622 γὰρ,
2921 3551 3186 3622 ὁμολογῶ,
3223 3554 3322 3606 καὶ
3367 3557 3497 3619 τοὺς
3530 3554 3698 3607 ταῦτα

2109 3639 2207 3707 μὲν
2221 3638 2424 3708 ἥκιστα
2463 3641 2865 3712 μεμαθηκότας,
2887 3642 2990 3693 ὑπὸ
3012 3642 3068 3695 δὲ
3094 3645 3262 3715 μόνης
3289 3646 3700 3716 ποδηγηθέντας

2105 3730 2203 3799 τῆς
2255 3732 2493 3800 φύσεως,
2545 3732 2639 3784 καὶ
2670 3733 2727 3785 ἐν
2755 3735 2867 3796 τοῖς
2898 3734 3074 3802 ἀγῶσι
3107 3735 3206 3805 τῆς
3234 3738 3448 3808 ἀρετῆς
3474 3739 3700 3808 διαπρέ-

2103 3823 2333 3892 ψαντας.
2380 3824 2488 3876 Καὶ
2541 3822 2648 3895 γὰρ
2676 3824 2974 3895 Σωκράτης
2998 3826 3207 3890 ἐκεῖνος
3232 3829 3259 3880 ό
3286 3830 3702 3901 Σωφρονίσκου,

2101 3915 2202 3986 τὴν
2228 3916 2326 3986 τῆς
2355 3919 2721 3987 συκοφαντίας
2750 3919 3050 3990 ὑπομείνας
3069 3920 3313 3991 γραφὴν,
3345 3923 3443 3975 καὶ
3469 3924 3572 3993 τῆς
3594 3921 3702 3974 τῶν

2103 4011 2428 4080 κατηγόρων
2475 4012 2798 4082 κατεφρόνει
2823 4011 3199 4082 ψευδολογίας,
3233 4014 3332 4068 καὶ
3367 4016 3474 4086 τὴν
3509 4016 3569 4068 ἐν
3593 4016 3704 4076 τοῖς

2102 4104 2292 4166 δεινοῖς
2331 4104 2596 4177 εὐψυχίαν
2645 4104 2884 4160 ἐδείκνυε
2939 4107 3109 4178 βοῶν’
3172 4128 3190 4160 ι
3229 4110 3470 4174 Ἀνυτος
3514 4111 3573 4165 δὲ
3611 4110 3704 4164 καὶ

2103 4197 2335 4261 Μέλιτος
2381 4198 2697 4252 ἀποκτείναι
2754 4198 2852 4270 μὲν
2889 4201 3143 4254 δύνανταί
3178 4218 3266 4271 με,
3303 4201 3519 4272 βλάψαι
3553 4203 3613 4256 δὲ
3644 4204 3704 4257 οὐ

2101 4289 2378 4343 δύνανται.
2412 4307 2431 4342 ι
2487 4291 2599 4343 Καὶ
2625 4293 2652 4344 ό
2683 4291 2972 4356 Παιανιεὺς
2999 4293 3056 4346 δέ
3089 4294 3296 4365 ῥήτωρ,
3323 4298 3392 4367 τῇ
3430 4297 3703 4366 ῥητορικῇ

2101 4378 2364 4449 δεινότητι
2393 4379 2712 4449 φιλοσοφίαν
2731 4383 3020 4452 ἀναμίξας,
3045 4383 3136 4436 καὶ
3160 4384 3319 4454 τήνδε
3342 4386 3448 4452 τὴν
3475 4385 3708 4456 γνώμην

2102 4469 2198 4522 καὶ
2235 4473 2347 4533 τοῖς
2391 4472 2648 4545 τηνικάδε
2702 4471 3030 4544 ἀνθρώποις,
3074 4474 3167 4528 καὶ
3206 4478 3318 4539 τοῖς
3356 4479 3444 4540 είς
3471 4476 3706 4546 ὕστερον

411 4567 601 4637 ipsum
645 4566 918 4637 quispiam
956 4565 1204 4618 clausum
1252 4565 1549 4620 custodiat.
1584 4564 1815 4633 Oportet
1866 4579 1998 4634 ergo

2106 4561 2386 4627 ἐσομένοις
2455 4563 2869 4634 προσήνεγκεν·
2925 4583 2941 4616 ι
2980 4565 3161 4634 Πέρας
3216 4566 3317 4636 μὲν
3377 4568 3496 4637 γάρ
3557 4569 3708 4621 ἐστιν

414 4656 589 4712 bonos
613 4659 763 4710 viros
785 4657 929 4711 bona
957 4657 1140 4710 omnia
1166 4673 1386 4727 semper
1408 4671 1593 4727 agere,
1619 4656 1818 4710 bonam
1845 4669 2000 4724 spem

415 4749 751 4818 propositam
774 4748 1061 4813 habentes,
1077 4765 1202 4818 qua:
1223 4757 1406 4802 autem
1431 4747 1649 4801 dederit
1668 4747 1815 4799 Deus
1840 4744 2001 4798 forti-

416 4847 498 4893 ter
556 4841 850 4893 sustinere.
885 4858 903 4890 ι
947 4838 1055 4894 Sed
1089 4848 1145 4894 et
1189 4840 1295 4894 isto
1351 4835 1636 4905 antiquior
1678 4835 1996 4898 historicus,

412 4927 564 4984 Olori
613 4928 781 4983 (ilium
818 4929 962 4995 dico,
1002 4942 1128 4984 cum
1165 4929 1301 4983 alias
1340 4927 1544 4981 multas
1592 4924 1756 4978 laude
1805 4923 1999 4994 dignas

412 5021 716 5076 sententias
749 5021 950 5077 litteris
973 5020 1271 5084 mandarit,
1321 5027 1436 5074 tum
1485 5017 1628 5071 lianc
1660 5017 1808 5072 inter
1833 5021 1997 5072 (κείσ-

409 5127 502 5166 ras
530 5129 543 5166 :
583 5129 602 5162 ‹
630 5111 875 5167 Ferenda
901 5121 1172 5180 suntquae
1198 5126 1228 5164 a
1255 5109 1362 5165 diis
1379 5107 1637 5163 accidunt
1659 5109 1993 5175 necessario,

409 5218 533 5273 qua:
558 5201 628 5256 ab
659 5203 899 5258 inimicis
935 5201 1174 5256 fortiter.
1205 5219 1222 5251 ι
1250 5199 1396 5266 Quid
1414 5203 1603 5253 autem
1635 5200 1996 5270 philosophos

408 5308 804 5359 commemoro,
847 5301 904 5347 et
945 5291 1271 5354 historicos,
1322 5299 1377 5346 et
1425 5291 1713 5346 oratores?
1752 5289 1834 5345 llli
1893 5291 1993 5361 ipsi

406 5386 499 5455 qui
560 5384 952 5458 mythologiam
1006 5382 1244 5438 veritate
1308 5382 1582 5453 potiorem
1651 5383 1990 5450 habuerunt,

410 5474 611 5528 nmltas
642 5473 908 5527 fabulosis
940 5471 1352 5526 narrationibus
1381 5472 1546 5540 ptiles
1577 5473 1996 5529 adhortationes

407 5561 826 5639 admiscuerunt
857 5577 871 5614 :
908 5559 1186 5631 quomodo
1226 5569 1283 5614 et
1317 5559 1590 5614 llomcrus
1627 5561 1681 5614 in
1727 5561 1993 5615 carmini-

409 5648 512 5705 bus
545 5653 661 5706 suis
676 5650 990 5706 Graecorum
1011 5650 1477 5722 sapientissimum
1505 5650 1718 5706 inducit
1748 5651 1993 5721 seipsum

483 5849 525 5879 ³⁸
557 5848 712 5901 Rom.
749 5865 862 5915 vm,
886 5853 975 5916 55,
1017 5853 1106 5908 56.
1187 5856 1228 5887 ³¹
1261 5853 1398 5910 ibid.
1428 5851 1518 5910 57.
1595 5852 1638 5888 "
1660 5852 1800 5912 ibid.
1835 5853 1924 5922 38,
1965 5854 2052 5909 59.

2100 4648 2306 4705 ἅπασιν
2329 4652 2638 4723 ἀνθρώποις
2661 4654 2754 4707 τοῦ
2776 4653 2892 4726 βίου
2917 4656 2944 4708 ὁ
2968 4656 3216 4720 θάνατος,
3245 4657 3356 4711 κᾶν
3381 4661 3442 4712 ἐν
3468 4660 3707 4729 οἰκίσκῳ

2099 4757 2182 4803 τις
2228 4741 2391 4794 αὑτὸν
2439 4743 2734 4815 καθείρξας
2765 4749 2928 4817 τηρῇ.
2981 4749 3073 4800 Δεῖ
3115 4747 3211 4818 μὲν
3243 4750 3357 4820 γὰρ
3394 4750 3530 4815 τοὺς
3564 4752 3710 4818 ἀγα-

2102 4829 2228 4894 θοὺς
2261 4832 2462 4901 ἄνδρας
2516 4832 2785 4906 ἐγχειρεῖν
2832 4837 2931 4904 μὲν
2980 4836 3180 4890 ἅπασιν
3211 4838 3297 4891 ἀεὶ
3337 4843 3462 4902 τοῖς
3490 4839 3706 4902 καλοῖς,

2099 4923 2198 4989 τὴν
2249 4923 2457 4995 ἀγαθὴν
2501 4926 2969 4998 προϐαλλομένους
3002 4929 3215 4990 ἐλπίδα,
3255 4929 3455 4999 φέρειν
3487 4931 3534 4984 δ’
3574 4931 3612 4985 ὃ.
3645 4931 3712 4985 ἂν

2098 5014 2127 5065 ό
2185 5013 2316 5077 Θεὸς
2373 5010 2499 5086 διδῷ
2545 5017 2829 5084 γενναίως.
2867 5037 2883 5069 ι
2945 5019 3054 5072 Καὶ
3104 5019 3286 5085 μέντοι
3318 5021 3424 5073 καὶ
3457 5021 3709 5074 ότοότου

2099 5102 2466 5175 πρεσϐύτερος
2495 5107 2867 5176 συγγραφεὺς,
2896 5106 2988 5159 τὸν
3028 5106 3246 5176 Ὀλόρου
3271 5107 3449 5174 λέγω,
3500 5106 3710 5169 πολλὰς

2101 5195 2199 5264 μὲν
2240 5195 2333 5247 καὶ
2375 5193 2540 5258 ἄλλας
2571 5196 2922 5261 ἀξιεπαίνους
2960 5196 3164 5268 ἔγραψε
3190 5195 3460 5266 γνώμαςο
3491 5198 3556 5250 ἐν
3571 5199 3710 5267 parte

2095 5286 2151 5338 δέ
2194 5287 2287 5339 καὶ
2334 5284 2521 5354 τήνδε·
2571 5306 2588 5337 ε
2623 5285 2811 5354 Φέρειν
2844 5286 2899 5339 δέ
2927 5288 3031 5357 χρὴ
3056 5287 3123 5339 τά
3144 5303 3201 5339 τε
3231 5287 3406 5356 δαιμό
3421 5305 3502 5340 δια
3536 5301 3712 5355 αναγο

2097 5377 2289 5441 καίως,
2348 5378 2416 5431 τά
2467 5394 2525 5431 τε
2568 5377 2676 5432 ἀπὸ
2706 5379 2812 5431 τῶν
2842 5379 3096 5448 πολέμων
3127 5377 3422 5450 ἀνδρείως.
3460 5397 3478 5430 ι
3515 5379 3710 5432 Καιτέ

2096 5465 2242 5534 λέγω
2297 5466 2640 5537 φιλοσόφους,
2688 5467 2784 5520 καὶ
2841 5468 3214 5537 συγγραφέας,
3264 5466 3364 5519 καὶ
3411 5469 3705 5540 ρήτοραςς

2095 5559 2189 5612 καὶ
2216 5559 2325 5628 γὰρ
2358 5560 2407 5610 οί
2437 5561 2538 5630 τὴν
2567 5558 2894 5630 μυθολογίαν
2933 5561 3031 5629 τῆς
3057 5558 3312 5628 ἀληθείας
3347 5576 3705 5630 προτετιμη-

2095 5651 2273 5715 κότες,
2312 5649 2515 5714 πολλὰς
2572 5651 2691 5713 ταῖς
2751 5648 3094 5721 μυθολογίαις
3133 5649 3508 5720 ὀνησιφόρως
3561 5665 3710 5720 παρ-
