4056 6432
470 382 602 449 1201

1826 399 2188 464 EPISTOLA
2234 407 2397 468 XXI.

3581 416 3719 482 1202

462 495 696 560 αινέσεις
722 494 1015 569 ἀνέμιξανο
1048 499 1237 573 ὥσπερ
1277 504 1470 577 ἀμέλει
1521 507 1616 564 καὶ
1656 509 1905 583 Ὅμηρος
1935 504 2042 572 ὲδίὶ

2152 517 2288 586 apud
2314 519 2438 575 illos
2460 520 2529 576 ad
2554 523 2920 582 constantiam
2947 524 3279 583 excitantem
3303 525 3393 583 bis
3420 527 3605 585 verbis
3625 527 3669 558 ⁸³
3700 545 3716 581 :

460 599 618 708 δαξεν
665 602 724 656 ἑν
776 606 890 669 τοῖς
934 605 1134 677 λόγοις,
1170 610 1263 665 τὸν
1284 611 1393 668 τῶν
1435 613 1701 689 Ἑλλήνων
1731 620 2041 688 σοφώτατον
2080 623 2271 677 ἑαυτὸν
2299 627 2359 680 ὲν
2381 628 2611 697 ἐκείνοις
2676 634 2813 706 πρὸς
2875 636 3128 708 ἀνδρείαν
3149 635 3451 706 ἀλείφοντα.
3483 636 3642 706 Λέγει
3664 637 3720 691 δὲ

455 694 631 760 οὕτως
646 711 660 725 ·

459 806 689 894 {frigori-
808 813 1068 894 πλήξας,
1093 820 1345 894 κραδίην
1363 824 1631 892 ἠνίπαπε
1646 828 1814 894 μύθῳ
1832 842 1847 857 ⁶

466 876 707 934 Tentat);
721 880 820 950 δὴ,
839 876 1075 956 sapae/{3'-
1094 876 1192 943 κὶιι
1213 876 1504 962 wide};
1517 876 1823 952 "altario?
1837 898 2038 967 ἔτλης.

463 991 574 1044 Καὶ
613 992 750 1047 ἄλλα
791 995 849 1050 δὲ
883 999 1095 1066 τούτοις
1121 1006 1444 1076 προσόμοια,
1472 1008 1566 1062 καὶ
1592 1010 1744 1081 παρά
1775 1010 2036 1082 ποιητῶν,

461 1084 557 1172 διαὶ
601 1085 873 1157 ρητόρων,
922 1093 1015 1145 καὶ
1048 1095 1354 1167 φιλοσόφων
1399 1100 1597 1172 ῥᾳδίως
1643 1101 1708 1156 ἄν
1738 1120 1822 1166 τις
1851 1103 2042 1158 συλλέ-

464 1170 632 1274 ξειενζ
675 1175 792 1229 ἀλλ’
824 1179 955 1250 ἡμῖν
990 1181 1040 1234 oi
1070 1183 1202 1239 θεῖοι
1230 1186 1381 1257 λόγοι
1402 1170 1540 1261 πρὸς
1569 1194 1749 1249 πᾶσαν
1773 1192 2042 1264 ὠφέλειαν

460 1276 742 1331 αρκουσιν.

510 1352 640 1444 :Ka‘t
686 1356 861 1413 ταῦτα
904 1359 959 1414 δὲ
1002 1363 1239 1431 τέθεικα,
1273 1366 1442 1434 δεῖξαι
1465 1368 1767 1440 βουληθεὶς,
1796 1374 1872 1437 ὡς
1903 1375 2042 1444 ἄγαν

462 1442 689 1515 αἰσχρὸν
739 1449 850 1502 τῶν
901 1453 1000 1523 τῆς
1053 1454 1267 1522 φύσεως
1322 1458 1580 1532 μαθητῶν
1598 1464 1897 1537 ἡττηθῆναι
1918 1442 2046 1531 τοὺς

465 1542 810 1611 προφητικῆς
828 1542 922 1595 καὶ
965 1546 1329 1621 ἀποστολικῆς
1361 1555 1765 1624 μετεσχηκότας
1792 1557 2047 1612 διδασκα-

462 1624 604 1720 λίας,
656 1629 733 1699 τῷ
766 1635 1017 1706 σωτηρίῳ
1073 1638 1234 1693 πάθει
1265 1645 1714 1713 πεπιστευκότας,
1748 1649 1843 1703 καὶ
1872 1667 2045 1720 προσ·

466 1715 728 1809 μένοντας
755 1726 1032 1793 σωμάτων
1081 1728 1402 1799 ἀνάστασιν,
1434 1736 1529 1789 καὶ
1553 1736 1762 1809 φθορᾶς
1794 1715 2042 1795 ἀπαλλα-

2146 831 2335 911 get-tus
2364 836 2681 911 percutiens,
2708 847 2948 894 moestum
2977 840 3047 894 ad
3078 857 3168 894 cor
3196 839 3390 895 talibus
3418 841 3537 911 inﬁt
3566 861 3584 898 :

2146 901 2495 973 Perfer,'cor,
2522 908 2719 977 perfer,
2751 912 3020 980 quondam
3051 912 3303 981 graviora
3334 901 3523 967 tulisti.
3587 945 3594 951 ε

2145 1013 2215 1069 Et
2264 1016 2372 1071 alia
2416 1018 2642 1087 quidem
2678 1020 2766 1075 his
2796 1021 2996 1076 similia
3037 1022 3199 1078 facile
3253 1031 3340 1079 est
3373 1025 3603 1079 cuilibet
3651 1040 3718 1080 ex

2148 1107 2362 1175 poetis.
2412 1117 2469 1163 et
2509 1110 2853 1176 oratoribus,
2897 1119 2955 1166 et
2986 1112 3330 1183 philosophis
3362 1114 3660 1185 decerpere
3698 1132 3714 1169 :

2147 1194 2242 1248 sed
2277 1195 2439 1251 nobis
2461 1197 2529 1252 ad
2564 1214 2783 1255 omnem
2821 1202 3111 1257 utilitatem
3139 1202 3327 1257 divina
3358 1203 3577 1273 eloquia
3603 1205 3717 1259 suf~

2150 1285 2361 1343 licium.

2221 1379 2346 1434 Haec
2360 1395 2494 1435 vero
2527 1396 2698 1451 pauca
2730 1381 2855 1438 ideo
2882 1383 3096 1455 1085
3118 1384 3372 1454 produxi,
3394 1385 3724 1440 utostende-

2144 1482 2262 1521 rem
2290 1476 2446 1538 turpe
2469 1468 2765 1524 admodum
2802 1486 2947 1538 esse,
2985 1487 3017 1525 a
3040 1479 3251 1527 natura:
3271 1471 3555 1543 discipulis
3578 1472 3724 1527 vinci

2143 1572 2260 1624 eos,
2295 1559 2388 1629 qui
2421 1550 2761 1630 prophetica:
2797 1568 2856 1616 et
2896 1560 3208 1630 apostolicae
3235 1561 3503 1616 doctrinae
3548 1562 3723 1631 parti-

2143 1648 2297 1720 cipes
2338 1650 2587 1718 fuerunt,
2630 1652 2727 1723 qui
2769 1652 3068 1708 salutarem
3108 1653 3423 1724 passionem
3468 1653 3725 1709 credide-

2143 1750 2296 1806 runt,
2340 1758 2745 1814 corporumque
2786 1746 3252 1801 resurrectionem
3294 1754 3635 1814 exspectant,
3668 1755 3726 1801 ει

464 1808 587 1906 γῆν,
610 1811 705 1906 xal
726 1815 991 1906 χορηγίαν
1010 1818 1331 1891 ἀθανασίας,
1353 1828 1448 1879 καὶ
1472 1808 1719 1899 οὐρανῶν
1741 1832 2043 1902 βασιλείαν.

2152 1835 2524 1904 corruptionis
2535 1834 2943 1906 depulsionem,
2966 1843 3024 1891 et
3043 1836 3473 1892 immortalitatis
3492 1837 3722 1897 donum,

468 1899 577 1992 lfal.
626 1902 753 1967 τοὺς
804 1904 1150 1977 ἀθυμοῦντας
1175 1912 1355 1968 τοίνυν
1384 1916 1478 1969 ἐπὶ
1501 1921 1615 1982 τοῖς
1644 1899 2039 1992 θρυλληθείσιν,

465 1984 510 2044 ὦ
543 1993 668 2065 φίλη
698 1998 929 2072 κεφαλὴ,
958 2001 1381 2076 ψυχαγὼγησον,
1408 2008 1504 2062 καὶ
1529 2011 1655 2075 τοὺς
1678 1984 2046 2083 έφηδόμένουξ

466 2082 624 2154 εἴπερ
649 2103 734 2150 τις
760 2088 868 2160 ἄρα
895 2091 1031 2156 ἐστὶ,
1065 2092 1275 2158 δίδαξον
1301 2096 1375 2161 ὡς
1400 2099 1736 2170 γεγήθαμεν,
1775 2082 1869 2156 5ιαὶ
1912 2120 2046 2172 γαν-

466 2174 698 2246 νύμεθα,
751 2181 841 2233 καὶ
885 2182 1204 2255 χορεύομεν,
1240 2188 1335 2241 καὶ
1368 2189 1442 2253 ὡς
1469 2190 1639 2263 αὐτὴν
1674 2192 1780 2247 τῶν
1801 2194 2049 2265 οὐρανῶν

466 2265 566 2337 τὴν
618 2266 916 2339 βασιλείαν,
956 2273 1056 2343 τὴν
1107 2275 1473 2349 νομιζομένην
1520 2279 1926 2352 προσδεχόμεθα
1967 2300 2048 2337 τι·

471 2357 706 2429 μωρίαν.
1510 2362 1527 2368 ’

538 2450 659 2504 Ἵνα
676 2451 732 2504 δὲ
754 2453 848 2505 καὶ
875 2453 1114 2529 διδάξῃς,
1152 2455 1594 2529 θαυμασιώτατε,
1622 2464 1751 2528 τοῦς
1773 2464 2039 2533 ἀγνοοῦν·

467 2557 567 2603 τας
598 2541 745 2605 ὅπως
795 2544 1097 2616 φρονοῦμεν
1120 2588 1135 2613 ,
1173 2548 1281 2602 ἴσθι
1314 2550 1594 2605 πιστεύειν
1632 2554 1799 2624 ἡμᾶς,
1839 2554 1916 2619 ὼς
1943 2556 2049 2611 ta-

467 2629 764 2703 δάχθημεν,
781 2635 860 2697 εἰς
883 2635 972 2689 τὸν
990 2637 1231 2709 Πατέρα,
1270 2641 1362 2693 καὶ
1389 2639 1481 2695 τὸν
1506 2641 1655 2710 Υίὸν,
1684 2644 1777 2698 καὶ
1803 2645 1864 2699 τὸ
1887 2644 2047 2717 ἅγιον

470 2721 716 2793 Πνεῦμα.
759 2726 834 2778 Οὐ
885 2725 993 2798 γὰρ
1025 2729 1106 2792 είς
1147 2728 1240 2783 δύο
1284 2731 1458 2796 υἱοὺς,
1501 2731 1577 2796 ὥς
1614 2751 1757 2800 τινες
1788 2754 2049 2809 συκοφαν-

466 2811 671 2872 τοῦσιν,
718 2813 752 2886 ἢ
801 2815 1277 2889 ἐμαθητεύθημεν,
1325 2821 1359 2890 ἢ
1408 2821 1910 2898 ὲϐαπτίσθημεν,ἢ
1960 2846 2049 2881 m-

468 2904 753 2975 στεύομιν,
793 2905 825 2977 ἢ
869 2907 1145 2964 πιστεύειν
1169 2910 1497 2984 διδάσκομεν
1519 2931 1534 2945 ·
1585 2915 1702 2969 ἀλλ’
1731 2915 1924 2991 ὥσπερ
1952 2920 2048 2974 ἕνα

469 2994 628 3063 ίσμεν
661 2996 898 3068 Πατέρα,
932 3000 1027 3052 καὶ
1052 2997 1111 3051 ἓν
1131 2999 1286 3069 ἅγιον
1320 3002 1564 3074 Πνεῦμα,
1598 3004 1772 3072 οὕτως
1795 3007 1892 3062 ἕνα
1913 3009 2041 3063 Υίδν

466 3085 558 3138 τὸν
613 3086 816 3158 Κύριον
858 3088 1017 3158 ἡμῶν
1062 3092 1271 3162 Ἰησοῦν
1320 3094 1582 3164 Χριστὸν,
1633 3098 1726 3151 τὸν
1781 3102 2048 3174 μονογενῆ

464 3176 561 3230 τοῦ
610 3177 745 3232 Θεοῦ
794 3179 943 3248 Υἱὸν,
991 3181 1081 3235 τὸν
1129 3183 1629 3257 ξνανθρωπήσαντα
1671 3189 1808 3244 Θεὸν
1848 3170 2047 3262 Λόγονζ
2075 3170 2121 3232 C

467 3271 584 3324 Οὐκ
617 3272 931 3344 ἀρνούμεθα
976 3275 1158 3345 μέντοι
1191 3275 1292 3341 τὰς
1328 3277 1437 3332 τῶν
1477 3279 1695 3350 φύσεων
1735 3282 2044 3356 ἰδιότηταςο

466 3362 581 3416 ἀλλ’
604 3362 794 3437 ὥσπερ
817 3365 1037 3421 ἀσεϐεῖν
1055 3368 1350 3440 νομίζομεν
1368 3370 1497 3435 τοὺς
1526 3375 1609 3438 είς
1632 3373 1726 3428 δύο
1741 3377 1892 3439 υἱοὺς
1909 3377 2051 3431 διαιο

469 3458 699 3529 ροῦντας
729 3461 822 3516 τὸν
853 3461 951 3516 ἕνα
978 3463 1185 3540 Κύριον
1228 3465 1435 3536 Ἰησοῦν
1462 3468 1698 3538 Χριστόν
1723 3486 1737 3501 ⁸
1771 3470 1914 3525 οὕτω
1944 3473 2048 3540 τῆς

392 3564 399 3569 ’
466 3528 725 3620 ἀληθείας
767 3528 1474 3628 πολεμίους-ἀποκαλοῦμεν
1509 3528 1637 3624 τοὺς
1670 3562 1921 3632 συγχέειν

467 3640 660 3707 φύσεις
689 3644 1123 3715 ἐπιχειροῦντας.
1167 3648 1497 3720 ’Δσύγχυτον
1532 3651 1640 3724 γὰρ
1666 3652 1859 3708 ἕνωσιν
1887 3671 2048 3725 γεγε-

467 3733 663 3803 νῆσθαι
700 3734 1047 3808 πιστεύομεν,
1080 3739 1172 3793 καὶ
1203 3739 1361 3810 ἴσμεν
1387 3740 1511 3797 τίνά
1534 3760 1594 3797 τε
1624 3744 1729 3815 τῆς
1766 3746 2052 3819 ἀνθρωπό-

465 3839 652 3894 τητος,
692 3825 788 3879 καὶ
815 3826 936 3881 τίνα
971 3828 1075 3899 τῆς
1105 3829 1359 3901 θεότητος
1400 3833 1529 3889 ίδια.
1565 3835 1833 3909 Καθάπερ
1870 3840 1982 3911 γὰρ
2020 3840 2050 3892 ό

467 3913 775 3986 ἄνθρωπος,
808 3918 901 3973 τὸν
943 3921 1120 3975 κοινὸν
1167 3921 1332 3991 λέγω,
1364 3925 1427 3978 τὸ
1467 3924 1685 3994 λογικὸν
1717 3929 1814 3981 καὶ
1855 3928 2051 4001 θνητὸν

469 4004 630 4070 ζῶον,
660 4005 774 4078 ἔχει
798 4009 1119 4082 μὲνσψυχὴν,
1144 4012 1257 4084 ἔχει
1282 4013 1339 4068 δὲ
1370 4017 1550 4086 σῶμα,
1580 4017 1638 4072 ἒν
1668 4017 1726 4072 δὲ
1750 4018 1889 4082 ζῶον
1915 4024 2054 4076 νοεῖ-

466 4114 596 4152 ταν
636 4102 732 4155 καὶ
766 4104 800 4173 ἠ
843 4103 1076 4177 διαφορά
1122 4106 1235 4160 τῶν
1263 4107 1357 4162 δύο
1404 4112 1622 4178 φύσεων
1677 4110 1778 4164 οὐκ
1819 4114 1900 4176 είς
1955 4113 2051 4169 δύο

468 4189 737 4262 πρόσωπα
769 4193 982 4264 μερίζει
1007 4196 1100 4250 τὸν
1131 4197 1227 4251 ἕνα
1247 4214 1260 4228 ·
1287 4199 1346 4252 ὲν
1374 4197 1432 4252 δέ
1474 4216 1537 4269 γε
1584 4199 1663 4272 τῷ
1706 4202 1787 4255 ἑνὶ
1824 4205 1922 4257 καὶ
1948 4204 2050 4275 τὴν

357 4330 377 4350 ,
466 4284 568 4353 τῆς
590 4282 770 4356 ψυχῆς
816 4285 976 4356 ίσμεν
1014 4287 1314 4343 ἀθανασίαν
1335 4329 1352 4354 ,
1407 4295 1504 4345 xal.
1542 4291 1637 4346 τοῦ
1668 4291 1920 4369 σώματος
1950 4295 2051 4369 τὴν

469 4374 773 4447 θνητότητα
794 4392 809 4407 ·
856 4379 953 4433 καὶ
996 4379 1371 4452 ὁμολογοῦμεν
1412 4382 1514 4455 τὴν
1560 4382 1740 4456 ψυχὴν
1794 4385 2049 4458 ἀόρατον,

466 4464 662 4538 όρατδν
695 4465 753 4520 δι
788 4467 850 4521 τὸ
887 4466 1071 4540 σῶμα,
1113 4469 1173 4523 ἓν
1209 4470 1267 4524 δὲ
1312 4471 1472 4538 ζῶον,
1511 4471 1588 4538 ὡς
1630 4473 1788 4548 ἔφην,
1833 4475 2051 4546 λογικὸν

467 4553 605 4624 όμοῦ
640 4556 733 4610 καὶ
760 4555 953 4629 θνητόν
988 4576 1004 4591 ο
1040 4558 1183 4614 οὕτω
1212 4561 1303 4616 τόν
1340 4562 1546 4635 Κύριον
1576 4565 1733 4636 ήμῶν
1763 4568 1859 4621 καὶ
1893 4569 2048 4638 Θεὸν,

468 4645 563 4700 τὸν
583 4645 679 4700 τοῦ
703 4647 842 4702 Θεοῦ
864 4648 1011 4718 λέγω
1034 4650 1182 4718 Υἱὸν,
1227 4652 1320 4707 τὸν
1357 4656 1637 4729 Δεσπότην
1661 4659 1920 4730 Χριστὸν,
1953 4661 2052 4716 καὶ

472 4736 615 4807 μετά
641 4737 741 4810 τὴν
763 4739 1179 4814 ὲνανθρώπησιν
1204 4744 1302 4799 ἕνα
1336 4743 1496 4815 ίσμεν
1527 4745 1656 4800 Υἱόν
1687 4764 1698 4778 ·
1743 4748 2055 4820 ἀδιαίρετος

469 4827 580 4899 γὰρ
613 4830 648 4903 ἡ
676 4831 892 4898 ἓνωσις,
944 4830 1135 4906 ὥσπερ
1166 4834 1232 4907 δὴ
1269 4836 1365 4891 καὶ
1403 4836 1735 4908 ἀσύγχυτος.
1774 4840 1962 4912 Ἴσμεν
1993 4841 2053 4896 δὲ

469 4923 622 4994 ὅμως
657 4924 752 4977 καὶ
781 4922 842 4977 τὸ
874 4925 974 4995 τῆς
1004 4925 1258 4998 θεότητος
1301 4927 1560 5000 ἄναρχον,
1595 4931 1690 4984 καὶ
1733 4930 1793 4984 τὸ
1822 4932 1923 5003 τῆς
1955 4933 2053 4986 ἀν-

471 5016 821 5088 θρωπότητος
866 5017 1198 5087 πρόσφατον.
1256 5019 1321 5072 Ἦ
1354 5020 1455 5091 μὲν
1482 5021 1591 5093 γὰρ
1632 5022 1698 5075 ὲκ
1739 5023 2054 5095 σπέρματος

482 5107 738 5180 Ἀϐραὰμ
756 5108 852 5163 καὶ
875 5108 1039 5162 Δαϐὶδ
1070 5107 1151 5181 (ἐξ
1172 5110 1350 5164 αὐτῶν
1377 5112 1534 5184 γὰρὴ
1558 5113 1687 5182 ἀγῐα
1718 5114 2017 5187 Παρθένος)
2040 5132 2054 5146 ·

470 5202 506 5273 ἡ
536 5199 594 5254 δὲ
643 5198 762 5254 θεία
795 5202 957 5271 φύσις
999 5203 1063 5254 ὲκ
1104 5202 1199 5255 τοῦ
1223 5203 1359 5257 Θεοῦ
1400 5205 1496 5258 καὶ
1525 5204 1739 5276 Πατρός
1780 5206 1884 5278 πρὸ
1923 5206 2055 5261 αἰώ-

465 5306 601 5365 νων,
641 5290 911 5363 ἀχρόνους,
956 5291 1207 5360 ἀπαθῶς,
1250 5295 1512 5365 ἀτμήτως
1559 5296 1845 5369 ἐγεννήθη.
1893 5301 1955 5353 El
1995 5300 2053 5355 δὲ

472 5384 785 5456 ἀναιρεθείη
826 5384 1032 5457 σαρκὸς
1076 5386 1171 5440 καὶ
1211 5386 1463 5457 θεότητος
1492 5389 1553 5442 τὸ
1592 5388 1869 5463 διάφορον,
1914 5392 2055 5448 τίσιν

473 5476 659 5540 ὅπλοις
687 5478 1006 5549 χρησόμεθα
1029 5478 1171 5534 κατὰ
1208 5480 1417 5551 Ἀρείου
1440 5483 1534 5536 καὶ
1567 5484 1836 5555 Εὑνομῖου
1870 5503 2054 5558 παρα-

476 5570 831 5640 ταττόμενοι;
865 5574 984 5638 πῶς
1007 5573 1065 5628 δὲ
1092 5573 1274 5628 αὐτῶν
1302 5574 1401 5644 τὴν
1427 5575 1568 5631 κατά
1596 5576 1692 5631 τοῦ
1716 5578 2058 5648 Μονογενοῦς

477 5660 855 5733 καταλύσομεν
886 5663 1271 5737 βλασφημίανς
1300 5665 1414 5720 Νῦν
1436 5667 1545 5741 γάρ
1571 5669 1697 5738 τοὺς
1738 5670 1837 5742 μὲν
1864 5688 2056 5732 ταπει-

553 5817 598 5849 ³³
629 5818 822 5890 Odyss.
870 5820 957 5875 Ill.

2083 4519 2127 4574 D

2144 1931 2206 1979 et
2234 1939 2467 1995 regnum
2509 1925 2798 1982 oculorum.
2843 1924 3116 1992 Quocirca
3150 1942 3247 1982 eos
3282 1927 3376 1997 qui
3423 1927 3597 1996 sparsi
3630 1942 3725 1981 ru-
3770 1957 3785 1965 -

2145 2015 2317 2070 moris
2347 2030 2510 2071 causa
2541 2026 2673 2073 sunt
2703 2018 2761 2072 in
2792 2032 3053 2085 mmrore,
3091 2018 3273 2087 stude,
3293 2019 3491 2083 amice,
3523 2032 3725 2074 conso-

2146 2105 2250 2160 lari
2281 2124 2295 2159 :
2321 2107 2625 2177 gaudentes
2647 2116 2855 2174 autem,
2890 2111 2935 2163 si
2963 2108 3056 2180 qui
3080 2118 3228 2177 sunt,
3263 2109 3399 2165 doce
3432 2125 3533 2165 nos
3548 2110 3725 2165 laetari

2147 2204 2206 2253 et
2227 2198 2526 2265 exsultare,
2559 2199 2890 2270 tripudiare,
2914 2216 2978 2256 ac
3002 2209 3259 2271 tanquam
3295 2201 3472 2272 ipsum
3495 2218 3726 2273 regnum

2148 2291 2439 2357 caelorum,
2480 2290 2627 2347 istud
2661 2291 2812 2364 quod
2866 2292 3199 2366 supplicium
3233 2301 3448 2365 putant,
3495 2301 3727 2364 praesto-

2147 2382 2275 2439 lari.
3678 2454 3683 2459 δ

2217 2475 2511 2545 Caeterum,
2540 2484 2603 2533 ut
2634 2477 3081 2536 certioresetiam
3114 2480 3237 2537 illos
3262 2479 3447 2547 facias,
3472 2479 3559 2535 vir
3590 2493 3730 2550 pre-

2148 2567 2505 2635 stantissime,
2541 2569 2635 2640 qui
2659 2570 2915 2626 nesciunt
2940 2572 3074 2642 quid
3103 2572 3425 2637 sentiamus,
3456 2570 3595 2626 scito
3625 2584 3729 2624 nos

2148 2657 2399 2726 credere,
2434 2658 2580 2716 sicut
2604 2660 2788 2717 edocti
2811 2677 3025 2729 sumus,
3061 2661 3117 2716 in
3144 2662 3385 2727 Patrem,
3413 2669 3469 2715 et
3500 2658 3724 2725 Filium,
3808 2730 3817 2737 _

2148 2759 2206 2807 et
2231 2751 2497 2820 Spiritum
2527 2752 2932 2808 sanctum.Non
2952 2753 3100 2807 enim
3132 2753 3186 2808 in
3209 2752 3348 2807 duos
3372 2752 3559 2818 Filios,
3584 2750 3731 2805 sicut

2147 2844 2374 2914 quidam
2409 2845 2836 2912 calumniantur,
2865 2844 2954 2900 vel
2990 2844 3307 2911 didicimus,
3342 2842 3427 2898 vel
3462 2841 3727 2913 haptizati

2150 2949 2363 3000 sumus,
2400 2937 2489 2990 vel
2538 2934 2840 3000 credimus,
2886 2934 2972 2990 vel
3016 2933 3248 2989 credere
3280 2931 3545 2987 docemus
3581 2948 3596 2985 :
3628 2928 3725 2984 sed

2151 3026 2526 3082 sicutPatrem
2552 3040 2722 3081 unum
2745 3026 3019 3091 novimus,
3043 3034 3103 3081 et
3122 3040 3292 3080 unum
3314 3021 3581 3094 Spiritum
3604 3037 3730 3077 san-

2150 3123 2324 3182 ctum,
2355 3116 2436 3173 sic
2467 3132 2638 3171 unum
2665 3116 2888 3182 Filium,
2914 3118 2930 3139 ‘
2961 3114 3255 3170 Dominum
3272 3121 3522 3168 nostrum
3539 3110 3730 3166 Jesum

2149 3208 2455 3274 Christum,
2484 3207 2828 3278 unigenitum
2858 3205 2957 3262 Dei
2994 3205 3217 3271 Filium,
3249 3204 3595 3259 incarnatum
3631 3201 3726 3256 Dei

2150 3300 2415 3356 Verbum.
2450 3300 2785 3355 Naturarum
2831 3313 2963 3353 sane
3003 3296 3368 3368 proprietates
3406 3309 3516 3349 non
3558 3308 3728 3364 nega-

2151 3406 2276 3445 mus
2311 3407 2325 3443 :
2363 3389 2461 3445 sed
2494 3388 2639 3444 sicut
2664 3387 2831 3458 impie
2854 3387 2982 3443 illos
3002 3401 3166 3458 agere
3194 3399 3507 3451 censemus,
3540 3382 3636 3452 qui
3672 3381 3729 3436 in

2151 3480 2291 3535 duos
2310 3479 2479 3534 Filios
2500 3477 2756 3534 dividunt
2774 3491 2948 3532 unum
2968 3474 3262 3532 Dominum
3276 3481 3529 3529 nostrum
3543 3471 3731 3528 Iesum

2150 3570 2434 3628 Christum
2471 3585 2486 3623 :
2522 3569 2605 3624 sic
2642 3567 2895 3626 veritatis
2932 3567 3123 3623 hostes
3166 3579 3429 3621 vocamus
3461 3577 3581 3628 eos,
3630 3562 3730 3631 qui

2152 3672 2379 3719 naturas
2440 3660 2780 3717 confundere
2843 3667 3136 3715 conantur.
3182 3655 3531 3712 lnconl'usam
3579 3653 3741 3714 enim.

2152 3756 2413 3812 unionem
2455 3754 2655 3810 factam
2680 3751 2981 3817 credimus,
3018 3758 3070 3807 et
3105 3750 3356 3821 quaedam
3392 3748 3599 3803 scimus
3629 3745 3733 3799 hu-

2152 3842 2435 3917 manitatis
2459 3856 2583 3898 esse
2617 3841 2861 3912 propria,
2890 3840 3142 3911 quaedam
3167 3836 3492 3894 divinitatis.
3526 3835 3731 3903 Quem-

2151 3934 2450 3990 admodum
2477 3933 2626 3990 enim
2658 3932 2846 3999 homo,
2871 3946 3220 3989 communem
3242 3930 3389 3996 dico,
3417 3927 3623 3991 animal.
3640 3941 3738 3981 ηο-

2152 4026 2323 4081 tionis
2373 4024 2650 4096 particeps
2712 4032 2771 4080 et
2828 4024 3084 4089 mortale,
3134 4022 3375 4079 animam
3433 4019 3622 4083 habet,
3673 4028 3732 4074 et
3824 4078 3837 4089 ,

2152 4130 2356 4186 corpus
2377 4114 2567 4180 habet,
2594 4129 2769 4169 unum
2791 4129 2926 4169 vero
2948 4113 3150 4169 animal
3173 4112 3521 4182 intelligitur,
3553 4109 3738 4164 diver-o

2152 4206 2399 4276 sitasque
2428 4212 2755 4260 naturarum
2777 4204 2838 4259 in
2861 4203 3002 4259 duas
3021 4217 3195 4258 unum
3222 4217 3490 4273 personas
3516 4216 3628 4255 non
3652 4200 3738 4255 di-

2153 4296 2327 4363 vidit;
2383 4296 2442 4353 in
2498 4311 2611 4352 uno
2658 4305 2867 4362 autem,
2911 4305 2969 4351 et
3015 4294 3227 4350 anim
3262 4292 3736 4349 immortalitatem

2152 4388 2521 4463 agnoscimus,
2559 4397 2617 4445 et
2643 4388 2892 4459 corporis
2925 4386 3340 4451 mortalitatem,
3370 4384 3731 4440 conﬁtemur-

2153 4498 2262 4553 que
2305 4481 2522 4553 1086
2558 4481 2798 4536 animam
2826 4495 2949 4535 esse
2980 4478 3346 4543 invisibilem,
3372 4492 3575 4547 corpus
3602 4476 3739 4532 visi-

2157 4574 2290 4641 biie,
2327 4588 2497 4628 unum
2528 4587 2660 4627 vero
2687 4570 2910 4638 animal,
2944 4578 3008 4624 ut
3034 4569 3171 4636 dixi,
3195 4568 3465 4629 rationale
3493 4568 3658 4624 simul
3681 4576 3741 4623 et

2158 4667 2423 4723 mortale:
2448 4666 2529 4722 sic
2559 4663 2854 4720 Dominum
2889 4672 3142 4719 nostrum
3179 4670 3238 4718 et
3264 4661 3460 4725 Deum,
3497 4661 3616 4727 Dei,
3650 4661 3739 4716 in-
3802 4710 3831 4722 ..

2160 4774 2348 4830 quam,
2381 4757 2581 4812 Filium
2619 4754 2915 4811 Dominum
2939 4752 3250 4817 Christum,
3285 4752 3452 4808 etiam
3483 4759 3607 4821 post
3652 4751 3741 4805 in-

2161 4851 2537 4912 carnationem
2563 4848 2971 4915 “nummisz
2989 4863 3111 4906 esse
3132 4847 3356 4903 Filium.
3382 4845 3743 4903 Indivisibilis

2158 4944 2432 5016 siquidem
2455 4950 2542 4999 est
2564 4942 2717 5003 unio.
2739 4941 2885 4996 sicut
2907 4948 2963 4994 et
2985 4936 3292 4994 inconfusa.
3317 4935 3536 4993 Scimus
3558 4945 3742 4991 tamen

2159 5045 2216 5092 et
2253 5034 2535 5110 principio.
2569 5048 2762 5099 carere
2791 5031 3169 5096 Divinitatem,
3210 5036 3266 5084 et
3299 5027 3598 5083 novissime
3627 5041 3741 5081 cae-

2161 5128 2308 5197 pisse
2333 5126 2757 5191 humanitatem.
2785 5125 2911 5180 Haec
2928 5123 3076 5178 enim
3105 5138 3173 5176 ex
3196 5120 3408 5176 semine
3428 5118 3663 5174 Abrahae
3686 5124 3743 5171 et

2162 5217 2384 5285 Davidis
2427 5217 2521 5289 (ex.
2553 5217 2638 5272 his
2665 5218 2869 5286 quippe
2897 5223 3087 5270 sancta
3125 5200 3348 5284 Virgo),
3382 5212 3568 5267 divina
3604 5222 3743 5263 vero

2164 5316 2359 5367 natura
2388 5322 2455 5361 ex
2486 5307 2600 5366 Deo
2627 5314 2683 5361 et
2712 5307 2893 5368 Patre,
2927 5313 3054 5358 ante
3075 5302 3293 5365 saecula,
3321 5300 3440 5355 sine
3471 5306 3741 5368 tempore,

2162 5399 2280 5454 sine
2309 5397 2584 5471 passione,
2610 5398 2729 5452 sine
2753 5397 3024 5453 divisione
3042 5394 3226 5466 genita
3251 5402 3353 5448 cst.
3379 5391 3535 5458 Quod
3562 5391 3607 5446 si
3633 5391 3741 5446 tol-

2165 5492 2311 5550 latur
2348 5489 2529 5544 carnis
2569 5498 2626 5544 et
2662 5487 2976 5543 Diviuitatis
3024 5484 3359 5549 diﬂ‘ercntia,
3409 5482 3744 5553 quibusnam

2165 5581 2333 5638 armis
2365 5581 2632 5637 adversus
2663 5580 2856 5635 Arium
2888 5590 2944 5636 et
2972 5576 3304 5634 Eunomium
3338 5575 3745 5646 pugnabiinus?

2163 5672 2443 5743 quomodo
2471 5672 2692 5729 illorum
2727 5679 2917 5729 contra
2946 5670 3300 5743 Unigenitum
3339 5658 3737 5753 blasphemiam
