4056 6420
353 420 492 493 1203

1357 433 1402 490 Τ
1406 435 1844 496 IIEODORETI
1879 437 2217 500 EPISCOPI
2246 439 2610 500 CYRENSIS

3473 433 3606 500 1204

342 539 730 593 destruemus?
757 538 912 592 Nunc
935 539 1082 592 enim
1113 538 1340 591 humilia
1369 555 1710 610 quaecunque
1734 541 1802 595 de
1827 542 1907 596 illc

2024 549 2146 609 νούς
2175 546 2281 599 τῶν
2310 545 2483 614 λόγων
2509 545 2586 607 ὡς
2621 539 2896 612 ἀνθρώπῳ
2936 537 3347 610 προσάπτομεν,
3392 541 3518 603 τοὺς
3553 545 3610 598 δὲ

347 631 626 695 dicuntur,
663 640 721 684 ut
754 630 960 683 homini
996 630 1317 699 adaptamus
1356 648 1367 682 :
1403 631 1662 686 sublimia
1690 648 1822 687 vero
1862 641 1918 686 et

348 723 516 776 Deum
551 722 822 786 decentia,
871 731 931 776 ut
967 723 1076 776 Deo
1105 740 1117 775 :
1146 723 1224 776 sic
1268 721 1442 777 facilis
1488 740 1714 792 prorsus
1758 725 1919 779 nobis

344 827 427 868 est
463 815 710 868 veritatis
737 815 1155 870 demonstratio.
1197 815 1396 869 Verum
1421 815 1637 869 excedit
1673 817 1918 886 epistolae

348 921 657 960 mensuram
696 905 998 976 disputatio
1025 905 1094 960 de
1128 905 1253 959 fide.
1291 904 1580 959 Sufﬁciunt
1611 914 1793 961 autem
1831 908 1915 960 vel

346 1012 513 1064 pauca
568 999 681 1052 haec
724 998 890 1052 verba
932 998 998 1051 ad
1041 996 1396 1051 indicandum
1434 997 1744 1066 apostolicae
1789 996 1914 1052 ﬁdei

343 1085 739 1140 characterem.

747 1196 913 1252 XXII.
945 1229 1013 1237 —-
1041 1197 1270 1269 Ulpiano
1301 1199 1498 1252 comiti.

411 1309 774 1362 Sermonibus
822 1309 977 1363 aiunt
1018 1324 1126 1362 non
1173 1309 1312 1362 bene
1351 1307 1686 1377 compositos
1734 1322 1917 1360 mores

340 1400 624 1454 emendari
649 1407 704 1453 et
733 1400 988 1454 meliores
1013 1398 1189 1453 reddi.
1220 1399 1349 1452 Mihi
1375 1414 1506 1451 vero
1533 1398 1790 1451 videntur
1823 1399 1915 1467 qui

342 1503 489 1546 recte
521 1507 551 1545 a
580 1501 776 1546 natura
799 1491 1087 1560 temperati
1115 1500 1262 1552 sunt,
1298 1489 1398 1560 ipsi
1425 1489 1606 1560 potius
1633 1504 1918 1543 sermones

341 1600 560 1647 ornare,
585 1592 640 1638 et
661 1584 845 1638 verbis
865 1599 1000 1653 opus
1019 1599 1130 1636 non
1155 1582 1356 1636 habere
1382 1603 1393 1634 :
1419 1580 1560 1636 sicut
1579 1591 1636 1634 et
1661 1595 1914 1649 corpora,

341 1691 462 1744 qua:
499 1675 732 1730 feliciter
774 1683 900 1729 nata
928 1682 1074 1738 sunt,
1118 1673 1372 1728 ascititiis
1422 1673 1703 1728 coloribus
1749 1674 1760 1693 ‘
1806 1688 1917 1726 non

339 1776 521 1835 egent.
570 1765 665 1820 IIis
713 1782 843 1822 sane
882 1766 1114 1820 illustris
1156 1775 1239 1820 est
1282 1765 1684 1820 disertissimus
1730 1774 1918 1819 orator

338 1854 686 1908 Athanasius.
715 1855 820 1910 Sed
845 1871 930 1909 mc
951 1855 1190 1925 amplius
1206 1854 1522 1918 delectavit,
1542 1853 1688 1922 quod
1717 1853 1918 1907 ardens

336 1956 418 2000 cst
446 1955 655 2000 amator
685 1947 1103 2017 magnificentiae
1125 1946 1337 2018 1087
1369 1953 1493 2000 tum.
1520 1945 1736 1999 Laudes
1763 1945 1912 2000 enim

339 2047 459 2091 tuas
493 2037 792 2108 przedicare
829 2054 937 2092 non
971 2049 1169 2094 cessat.
1205 2040 1318 2110 Ego
1349 2055 1482 2093 vero
1509 2054 1634 2093 cum
1660 2038 1753 2093 illo
1780 2055 1914 2094 con-

335 2126 588 2193 tendens,
621 2136 677 2181 et
709 2143 797 2182 res
825 2135 948 2182 tuas
977 2143 1267 2190 enarrans,
1297 2127 1556 2182 laudibus
1603 2128 1912 2182 vincebam.

335 2217 496 2271 Plura
542 2218 690 2271 enim
736 2218 995 2287 praeclara
1052 2218 1303 2274 facinora
1353 2227 1445 2274 tua
1479 2220 1628 2274 novi.
1683 2218 1916 2274 Crucior

333 2317 537 2373 autem,
564 2310 709 2378 quod
749 2319 839 2364 tua
860 2311 1047 2364 omnia
1077 2326 1188 2365 non
1232 2309 1473 2373 laudem,
1506 2311 1602 2364 sed
1641 2311 1914 2364 bonorum

334 2409 497 2470 caput
541 2401 796 2456 laudibus
843 2401 955 2457 tuis
994 2402 1187 2456 deesse
1226 2400 1390 2455 video
1430 2419 1446 2454 :
1487 2401 1634 2471 quod
1687 2399 1910 2471 quidem

335 2492 596 2547 accedere
639 2493 682 2547 si
719 2495 863 2550 Deus
887 2493 1248 2558 concesserit,
1293 2493 1346 2547 in
1385 2494 1534 2547 omni
1570 2509 1768 2564 genere
1799 2495 1910 2547 vir-

336 2584 469 2639 tutis
495 2585 788 2655 imperium
813 2585 958 2656 apud
986 2600 1178 2641 omnes
1208 2585 1510 2652 obtinebis,
1539 2585 1630 2655 qui
1660 2585 1910 2641 eamdem

279 2696 295 2708 -
334 2688 512 2731 tecum
547 2680 714 2732 vitam
749 2678 977 2733 ducunt.

657 2787 845 2844 XXIII.
875 2789 1272 2845 —Areobindw
1301 2792 1544 2861 patricia.

403 2901 636 2956 Divitias
693 2909 751 2956 et
809 2909 1190 2972 paupertatem
1247 2902 1565 2956 hominibus
1626 2899 1913 2955 distribuit

333 2991 579 3045 omnium
595 2991 788 3061 Opifex
812 3001 869 3047 et
891 2993 1225 3057 Madet-ator,
1244 3009 1355 3047 non
1380 2993 1638 3064 injustam
1652 3007 1914 3047 exserens

333 3081 683 3144 sententiam,
719 3081 816 3136 sed
844 3081 1102 3136 utilitatis
1136 3082 1424 3136 materiam
1453 3080 1726 3136 divitibus
1751 3080 1909 3134 exhi-

333 3175 492 3238 bens,
525 3190 828 3244 pauperum
854 3183 1176 3245 egestatem.
1200 3173 1523 3243 Eodemque
1548 3173 1713 3228 modo
1743 3172 1910 3228 casti-

2020 638 2253 705 ὑψηλοὺς
2271 639 2364 691 καὶ
2383 637 2704 708 θεοπρεπεῑς
2725 635 2799 697 ὼς
2813 631 2951 703 Θεῷ,
2973 631 3064 685 καὶ
3080 629 3314 700 εὐπετὴς
3337 629 3380 700 (I
3393 630 3446 699 8)
3471 631 3609 698 ἄγαν

2019 730 2148 797 ἡμῖν
2170 729 2314 780 ἐστιν
2337 728 2369 797 ἡ
2393 727 2490 798 τῆς
2511 725 2767 796 ἀληθείας
2791 722 3082 788 ἀπόδειξις.
3117 720 3278 775 Ἀλλὰ
3297 721 3405 792 γὰρ
3436 721 3606 792 ὑπερ-

2019 818 2190 872 ϐαίνει
2232 819 2430 890 μέτρον
2469 817 2761 885 ἐπιστολῆς
2788 818 2816 868 ὁ
2851 814 2978 887 περὶ
3008 815 3110 882 τῆς
3151 814 3388 876 πίστεως
3426 813 3598 880 λόγος.

2032 911 2218 980 Ἀρκεῖ
2247 910 2304 962 δὲ
2333 909 2428 964 καὶ
2459 909 2527 962 τὰ
2548 909 2703 976 ὀλίγα
2727 906 2901 960 ταῦτα
2928 905 3170 976 ῥημάτια
3193 904 3362 972 δεῖξαι
3385 903 3478 956 τὸν
3505 904 3605 973 τῆς

2020 1005 2386 1075 άποστολικῆς
2419 1006 2656 1067 πίστεως
2691 1001 3038 1073 χαρακτῆρα.

2389 1199 2516 1253 ΚΒ⁰.
2547 1229 2612 1238 -
2647 1197 2967 1262 Οὐλπιανῷ
2995 1198 3227 1266 κόμητι.

2091 1311 2229 1372 Τοὺς
2261 1309 2451 1376 λόγους
2482 1308 2645 1378 φασὶν
2676 1308 2770 1360 καὶ
2800 1307 2869 1360 τά
2911 1306 3010 1359 οὐκ
3042 1301 3099 1358 εὖ
3142 1305 3462 1375 διακείμενα
3491 1304 3604 1357 τῶν

2017 1399 2163 1470 ἠθῶν
2196 1399 2619 1470 μεταρυθμίζειν
2649 1399 2740 1451 καὶ
2766 1397 2977 1468 ἀμείνω
3000 1399 3197 1453 ποιεῖν.
3241 1397 3395 1466 Ἐμοὶ
3431 1395 3486 1449 δέ
3515 1396 3603 1448 δο-

2019 1493 2123 1556 κεῖ,
2158 1491 2226 1543 τὰ
2261 1491 2406 1563 παρὰ
2425 1491 2523 1561 τῆς
2549 1491 2765 1560 φύσεως
2795 1493 2874 1555 είς
2908 1490 3101 1552 κάλλος
3128 1488 3425 1559 κραθέντα,
3456 1487 3602 1540 αὐτὰ

2023 1583 2147 1644 τοὺς
2169 1581 2363 1649 λόγους
2395 1584 2639 1652 κοσμεῖν,
2674 1583 2767 1634 καὶ
2801 1581 2874 1651 μὴ
2910 1581 3117 1634 δεῖσθαι
3149 1579 3436 1650 ρημάτωψ
3472 1576 3603 1629 καθ-

2021 1672 2160 1742 άπερ
2213 1671 2334 1724 οὑδέ
2376 1670 2445 1724 τὰ
2495 1667 2553 1724 εὖ
2602 1671 2888 1738 πεφυκότα
2932 1669 3042 1722 τῶν
3083 1669 3352 1739 σωμάτων
3410 1665 3600 1737 χρῄζει

2017 1760 2125 1814 τῶν
2150 1761 2484 1814 ἐπεισάκτων
2509 1762 2832 1831 χρωμάτων.
2873 1759 3097 1821 Τούτοις
3121 1763 3149 1812 ὁ
3171 1757 3599 1828 ἐλλογιμώτατος

1951 1887 1990 1940 Β
2033 1850 2348 1913 Ἀθανάσιος
2373 1853 2400 1902 ὁ
2433 1851 2617 1921 ῥήτωρ
2638 1848 3040 1920 λαμπρύνεται.
3063 1842 3203 1902 Ἧσε
3227 1850 3284 1901 δέ
3315 1865 3381 1918 με
3412 1847 3598 1908 πλέον,

2020 1943 2256 2014 ἐραστὴς
2295 1940 2493 2011 θερμὸς
2533 1942 2630 2011 τῆς
2674 1941 2948 2012 ὑμετέρας
2996 1939 3469 2012 μεγαλοπρεπείας
3507 1955 3601 2005 γε·

2021 2033 2215 2101 γονώς.
2260 2034 2370 2085 Ἀεὶ
2403 2035 2512 2104 γὰρ
2548 2033 2692 2104 ὑμᾶς
2727 2034 2991 2105 εὐφημῶν
3046 2032 3290 2086 διετέλει.
3332 2029 3594 2103 Ἀμιλλὼ-

2027 2141 2190 2193 μενος
2223 2123 2280 2176 δὲ
2311 2123 2441 2192 ἐγὼ,
2475 2125 2564 2177 καὶ
2587 2123 2800 2190 διεξιὼν
2832 2125 2901 2177 τὰ
2931 2125 3189 2196 ὑμέτερα,
3221 2127 3329 2186 τοῖς
3355 2124 3599 2185 ἐπαίνοις

2016 2214 2232 2268 ἐνίκων.
2281 2215 2509 2268 Πλείονα
2559 2215 2666 2287 γὰρ
2702 2217 2856 2286 ὑμῶν
2901 2216 3198 2286 ἐπίσταμαι
3238 2213 3597 2284 κατορθώμα-

2015 2325 2102 2360 τα.
2157 2306 2420 2377 ’Λνιῶμαι
2478 2307 2533 2360 δὲ
2577 2308 2650 2378 μὴ
2695 2310 2869 2360 πάντα
2910 2308 3162 2360 ’ἐπαινῶν
3204 2307 3272 2360 τά
3327 2306 3591 2376 ὑμέτερα,

2016 2399 2152 2453 ἀλλὰ
2184 2401 2244 2452 τὸ
2260 2400 2551 2467 κεφάλαιον
2568 2401 2675 2452 τῶν
2703 2400 2923 2469 ἀγαθῶν
2942 2401 3187 2453 ἐλλεῖπον
3209 2403 3320 2463 τοὶς
3346 2399 3593 2462 ἐπαίνοις

2014 2491 2156 2562 ὀρῶν
2183 2508 2195 2522 ’
2237 2491 2374 2562 ὅπερ
2417 2493 2464 2543 εἰ
2506 2491 2620 2562 δοίη
2675 2491 3071 2562 προσγενέσθαι
3111 2491 3270 2554 Θεὸς,
3313 2491 3369 2542 ἐν
3420 2490 3595 2544 ἅπασι

2014 2585 2125 2646 τοῖς
2174 2583 2273 2654 τῆς
2317 2583 2519 2654 ἀρετῆς
2567 2583 2734 2637 εἴδεσι
2790 2584 2931 2636 κατὰ
2995 2585 3214 2638 πάντων
3265 2585 3493 2652 σχήσετε
3533 2581 3596 2634 τὸ

2015 2676 2235 2746 κράτος,
2266 2675 2375 2728 τῶν
2397 2677 2494 2748 τὴν
2527 2677 2695 2750 αὐτὴν
2724 2678 2850 2749 ὑμῖν
2884 2676 3066 2748 βιοτὴν
3101 2675 3414 2747 μετιόντων.

2325 2793 2458 2868 ΚΡ.
2485 2823 2553 2832 -
2593 2792 2934 2862 Ἀρεοϐἰνδᾳ
2967 2793 3274 2859 πατρωίῳ.

2087 2900 2322 2954 Πλοῦτον
2347 2902 2441 2955 καὶ
2462 2903 2654 2957 πενίαν
2680 2905 2792 2966 τοῖς
2813 2902 3121 2973 ἀνθρώποις
3150 2901 3418 2971 διένειμεν
3438 2901 3467 2954 ό
3484 2900 3594 2953 τῶν

2013 2993 2150 3046 ὅλων
2179 2995 2523 3066 Δημιουργός
2555 3012 2614 3048 τε
2646 2996 2741 3048 καὶ
2774 2997 3062 3065 Πρύτανις,
3101 2994 3204 3046 οὐκ
3232 2993 3402 3063 ἀδίκῳ
3425 2993 3594 3062 ψήφῳ

2013 3085 2378 3154 χρησάμενος.
2435 3085 2549 3139 ἀλλ’
2582 3086 2838 3157 ἀφορμὴν
2865 3084 3131 3153 ὠφελείας
3167 3087 3278 3147 τοῖς
3317 3083 3593 3148 πλουσίοις

2012 3176 2288 3247 παρέχων,
2315 3177 2424 3230 τῶν
2455 3178 2704 3248 πενήτων
2739 3177 2840 3248 τὴν
2870 3177 3096 3230 ἔνδειαν.
3133 3175 3320 3239 Οὕτως
3356 3174 3452 3229 καὶ
3494 3174 3592 3238 τὰς

331 3265 578 3336 gationes
618 3265 938 3320 hominibus
970 3264 1202 3334 infligit,
1231 3280 1342 3320 non
1388 3273 1600 3319 tantum
1629 3271 1689 3317 ut
1720 3278 1907 3333 pmnas

2015 3269 2261 3331 παιδείας
2291 3271 2405 3331 τοῖς
2426 3269 2735 3341 ἀνθρώποις
2768 3269 2988 3337 ἐπάγει,
3021 3269 3080 3323 οὐ
3113 3269 3275 3340 μόνον
3299 3267 3456 3331 δίκας
3479 3267 3590 3320 τῶν

331 3358 510 3427 exigat
533 3357 1092 3423 delictorum,verum
1111 3359 1277 3412 etiam
1311 3367 1372 3412 ut
1407 3357 1787 3412 beneﬁcentiae
1805 3371 1905 3410 an-

332 3463 448 3501 sam
494 3449 741 3518 praebeat
784 3450 1084 3520 oplentis.
1135 3449 1278 3505 Cum.
1317 3465 1449 3519 ergo
1489 3448 1701 3518 ﬂagella
1746 3446 1908 3502 nobis

330 3543 614 3609 superiore
639 3556 786 3596 anno
817 3541 1114 3597 incusserit
1142 3541 1432 3604 Dominus,
1461 3541 1635 3595 multo
1663 3539 1752 3594 illa
1781 3538 1906 3608 qui-

329 3634 453 3686 dem
483 3634 724 3702 peccatis
763 3635 995 3698 leviora,
1032 3634 1129 3688 sed
1171 3633 1242 3688 ad
1282 3632 1609 3689 cruciandos
1639 3632 1909 3703 agricolas

329 3721 546 3784 idonea,
582 3721 650 3775 de
680 3721 884 3790 quibus
903 3722 1151 3790 proxime
1172 3737 1270 3791 per
1293 3721 1518 3776 colonos
1550 3728 1760 3775 vestros
1783 3735 1906 3774 eer-

331 3811 526 3864 tiorem
582 3809 708 3887 [cci
739 3811 1124 3865 excellentiam
1186 3820 1426 3866 vestram
1474 3829 1488 3864 :
1543 3810 1902 3876 miseremini,

326 3898 584 3963 obsecro,
604 3907 768 3954 terra
784 3900 1082 3965 cultorum,
1102 3901 1195 3970 qui
1223 3902 1468 3956 laborem
1492 3901 1903 3971 impenderunt,

324 3999 380 4042 et
416 3988 655 4041 fructum
698 3989 958 4058 exiguum
1010 3991 1374 4062 collegerunt.
1416 3993 1534 4048 Fiat
1567 3993 1725 4047 vobis
1772 3992 1904 4046 anni

324 4080 588 4135 sterilitas
607 4081 913 4151 Spiritualis
936 4082 1292 4140 abundantia
1309 4086 1548 4148 occasio,
1575 4093 1632 4140 et
1659 4085 1903 4138 divinam

324 4169 755 4226 misericordiam
789 4187 888 4241 per
920 4173 1364 4230 misericordiam
1403 4175 1562 4230 istam
1608 4173 1899 4243 capessite.

322 4261 618 4330 Propterea
655 4261 802 4317 enim
857 4263 1198 4318 clarissimus
1245 4282 1464 4335 quoque
1508 4263 1804 4334 Dionysius
1833 4265 1902 4319 ad

321 4353 716 4410 sublimitatem
746 4363 987 4411 vestram
1027 4357 1312 4426 profectus
1349 4366 1452 4418 est,
1487 4358 1713 4411 vulnera
1745 4366 1900 4427 pate-

320 4445 590 4512 facturus,
634 4455 696 4500 ut
736 4447 1083 4503 curationem
1122 4449 1354 4519 recipiat
1394 4467 1406 4503 :
1448 4450 1542 4519 qui
1591 4460 1647 4505 et
1690 4449 1904 4505 litteras

323 4537 456 4592 istas
475 4539 628 4593 velut
653 4538 1112 4608 supplicationem
1135 4539 1428 4610 quamdam
1455 4540 1637 4605 affert,
1671 4555 1769 4610 per
1801 4540 1902 4594 has

2010 3357 2566 3432 πεπλημμελημένων
2591 3362 2988 3434 πραττόμενος,
3014 3360 3154 3414 ἀλλὰ
3191 3360 3286 3414 καὶ
3316 3361 3594 3430 πρόφασιν

2010 3451 2090 3514 είς
2141 3450 2553 3522 φιλανθρωπίαν
2593 3454 2706 3516 τοῖς
2750 3452 3010 3523 εὐπόροις
3051 3452 3314 3522 πορίζων.
3369 3449 3589 3520 Ἐπειδὴ

2009 3541 2188 3595 τοίνυν
2221 3543 2489 3611 μάστιγας
2516 3544 2649 3613 ἡμῖν
2693 3545 2855 3614 τῆτες
2890 3523 3198 3616 ἐπήνεγκεν
3223 3545 3251 3596 ό
3285 3543 3586 3612 Δεσπότης,

2008 3633 2117 3687 τῶν
2157 3633 2259 3704 μὲν
2289 3636 2705 3707 ἁμαρτημάτων
2758 3635 3012 3699 ἐλάττους
3057 3635 3259 3706 πολλῷ,
3309 3637 3504 3698 ἱκανάς
3533 3634 3592 3687 δὲ

2007 3729 2155 3798 ὅμως
2181 3729 2400 3781 ἀνιᾶσαι
2427 3728 2555 3791 τοὺς
2588 3728 2970 3798 γεωργοῦντας
3019 3728 3137 3800 (καὶ
3162 3727 3366 3791 ταύτας
3397 3725 3590 3798 πρώην

2007 3819 2096 3871 διὰ
2134 3819 2242 3873 τῶν
2273 3819 2557 3889 ὑμετέρων
2619 3820 2876 3889 γηπόνων
2923 3820 3024 3892 τὴν
3050 3820 3322 3890 ὑμετέραν
3359 3819 3591 3890 μεγαλο-

2010 3912 2174 3978 φυῒαν
2194 3911 2430 3982 ἐδίδαξα)
2453 3927 2466 3942 '
2496 3914 2822 3982 οἰκτείρατε,
2853 3911 3180 3984 παρακαλῶ,
3211 3912 3338 3974 τούς
3357 3911 3459 3980 τῆς
3485 3911 3590 3983 γῆς

2007 4004 2304 4075 ἀροτῆρας,
2334 4003 2427 4056 τὸν
2480 4003 2579 4072 μὲν
2609 4003 2772 4058 πόνον
2816 4003 3252 4072 εἰσενεγκόντας,
3305 4001 3485 4070 ὀλίγον
3529 4001 3589 4054 δὲ

2009 4097 2410 4168 κομισαμένους
2443 4099 2683 4168 καρπόν·
2719 4098 2814 4150 καὶ
2842 4097 3088 4164 γενέσθω
3133 4097 3263 4167 ὑμῖν
3297 4099 3331 4167 ὴ
3364 4095 3590 4166 δυσετη-

2009 4185 2099 4253 ρία
2141 4185 2238 4255 τῆς
2278 4187 2656 4256 πνευματικῆς
2707 4187 2993 4256 εὐετηρίας
3041 4188 3328 4252 ὑπόθεσις·
3373 4187 3469 4240 καὶ
3495 4185 3590 4239 τὸν

2005 4275 2154 4328 ἔλεον
2183 4275 2275 4328 τὸν
2313 4277 2455 4328 θεῖον
2481 4275 2569 4330 διὰ
2594 4275 2750 4330 τοῦδε
2779 4277 2872 4328 τοῦ
2903 4276 3055 4330 ἐλέου
3089 4277 3420 4348 τρυγήσατε.
3453 4276 3590 4330 Τού-

2004 4385 2098 4420 του
2128 4367 2236 4439 γάρ
2272 4368 2336 4438 δὴ
2365 4367 2526 4438 χάριν
2559 4369 2654 4421 καὶ
2676 4369 2704 4420 ὁ
2735 4369 3119 4439 λαμπρότατος
3143 4371 3421 4432 Διονύσιος
3449 4369 3590 4440 πρὸς

2003 4458 2064 4511 τὸ
2104 4458 2369 4528 ὑμέτερον
2427 4459 2657 4528 μέγεθος
2714 4459 2970 4531 ἔδραμεν,
3021 4463 3091 4514 τὰ
3140 4461 3287 4531 πάθη
3337 4460 3587 4527 διδάξων,

2005 4551 2092 4603 ῐνα
2123 4552 2222 4620 τὴν
2259 4550 2403 4604 ἴασιν
2433 4551 2654 4622 δέξηται
2694 4570 2707 4583 ο
2747 4546 2860 4604 οἷον
2903 4552 2961 4605 δέ
2995 4569 3118 4606 τινα
3150 4551 3431 4625 ἱκετηρίαν
3457 4551 3586 4606 τάδε

323 4628 604 4683 confidens
659 4629 973 4686 uberiorem
1035 4647 1093 4686 se
1154 4631 1576 4688 beneficentiam
1629 4647 1898 4688 consecu-

2010 4644 2310 4715 προσφέρει
2365 4647 2433 4697 τὰ
2488 4645 2814 4714 γράμματα,
2874 4645 3118 4710 πλείονος
3170 4645 3588 4701 ἀπολαύσασθαι

324 4726 535 4774 turum.

369 4853 586 4924 1088
624 4851 812 4910 XXIV.
844 4885 912 4895 —-
941 4857 1168 4912 Androm
1193 4858 1432 4928 episcopo
1465 4855 1846 4912 Samosatensi.

391 4966 682 5021 Desiderat
705 4968 950 5038 quidem,
979 4979 1062 5024 sat
1090 4969 1228 5033 scio,
1264 4984 1619 5039 congressum
1651 4978 1901 5022 nostrum

318 5059 494 5126 pictas
545 5068 657 5124 tua,
711 5069 774 5115 ut
818 5061 1019 5115 divinae
1063 5061 1285 5114 alumna
1331 5059 1634 5114 charitatis.
1684 5061 1754 5114 At
1795 5075 1897 5131 ego

319 5151 492 5205 multo
529 5152 704 5222 magis
727 5161 1010 5221 exspecto,
1041 5160 1250 5221 quanto
1277 5161 1332 5206 et
1364 5153 1628 5222 majorem
1669 5153 1801 5207 mibi
1828 5169 1897 5207 ex

316 5260 609 5314 congressu
665 5260 1016 5300 accessuram
1060 5245 1358 5299 utilitatem
1413 5245 1680 5318 intelligo.
1743 5247 1894 5302 Solet

313 5335 458 5389 enim
492 5335 901 5406 quodammodo
939 5347 1153 5406 egestas
1195 5337 1528 5392 desiderium
1567 5341 1890 5405 accendere,

314 5428 408 5480 sed
439 5440 496 5483 ut
533 5429 736 5499 optatis
773 5429 1051 5498 potiamur
1082 5431 1388 5486 concedere
1426 5413 1607 5502 potest
1645 5435 1892 5487 omnium

315 5518 602 5575 Dominus.
635 5521 754 5590 Ipse
781 5521 926 5576 enim
955 5522 1094 5593 regit
1124 5522 1399 5589 universa,
1425 5525 1687 5594 novitque
1712 5528 1728 5543 '
1761 5509 1891 5594 quid

315 5609 662 5673 profuturum
690 5611 782 5676 sit,
807 5621 863 5667 et
885 5614 1116 5684 singulis
1139 5613 1192 5668 id
1217 5617 1532 5684 prospicere
1561 5632 1668 5668 non
1694 5629 1890 5670 cessat.

316 5697 428 5765 Ego
467 5715 599 5752 vero
645 5714 977 5774 quantopere
1018 5706 1218 5761 litteris
1258 5707 1368 5763 tuis
1419 5707 1724 5763 delectatus
1766 5709 1889 5774 sim,

2006 4734 2417 4804 φιλανθρωπίας
2442 4735 2531 4788 διὰ
2549 4735 2754 4789 τούτων
2783 4735 3040 4801 ἐλπίζων.

2163 4867 2289 4920 KA'.
2320 4898 2388 4906 —
2419 4867 2669 4935 Ἀνδρέᾳ
2693 4869 3007 4933 ἐπισκόπῳ
3030 4868 3418 4940 Σαμοσάτων.
3510 4871 3520 4878 ”

2075 4980 2239 5033 Ποθεῖ
2269 4979 2391 5050 μὲν,
2433 4977 2492 5034 εὖ
2516 4979 2652 5047 οἴδα,
2679 4983 2779 5052 τὴν
2808 4983 3085 5052 ἡμετέραν
3118 4983 3408 5036 συνουσίαν
3447 4986 3478 5054 ή
3516 4985 3590 5056 σὴ

2007 5069 2270 5139 φιλοθεῖα,
2321 5071 2419 5140 τῆς
2460 5072 2608 5135 θείας
2653 5073 2871 5143 ἀγάπης
2931 5073 3252 5145 ὑπάρχουσα
3297 5077 3587 5145 τρόφιμος.

2018 5162 2160 5231 Ἐγὼ
2187 5163 2242 5216 δὲ
2274 5160 2436 5217 πλέον
2464 5163 2765 5235 ίμείρομαι,
2792 5165 2902 5235 ὅσῳ
2926 5165 3020 5217 καὶ
3052 5163 3274 5218 πλείονά
3297 5182 3384 5234 μοι
3411 5181 3586 5236 προσ-

2003 5255 2249 5324 γίνεσθαι
2283 5255 2380 5326 τὴν
2406 5256 2471 5309 ἐκ
2499 5256 2598 5326 τῆς
2624 5257 2909 5320 συνουσίας
2936 5255 3208 5326 ὠφέλειαν
3235 5257 3540 5327 ἐπίσταμαι
3566 5302 3581 5314 .

2008 5347 2229 5410 Πέφυκε
2260 5346 2366 5418 γάρ
2397 5364 2514 5410 πως
2544 5350 2576 5417 ἡ
2619 5348 2795 5402 ἔνδεια
2843 5349 2942 5418 τὴν
2978 5349 3274 5418 ἐπιθυμίαν
3307 5349 3582 5416 ἐξάπτεινυ

2002 5434 2138 5486 ἀλλὰ
2179 5435 2240 5486 τὸ
2283 5435 2464 5489 δοῦναι
2510 5437 2571 5490 τὸ
2615 5439 2948 5508 ποθούμενον
2988 5439 3210 5502 δυνατὸς
3239 5439 3349 5494 τῶν
3382 5441 3519 5495 ὅλων
3553 5443 3587 5493 ὁ

2003 5525 2228 5596 Κύριος.
2263 5527 2435 5590 Αὐτὸς
2460 5529 2567 5599 γάρ
2596 5529 2763 5584 ἰθύνει
2792 5529 2860 5583 τὰ
2907 5531 3216 5600 σύμπαντα,
3248 5534 3342 5586 καὶ
3369 5533 3427 5584 τὸ
3461 5550 3583 5586 συν-

2003 5619 2169 5669 ο⁷σειν
2221 5619 2410 5688 μέλλον
2484 5621 2792 5687 ἐπίσταται,
2852 5624 2946 5676 καὶ
3008 5624 3167 5677 τοῦτο
3226 5624 3584 5696 πρυτανεύων

2004 5711 2216 5780 ἑκάστῳ
2242 5712 2488 5766 διατελεῖ.
2524 5713 2664 5782 Ἐγὼ
2689 5716 2744 5768 δὲ
2773 5717 2894 5770 ὅσον
2920 5716 3238 5789 ηὐφράνθην
3262 5718 3372 5780 τοῖς
3401 5717 3581 5787 γράμ-

392 5847 501 5915 (18)
535 5848 612 5902 Ita
643 5853 893 5922 rescripsi
923 5874 951 5910 e
981 5859 1150 5929 Neap.
1177 5861 1504 5916 Sirmondus
1539 5863 1772 5916 habebat
1805 5865 2105 5936 εὐπρεπής.
