4056 6430
392 363 526 429 li’35

1584 424 1591 431 .
1694 381 2054 444 EPISTOLA
2089 387 2358 451 XXVIII.

3508 397 3644 465 1208

393 496 560 571 μασιν
585 480 828 552 ἐντυχὼν
863 482 965 554 τῆς
997 485 1095 555 σῆς
1124 485 1432 558 ἁγιότητος,
1464 489 1637 556 δεῖξαι
1673 491 1762 545 διὰ
1791 493 1964 562 λόγων

2071 499 2252 553 verbis
2280 499 2497 571 assequi
2543 514 2653 554 non
2684 515 2932 571 possum.
2977 501 3144 557 Auxit
3183 509 3368 558 autem
3401 503 3646 559 laetitiam

386 572 450 621 οὐ
480 567 744 639 δύναμαι.
781 572 998 646 Ηύξησε
1026 575 1081 629 δέ
1115 594 1205 648 μοι
1244 578 1343 649 τὴν
1380 578 1648 652 θυμηδίαν
1686 584 1781 636 καὶ
1825 587 1854 636 ὁ
1886 602 1967 639 τι·

389 661 661 733 μιώτατος
710 665 807 720 καὶ
864 666 1260 734 εὐλαϐέστατος
1328 671 1576 737 διάκονος
1639 673 1963 741 Θαλάσσιος,

391 756 534 827 ἅπερ
587 756 778 829 μαθεῖν
810 758 1041 814 ἐπόθουν
1101 761 1523 834 διηγησάμενος.
1577 766 1642 819 Τί
1700 766 1809 838 γάρ
1849 784 1963 837 μοι,

390 844 646 910 δέσποτα,
689 848 790 916 τῆς
830 849 929 919 σῆς
963 847 1261 921 εὐκληρίας
1318 853 1758 926 ὲρασμιὼτερον;
1805 857 1870 909 Τί
1912 856 1968 909 δὲ

387 934 534 989 οὕτω
561 936 765 1009 ταύτην
788 939 1031 1011 μεγάλην
1065 945 1226 1009 ποιεῖ,
1273 942 1349 1008 ὼς
1390 945 1501 998 τῶν
1528 946 1652 1001 καθ’
1687 949 1833 1018 ἡμᾶς
1872 965 1967 1019 με·

391 1027 576 1095 γάλων
616 1030 652 1099 ἡ
693 1028 788 1082 τοῦ
838 1034 1185 1102 φρονήματος
1235 1035 1566 1107 μετριότης;
1623 1037 1812 1110 ’ἰατρῷ
1858 1038 1967 1111 γὰρ

392 1117 544 1189 σοφῷ
569 1135 630 1174 τε
656 1120 752 1173 καὶ⁸
797 1123 1077 1193 σπουδαίῳ
1117 1126 1427 1197 πεποίηκας
1461 1129 1872 1205 παραπλήσιον,
1906 1131 1969 1197 ὃς

389 1210 494 1263 οὐκ
521 1208 775 1281 ἀνέμεινε
803 1211 903 1283 τὴν
931 1213 1147 1284 κλῆσιν,
1189 1215 1306 1270 ἀλλ’
1345 1217 1654 1289 αὐτόματος
1683 1221 1820 1291 πρὸς
1843 1223 1969 1286 τοὺς

390 1301 678 1372 δεομένους
712 1302 1011 1375 θεραπείας
1058 1306 1304 1376 ἀφίκετο.
1350 1308 1520 1365 Τοῦτό
1554 1329 1623 1383 με
1669 1314 1850 1384 πάσης
1881 1316 1970 1369 ὲν-

390 1393 629 1464 έπλησεν
655 1394 871 1467 ἡδονῆς,
895 1397 992 1452 καὶ
1014 1397 1094 1463 τὸ,
1114 1401 1414 1469 Δακρυόεν
1438 1405 1775 1474 γελάσασα,
1796 1406 1969 1475 ἔγνων

391 1488 459 1557 τῇ
499 1487 685 1558 πείρᾳ,
710 1489 805 1542 καὶ
837 1489 933 1543 τοῦ
969 1492 1193 1563 ποιητοῦ
1240 1495 1548 1566 κατέμαθον
1577 1498 1678 1570 τὴν
1704 1499 1967 1557 διάνοιαν.

393 1579 673 1650 Παράσχοι
710 1580 769 1634 δὲ
798 1581 908 1635 τῶν
939 1582 1158 1652 ἀγαθῶν
1188 1585 1217 1637 ὁ
1260 1586 1545 1658 φιλότιμος
1576 1591 1834 1662 χορηγὸς,
1870 1593 1966 1644 καὶ

392 1669 492 1741 τὴν
519 1671 619 1742 σὴν
644 1672 908 1744 -όσιότητα
946 1672 1269 1745 διαπρέπειν
1306 1678 1372 1730 ὲν-
1405 1678 1639 1744 τούτοις,
1686 1681 1783 1734 καὶ
1822 1683 1970 1752 ἡμᾶς

389 1758 503 1811 τῶν
562 1759 799 1830 ἀρίστων
842 1760 1053 1833 ἀνδρῶν
1100 1763 1298 1833 ζηλοῦν
1352 1766 1486 1835 γοῦν
1533 1767 1604 1822 τὰ
1655 1769 1966 1834 άξιέπαινα.

400 1849 741 1920 Ἐπάρκεσον
769 1852 967 1918 τοίνυν,
991 1848 1048 1916 ,ὧ
1074 1854 1201 1927 φίλη
1245 1858 1478 1927 κεφαλὴ,
1526 1860 1619 1913 καὶ
1663 1860 1754 1913 τὸν
1786 1861 1969 1914 δοῦναι
2002 1856 2042 1910 Β

384 1941 685 2012 δυνάμενον
722 1943 911 1997 πεῖσον
936 1943 1120 2000 δοῦναι
1142 1947 1242 2015 τὴν
1269 1948 1505 2018 αίτησιν.

835 2060 965 2117 KE’.
992 2090 1064 2101 —
1104 2061 1515 2130 'Eoptaa'nmi.

463 2168 656 2226 Ἡνίκα
682 2171 780 2243 μὲν
800 2174 827 2226 ὁ
848 2174 1159 2246 Μονογενὴς
1180 2175 1311 2240 Θεὸς
1324 2175 1734 2249 ὲνηνθρώπησε,
1747 2178 1841 2232 καλ⁸
1857 2179 1968 2253 (I9)

389 2262 490 2333 τὴν
537 2264 812 2337 ἡμετέραν
857 2267 1352 2339 ἐπραγματεύσατο
1405 2269 1701 2341 σωτηρίαν,
1738 2271 1971 2343 δρῶντες

354 2357 437 2408 ρυί
481 2356 736 2427 τηνικάδε
773 2357 1051 2430 ἄνθρωποι
1094 2360 1201 2414 τῶν
1232 2362 1563 2433 εὐεργεσιῶν
1607 2365 1705 2435 τὴν
1755 2365 1962 2437 πηγὴν,

385 2448 492 2501 οὐκ
516 2447 842 2503 ἐπετέλεσαν
876 2451 1091 2523 ἑορτήν.
1133 2451 1255 2506 Ἐπὶ
1286 2452 1342 2505 δὲ
1378 2453 1472 2506 τοῦ
1498 2455 1787 2526 παρόντος,
1819 2459 1971 2511 πᾶσα

386 2538 467 2609 γῆ
488 2539 582 2593 καὶ
612 2538 877 2608 θάλασσα,
910 2542 1007 2595 καὶ
1037 2542 1237 2608 πόλεις,
1268 2545 1364 2598 καὶ
1408 2545 1612 2618 κῶμαι,
1647 2548 1826 2602 καίτοι
1876 2549 1969 2603 τὸν

385 2627 686 2701 εὐεργέτην
715 2630 814 2701 οὐχ
842 2630 1046 2705 ὁρῶσαι
1075 2636 1188 2698 τοῖς
1212 2636 1492 2708 αἰσθητοῖς
1517 2638 1838 2709 ὀφθαλμοῖς.
1868 2638 1969 2710 τὴν

386 2719 498 2773 τῶν
524 2720 859 2791 εὐεργεσιῶν
896 2722 1210 2794 ἑορτάζουσι
1250 2726 1471 2798 μνήμην
1510 2742 1523 2757 ’
1559 2730 1652 2782 καὶ
1697 2729 1967 2802 τοσαύτην

386 2808 448 2862 αἱ
471 2809 806 2880 πανηγύρεις
831 2810 943 2883 (20)
972 2812 1279 2882 πηγάξουσι
1307 2814 1593 2888 θυμηδίαν,
1627 2818 1702 2883 ὡς
1732 2820 1968 2874 πάντοσε

385 2901 694 2973 διατρέχειν
715 2903 815 2973 τῆς
842 2905 1221 2977 πνευματικῆς
1258 2906 1598 2980 εὐφροσύνης
1627 2911 1698 2965 τὰ
1726 2911 1966 2983 νάματα.

387 2992 490 3046 Διὰ
519 2993 627 3064 γάρ
649 3011 731 3047 τοι
759 2994 917 3048 τοῦτο
948 2995 1044 3049 καὶ
1070 2998 1233 3067 ἡμεῖς
1256 2996 1352 3050 νῦν
1383 2998 1481 3070 τὴν
1519 3000 1620 3073 σὴν
1657 3000 1969 3058 θεοσέϐειαν

388 3084 907 3158 προσφθεγγόμεθα,
938 3086 1031 3141 καὶ
1059 3087 1157 3159 τὴν
1192 3088 1560 3162 ἐγγενομένην
1607 3094 1738 3164 ἡμῖν
1769 3095 1834 3148 ὲκ
1860 3094 1969 3149 τῶν

2070 607 2246 646 meam
2282 592 2773 648 reverendissimus
2801 609 2867 649 ac
2894 594 3347 666 religiosissimus
3382 596 3649 652 diaconus

2070 684 2409 750 Thalassius,
2437 701 2501 739 ea
2525 702 2758 741 narrans
2780 703 2902 757 quae
2923 688 3115 744 audire
3147 688 3464 760 cupiebam.
3495 686 3642 755 Quid

2068 777 2215 831 enim
2252 777 2410 842 mihi,
2446 776 2689 844 domine,
2725 777 2986 834 felicitate
3011 789 3104 835 tua
3134 794 3256 836 esse
3290 781 3465 851 possit
3492 794 3647 834 ama-

2069 869 2274 924 bilius?
2295 868 2434 935 Quid
2462 870 2604 924 hanc
2625 885 2789 939 porro
2813 871 2888 925 ita
2916 887 3166 943 magnam
3188 872 3339 939 facit,
3367 881 3428 928 ut
3450 887 3646 927 eorum

2069 958 2164 1028 qui
2196 958 2341 1028 apud
2366 974 2466 1013 nos
2497 960 2678 1030 magni
2708 960 3024 1031 excelsique
3051 970 3200 1029 sunt,
3234 962 3403 1017 animi
3438 962 3647 1018 demis-

2071 1047 2155 1102 sio
2189 1057 2247 1102 et
2278 1049 2591 1105 modestia?
2628 1049 2905 1121 Sapientis
2942 1053 3090 1108 enim
3129 1068 3194 1108 ac
3227 1054 3407 1110 seduli
3444 1054 3648 1109 medici

2068 1138 2319 1207 exemplo
2342 1136 2543 1205 fecisti,
2576 1139 2671 1209 qui
2698 1154 2810 1194 non
2849 1141 3191 1211 exspectavit
3228 1150 3291 1197 ut
3332 1151 3649 1207 vocaretur,

2071 1229 2168 1285 sed
2195 1238 2389 1300 sponte
2413 1246 2511 1286 sua
2534 1231 2659 1287 illos
2677 1231 2815 1287 adiit
2838 1231 2934 1302 qui
2955 1232 3191 1303 egebant
3213 1234 3516 1288 curatione.
3532 1232 3653 1288 Hoc

2071 1337 2161 1377 me
2199 1337 2428 1393 prorsus
2466 1324 2751 1394 voluptate
2796 1324 3054 1393 replevit,
3089 1332 3148 1380 et
3194 1324 3328 1394 quid
3372 1323 3508 1379 illud
3555 1324 3649 1390 sit,

2072 1413 2428 1486 lacrymosum
2465 1416 2646 1470 ridens
2674 1415 2741 1481 “,
2782 1417 3128 1486 experientia
3162 1417 3354 1484 didici,
3381 1433 3446 1472 ac
3476 1425 3653 1488 poeta:

2073 1517 2312 1561 mentem
2354 1508 2596 1577 percepi.
2636 1508 2873 1565 Tribuat
2907 1510 3181 1566 bonorum
3205 1508 3501 1565 muniﬁcus
3520 1509 3652 1565 Lar-

2069 1599 2236 1669 gitor,
2262 1609 2319 1656 et
2354 1592 2636 1657 sanctitati
2679 1609 2787 1657 ture
2833 1601 2893 1657 in
2926 1602 3014 1658 his
3054 1603 3346 1669 excellere,
3389 1610 3446 1658 et
3486 1600 3652 1657 nobis

2071 1689 2319 1746 aemulari
2373 1705 2494 1759 quae
2535 1689 2592 1745 in
2639 1690 2864 1760 optimis
2899 1691 3038 1746 viris
3084 1690 3249 1746 laude
3289 1689 3454 1761 digna
3495 1695 3649 1745 sunt.

2073 1783 2297 1843 Enitere
2333 1782 2518 1852 igitur,
2547 1782 2742 1848 amice,
2767 1783 2931 1853 eique
2963 1783 3058 1853 qui
3088 1782 3222 1839 dare
3249 1789 3432 1853 potest
3464 1787 3525 1838 ut
3556 1781 3652 1836 det

2072 1873 2218 1945 quod
2261 1874 2499 1942 petimus
2528 1873 2820 1944 persuade.

2530 2068 2694 2123 XXV.
2725 2097 2793 2109 --
2823 2068 3179 2124 Heortastica.

2142 2179 2372 2246 Quando
2402 2180 2729 2252 Unigenitus
2770 2182 2918 2237 Deus
2953 2182 3271 2237 incarnatus
3319 2187 3425 2248 est,
3465 2186 3524 2236 et
3557 2194 3646 2236 as-

2073 2279 2290 2341 sumpta
2310 2280 2508 2326 natura
2533 2280 2720 2327 nostra
2742 2273 2974 2328 salutem
3000 2281 3244 2328 nostram
3276 2270 3493 2342 1089
3519 2285 3651 2341 ope-

2072 2369 2225 2416 ratus
2253 2370 2357 2426 est,
2389 2363 2483 2432 qui
2516 2361 2913 2418 beneﬁciorum
2939 2362 3149 2418 fontem
3174 2362 3481 2419 cernebant
3502 2361 3655 2417 illius

2070 2452 2248 2506 aetatis
2301 2451 2576 2517 homines,
2626 2452 2773 2507 diem
2824 2452 3029 2508 festum
3082 2468 3193 2508 non
3239 2459 3494 2524 egerunt.
3537 2450 3655 2508 Hoc

2069 2557 2203 2600 vero
2238 2552 2508 2614 tempore,
2542 2543 2802 2599 universa
2832 2551 2998 2610 terra,
3027 2554 3084 2599 et
3111 2559 3281 2608 mare,
3307 2551 3363 2599 et
3385 2544 3578 2609 urbes,
3596 2553 3656 2598 et

2069 2633 2208 2699 vici,
2254 2633 2508 2703 quamvis
2566 2632 2974 2689 benefactorem
3020 2634 3196 2689 oculis
3242 2649 3355 2689 non
3405 2633 3650 2697 videant,

2071 2724 2471 2781 beneﬁciorum
2515 2724 2839 2779 memoriam
2877 2724 3074 2779 diebus
3121 2724 3277 2781 festis
3320 2723 3649 2780 celebrant:

2072 2824 2392 2886 tantamque
2434 2815 2786 2872 celebritates
2818 2815 2938 2881 istae
2976 2815 3381 2888 jucunditatem
3416 2814 3652 2886 profun-

2071 2904 2228 2973 dunt,
2254 2916 2315 2963 ut
2335 2923 2553 2963 omnem
2576 2909 2633 2962 in
2664 2917 2873 2978 partem
2897 2907 3200 2978 spiritualis
3217 2907 3424 2963 laetitiae
3447 2908 3654 2961 ﬂuenta

2071 2999 2388 3054 decurrant.
2419 2997 2787 3065 Quamobrem
2813 3006 2870 3054 et
2899 3014 3003 3054 nos
3032 3013 3178 3055 nunc
3204 2998 3467 3070 pietatem
3504 3005 3655 3051 tuam

2071 3090 2393 3156 salutamus,
2422 3098 2481 3144 et
2526 3103 2690 3160 quam
2726 3103 2795 3144 ex
2838 3088 2993 3145 festis
3027 3088 3149 3145 istis
3186 3089 3372 3144 animo
3409 3087 3653 3143 laetitiam

389 3174 593 3245 ἑορτῶν
616 3175 970 3245 σημαίνοντες
994 3175 1282 3258 εὐθυμίαν,
1301 3177 1400 3243 τὰς
1426 3177 1524 3243 σὰς
1552 3180 1964 3256 έπαγγέλλομεν

2071 3181 2317 3250 capimus
2357 3179 2750 3252 signiﬁcantes,
2799 3195 2994 3252 preces
3022 3191 3144 3237 tuas
3181 3180 3560 3252 imploramus,
3591 3187 3656 3235 ut

390 3267 719 3339 προσευχάς,
746 3267 835 3322 ἵνα
858 3266 1064 3339 ταύτην
1095 3268 1175 3334 είς
1197 3269 1350 3336 τέλος
1382 3271 1730 3343 φυλάξωμεν.

707 3464 853 3533 KG".
880 3494 950 3506 —
962 3466 1178 3534 "1.1.11;
1219 3465 1598 3537 ἐορταστική.

462 3574 741 3647 Διηνεκῶς
791 3575 889 3646 μὲν
932 3576 990 3629 at
1029 3574 1131 3646 τῆς
1176 3575 1514 3646 Δεσποτικῆς
1560 3576 1972 3650 φιλανθρωπίας

390 3670 571 3740 πηγαὶ
590 3670 704 3733 τοῖς
731 3667 1047 3723 πιστεύουσι
1079 3665 1425 3734 διαὸλύζουσι
1458 3668 1674 3738 τάγαθά
1693 3687 1708 3701 ο
1742 3670 1972 3744 φέρουσι

388 3761 451 3816 δέ
476 3777 533 3814 τι
570 3759 732 3814 πλέον
766 3761 824 3814 αἱ
864 3759 975 3814 τῶν
1013 3761 1282 3831 μεγίστων
1324 3759 1658 3832 εὐεργεσιῶν
1704 3760 1805 3832 τὴν
1837 3764 1974 3834 μνή-

393 3868 505 3923 μην
541 3848 763 3921 έχουσαι
789 3850 1148 3921 πανηγύρεις,
1173 3852 1289 3913 τοῖς
1323 3850 1463 3920 μετὰ
1506 3850 1750 3915 πλείονος
1781 3852 1975 3925 ἑορτά-

391 3941 546 4007 ζουσι
576 3940 904 4013 προθυμίας.
934 3941 1150 4005 Ταύτας
1173 3942 1267 3995 ἐπὶ
1293 3941 1389 3995 τοῦ
1420 3942 1691 4012 παρόντος
1730 3943 1980 3998 ἐπιτελέ-

394 4050 610 4098 σαντες,
635 4035 731 4088 ml.
753 4035 853 4100 τὴν
876 4033 1080 4088 τούτων
1106 4028 1355 4103 εὐλογίαν
1381 4035 1777 4106 τρυγήσαντες,
1801 4052 1972 4106 προσ·

336 4150 351 4167 ε
394 4123 747 4197 φθεγγόμεθά
801 4142 898 4180 σου
949 4126 1049 4197 τὴν
1092 4125 1400 4180 εὐλάϐειαν.
1441 4125 1614 4179 Τοῦτο
1655 4126 1765 4196 γὰρ
1799 4127 1830 4180 ὁ
1872 4126 1974 4197 τῆς

392 4217 589 4289 ἑορτῆς
615 4218 707 4272 καὶ
735 4217 765 4270 ό
792 4218 891 4289 τῆς
916 4216 1137 4288 ἀγάπης
1165 4216 1605 4289 παρακελεύεται
1636 4218 1821 4288 νόμος.

389 4330 521 4385 ΚΖ’.
551 4359 623 4371 -
688 4331 982 4398 Ἀκυλίνῳ
1043 4327 1302 4397 διακόνῳ
1358 4328 1458 4383 καὶ
1521 4329 1969 4399 ἀρχιμανδρίτῃ.

465 4443 652 4507 οὐδεὶς
701 4441 963 4515 ὀρφανίαν
1022 4440 1273 4513 ὀδύρεται
1340 4441 1439 4514 τῆς
1498 4441 1649 4508 θείας
1695 4441 1970 4506 υἱοθεσίας

2072 3268 2323 3324 eamdem
2351 3269 2421 3324 ad
2451 3268 2616 3324 finem
2647 3285 2821 3339 usque
2852 3285 3271 3326 conservemus.

2461 3466 2651 3523 XXVI.
2672 3495 2744 3505 -—-
2768 3465 2897 3520 Atia
2918 3465 3261 3521 hecrtastica.

2145 3583 2373 3654 Semper
2388 3580 2614 3652 quidem
2637 3579 2936 3635 Dominicaa
2949 3578 3308 3650 benignitatis
3326 3577 3508 3634 fontes
3529 3592 3654 3634 cre-

2073 3676 2332 3731 dentibus
2366 3674 2509 3728 bona
2538 3670 2894 3743 suppeditant
2929 3688 2943 3724 :
2978 3670 3076 3726 sed
3113 3670 3348 3740 amplius
3389 3669 3653 3740 quiddam
3689 3736 3697 3743 ,

2073 3765 2314 3821 aderunt
2349 3777 2473 3833 quae
2499 3761 2865 3816 maximorum
2902 3758 3295 3816 beneﬁciorum
3328 3759 3653 3815 memoriam

2072 3856 2362 3912 continent
2400 3853 2753 3909 celebritates
2802 3851 2872 3907 iis
2917 3850 3015 3921 qui
3058 3851 3267 3922 majore
3309 3865 3436 3907 cum
3481 3851 3652 3907 animi

2075 3946 2360 4003 alacritate
2387 3944 2508 4000 dies
2539 3943 2708 4000 festos
2735 3948 2925 4013 agunt.
2943 3939 3159 4008 Quibus
3182 3942 3238 3997 in
3255 3957 3499 4012 praesens
3526 3955 3656 4012 per-

2074 4037 2233 4099 actis,
2273 4044 2332 4090 et
2374 4035 2574 4089 horum
2641 4032 3058 4088 benedictione'
3071 4043 3351 4103 percepta,
3389 4032 3657 4102 pietatem

2074 4136 2223 4181 tuam
2260 4124 2582 4179 salutamus.
2611 4120 2728 4176 Hoc
2757 4120 2908 4176 enim
2932 4127 2990 4176 et
3010 4120 3137 4177 festi
3166 4121 3534 4179 et‘cbaritatis
3562 4122 3654 4177 lex

2075 4217 2288 4272 suadet.

2177 4322 2391 4381 XXVII.
2413 4355 2485 4364 —
2501 4322 2750 4395 Aquilino
2775 4327 2999 4380 diacono
3028 4335 3079 4380 et
3101 4323 3554 4381 archimandritw.

2144 4438 2341 4494 Nullus
2371 4436 2664 4492 orbitatem
2698 4436 2864 4493 deﬂet
2896 4438 2991 4510 qui
3022 4438 3265 4494 divinam
3297 4436 3651 4507 adoptionem

391 4534 719 4607 ἠξιωμένος.
737 4514 816 4588 ΫἸί
856 4533 964 4605 γὰρ
988 4530 1079 4586 τοῦ
1112 4533 1226 4588 ἄνω
1253 4531 1468 4603 Πατρὸς
1506 4533 1538 4604 ἢ
1575 4531 1966 4605 δυνατώτερον,

2074 4536 2158 4586 est
2190 4529 2420 4599 adeptus
2457 4545 2473 4583 :
2508 4528 2640 4598 quid
2674 4529 2823 4585 enim
2871 4544 3113 4600 superno
3140 4531 3302 4585 Patre
3333 4529 3419 4585 vel
3450 4536 3652 4598 poten-

390 4627 427 4699 ἢ
457 4624 993 4698 κηδεμονικώτερον;
1027 4624 1104 4678 Δι’
1140 4622 1301 4678 αὐτὸν
1327 4623 1435 4697 γὰρ
1462 4625 1558 4678 καὶ
1585 4625 1634 4677 οἱ
1672 4624 1824 4677 κάτω
1865 4642 1971 4678 πα-

389 4717 569 4789 τέρες,
594 4716 851 4788 πατέρες;
877 4713 1052 4769 Αὐτοῦ
1078 4715 1188 4787 γὰρ
1222 4714 1571 4787 βουλομένου,
1588 4716 1639 4769 οἱ
1665 4715 1764 4787 μὲν
1791 4715 1972 4784 φύσει,

388 4811 441 4865 οῖ
475 4808 533 4864 δὲ
568 4809 754 4883 χάριτι
782 4808 1020 4878 πατέρες
1067 4807 1439 4862 καθίστανται.
1514 4807 1752 4861 Ἐκεῖνον
1792 4810 1973 4861 τοίνυν

389 4901 735 4971 κατέχωμεν,
768 4899 860 4953 καὶ
888 4898 997 4952 τῶν
1025 4897 1369 4953 ἀπελθόντων
1404 4896 1503 4970 τὴν
1535 4901 1758 4970 μνήμην
1800 4898 1971 4968 φυλά-

390 4990 574 5063 ξωμεν
597 4991 877 5047 ἄσϐεστον.
919 4987 1132 5061 Ὀνήσει
1178 4988 1288 5061 γὰρ
1321 4989 1468 5060 ἡμᾶς
1491 4989 1526 5059 ἠ
1553 4989 1662 5041 τῶν
1692 4982 1751 5042 εὖ
1778 4987 1977 5059 βεϐιω-

388 5083 567 5139 κότων
597 5083 923 5153 ἀνάμνησις,
954 5081 1034 5143 είς
1061 5078 1158 5149 τὴν
1187 5078 1409 5133 ἐκείνων
1432 5079 1773 5150 διεγείρουσα
1799 5078 1973 5151 μίμη-

390 5193 499 5232 σιν.
1575 5230 1587 5242 ,

462 5290 601 5346 Kﬂ'.
645 5316 719 5328 —-
755 5284 1000 5354 Ἰακώϐῳ
1024 5284 1404 5354 πρεσϐυτέρῳ
1426 5284 1525 5339 καὶ
1559 5282 1913 5352 μονάζοντι.

463 5382 529 5436 Οἱ
572 5382 688 5445 τοῖς
747 5379 930 5442 πόνοις
978 5376 1078 5448 τῆς
1134 5377 1338 5448 ἀρετῆς
1404 5375 1820 5447 λαμπρύναντες
1873 5376 1972 5446 τὴν

386 5472 600 5545 ἀκμὴν,
624 5471 743 5543 μεθ’
778 5470 970 5541 ἡδονῆς
996 5469 1131 5540 πρὸς
1162 5468 1220 5521 τὸ
1259 5469 1432 5538 γῆρας
1470 5467 1791 5521 ἐλαύνουσιν
1816 5483 1833 5501 ο
1874 5467 1970 5521 ἐπὶ

391 5563 499 5637 μὲν
547 5564 667 5626 ταῖς
710 5560 1002 5633 προτέραις
1059 5557 1476 5628 εὐφραινόμενοι
1509 5556 1709 5624 νίκαις,
1758 5556 1866 5610 τῶν
1910 5557 1967 5610 δὲ

468 5701 517 5734 ³⁸
551 5698 706 5754 Iliad.
733 5697 821 5753 III.

466 5814 579 5887 (l9)
607 5814 706 5886 τὴν
738 5813 1007 5885 ἡμετέραν
1036 5811 1195 5883 φύσιν
1224 5810 1402 5866 λαϐὼν
1435 5811 1585 5866 addit
1621 5809 1852 5866 Vindob.

2071 4619 2203 4685 tius,
2234 4619 2318 4673 vel
2344 4619 2760 4689 providentius?
2788 4620 2893 4675 Per
2919 4620 3071 4674 illum
3104 4618 3249 4674 enim
3273 4618 3437 4673 etiam
3468 4616 3570 4688 qui-
3596 4615 3651 4671 in

2070 4711 2234 4766 terris
2267 4718 2558 4767 versantur
2589 4720 2794 4781 patres,
2824 4718 3009 4783 patres
3037 4719 3187 4766 sunt.
3221 4709 3345 4780 Ipso
3380 4708 3653 4779 siquidem

2071 4802 2322 4865 volente,
2378 4800 2471 4854 alii
2514 4809 2744 4866 natura,
2794 4800 2884 4855 alii
2938 4800 3210 4856 beneficio
3254 4807 3440 4871 patres
3490 4796 3652 4853 (lunt.

2071 4891 2251 4959 Quare
2281 4892 2434 4946 illum
2456 4892 2858 4962 possideamus,
2881 4900 2937 4947 et
2958 4901 3305 4948 mortuorum
3331 4891 3655 4947 memoriam

2078 4985 2291 5056 1090
2330 4985 2715 5040 inexstinctam
2754 5001 3161 5041 conservemus.
3205 4985 3423 5041 Iuvabit
3503 4983 3657 5041 enim

2073 5092 2175 5130 nos
2198 5092 2387 5130 eorum
2423 5075 2515 5146 qui
2550 5083 2699 5133 recte
2740 5077 2999 5130 vixerunt
3032 5074 3367 5142 recordatio,
3399 5073 3467 5130 ad
3503 5074 3653 5146 ipso-

2071 5182 2192 5220 rum
2225 5166 2470 5222 excitans
2497 5167 2881 5223 imitationem.

2211 5278 2448 5334 XXVIII.
2479 5308 2547 5317 -—
2571 5277 2765 5333 Iacobo
2803 5279 3105 5350 presbytero
3152 5288 3199 5333 et
3231 5280 3507 5334 monacho.

2149 5368 2253 5436 Qui
2276 5369 2466 5425 ﬂorem
2485 5370 2663 5425 aetatis
2681 5369 2904 5425 virtutis
2922 5371 3201 5427 laboribus
3220 5377 3506 5434 ornarunt,
3525 5383 3655 5425 cum

2078 5461 2361 5530 voluptate
2413 5459 2761 5515 contendunt
2797 5460 2865 5516 ad
2917 5469 3286 5525 senectutem,
3327 5461 3399 5515 ob
3429 5467 3688 5531 praeter-.

2075 5560 2179 5611 itas
2208 5553 2431 5625 quidem
2463 5552 2730 5609 victorias
2759 5553 3079 5625 gaudentes,
3110 5552 3177 5605 ab
3203 5551 3329 5607 aliis
3356 5565 3490 5606 vero
3528 5565 3651 5607 cer-

2150 5805 2260 5880 (20)
2290 5802 2447 5864 αὗται
2483 5806 2692 5863 addidit
2715 5803 2947 5862 Vindob.
