4056 6422
451 440 582 508 1‘30?

1429 435 1913 499 TllEODORETl
1958 434 2295 495 EPISCOPI
2330 430 2692 497 CYRENSIS

3565 421 3700 486 1:208

451 557 749 611 luminibus
809 562 1035 625 propter
1100 551 1315 606 senium
1392 551 1682 602 immunes.
1756 545 1869 600 Hac
1922 560 2024 614 ego

2127 543 2386 598 πλειόνων
2416 541 2644 611 ἀγώνων
2670 539 2757 594 διὰ
2785 539 2846 592 τὸ
2876 536 3054 609 γῆρας
3083 530 3517 606 ἀπηλλαγμένοι.
3558 533 3698 586 Ταύο

449 651 724 718 voluptate
759 656 905 700 tuam
949 660 1166 714 quoque
1197 643 1454 713 pietatem
1495 639 1635 696 allici
1681 656 1827 703 reor,
1865 654 2025 694 sene-

445 749 759 808 ctutemque
791 737 1004 792 facilius
1037 735 1199 799 ferre,
1243 735 1377 788 dum.
1411 731 1736 788 recordatur
1768 732 2018 785 laborum

440 828 764 898 iuventutis.

929 939 1121 995 XXlX.
1151 970 1218 980 --
1249 940 1287 994 Α
1298 938 1533 1010 pellioni.

513 1054 644 1120 Quae
677 1052 1139 1124 Carthaginenses
1187 1049 1330 1121 passi
1368 1059 1517 1114 sunt,
1554 1048 1793 1120 Eschyli
1831 1059 1887 1103 et
1917 1047 2020 1102 80--

446 1146 657 1215 phoclis
687 1145 953 1215 tragoedia
987 1153 1233 1214 egerent,
1268 1151 1431 1212 atque
1457 1143 1651 1195 horum
1670 1155 1888 1210 quoque
1918 1139 2021 1193 lin-

447 1251 607 1305 guam
646 1235 876 1288 fortasse
922 1235 1169 1288 vinceret
1214 1233 1484 1286 malorum
1534 1230 1873 1301 magnitudo.
1928 1229 2019 1282 llla

445 1329 592 1383 enim
619 1343 648 1382 a
675 1327 938 1381 Romanis
969 1327 1102 1396 ipsis
1121 1325 1396 1395 quondam
1426 1323 1515 1376 vix
1543 1331 1719 1392 capta,
1754 1321 1865 1375 imo
1898 1336 2022 1390 qua:

447 1433 572 1471 cum
610 1418 850 1470 maxima
891 1417 1063 1470 Roma
1103 1414 1170 1468 de
1215 1413 1526 1482 principatu
1569 1427 1712 1482 saape
1758 1420 2016 1474 certarat,

449 1524 677 1579 eamque
700 1509 754 1562 in
771 1523 1044 1562 summum
1060 1507 1354 1562 discrimen
1376 1506 1696 1568 adduxerat,
1719 1503 2019 1558 ludibrium

447 1600 610 1654 modo
647 1599 786 1654 facta
825 1607 910 1654 est
939 1599 1327 1653 Barbarorum.
1363 1597 1433 1651 Et
1470 1596 1564 1665 qui
1601 1595 2020 1650 celeberrimam

444 1692 563 1760 ejus
583 1690 791 1745 curiam
816 1692 1108 1753 ornabant,
1132 1689 1268 1744 orbe
1301 1696 1415 1742 toto
1439 1702 1587 1741 nunc
1619 1694 1826 1751 errant,
1850 1686 2024 1741 vitam

445 1797 509 1835 ex
567 1782 923 1851 hospitalium
974 1782 1259 1834 hominum
1329 1778 1584 1833 manibus
1627 1785 2016 1833 sustentantes.

441 1872 706 1942 Cientqne
731 1872 1107 1941 spectantibus
1142 1871 1430 1941 lacrymas,
1460 1879 1515 1924 et
1538 1885 1723 1924 rerum
1750 1869 2020 1923 humana—
2053 1880 2094 1936 Β

2124 653 2223 706 την
2254 634 2490 706 ἠγοῦμαι
2518 634 2618 703 τὴν
2643 632 2834 704 ἡδονὴν
2861 631 2951 685 κα)⁵
2977 628 3074 701 τὴν
3103 627 3203 698 σὴν
3231 626 3374 696 ἔχειν
3403 625 3700 694 φιλοθεῖαν,

2124 728 2217 780 καὶ
2253 727 2380 798 ῥᾷον
2412 724 2599 796 φέρειν
2633 723 2692 776 τὸ
2717 725 2915 793 γῆρας,
2952 717 3311 789 μεμνημένην
3337 715 3444 769 τῶν
3463 715 3562 786 τῆς
3585 714 3699 768 vati-

2122 833 2280 884 τητος
2303 813 2500 870 πόνων.

2583 925 2711 978 KG'.
2755 950 2823 965 ο-
2870 921 3236 976 Ἀπελλίωνι.

2193 1035 2274 1088 Τά
2329 1033 2715 1104 Καρχηδονίων
2758 1032 2926 1102 πάθη,
2969 1031 3069 1102 τῆς
3107 1029 3373 1100 Αἰσχύλου
3409 1028 3502 1082 καὶ
3536 1029 3703 1099 Σοφο-

2119 1125 2310 1188 κλέους
2346 1124 2650 1196 τραγῳδίας
2681 1124 2874 1185 ὲδεῖτο,
2912 1122 3043 1185 ἴσως
3071 1121 3116 1174 δ’
3139 1120 3206 1174 ἂν
3231 1121 3326 1174 καὶ
3350 1119 3451 1191 τὴν
3479 1119 3704 1174 ἐκείνων

2121 1215 2340 1285 ἐνίκησε
2368 1213 2614 1282 γλῶτταν
2637 1213 2698 1266 τὸ
2732 1213 2959 1283 μέγεθος
2987 1211 3098 1264 τῶν
3123 1211 3330 1264 κακῶν.
3369 1211 3432 1264 Ἡ
3461 1209 3571 1281 γάρ
3599 1211 3705 1265 πά-

2120 1307 2210 1360 λαι
2243 1283 2338 1360 καὶ
2381 1306 2671 1375 Ῥωμαίοις
2698 1304 3024 1368 δυσάλωτος,
3065 1302 3268 1372 μᾶλλον
3304 1301 3362 1354 δὲ
3386 1304 3418 1368 ή
3448 1305 3512 1372 τῇ
3545 1302 3706 1372 μεγί-
3739 1283 3753 1342 ἶ

2124 1408 2224 1464 στῃ
2262 1391 2450 1464 Ῥώμῃ
2498 1393 2759 1454 πολλάκις
2807 1392 2935 1460 περί
2974 1389 3260 1460 πρωτείων
3311 1389 3560 1459 ὲρίσασα,
3609 1391 3706 1444 καὶ

2122 1482 2212 1535 τὸν
2241 1483 2465 1553 ἔσχατον
2495 1484 2631 1554 αὐτῇ
2670 1481 2912 1536 κίνδυνον
2939 1481 3304 1550 ἐπιστήσασα,
3353 1478 3449 1533 νῦν
3495 1479 3698 1550 βαρϐἀο

2125 1591 2234 1644 ρων
2261 1575 2554 1644 γεγένηται
2600 1574 2895 1644 πάρεργον.
2932 1573 2995 1626 Οἱ
3025 1572 3083 1624 δὲ
3125 1570 3228 1642 τὴν
3263 1571 3710 1642 πολυθρύλλητον

2121 1664 2288 1734 αὐτῆς
2314 1665 2645 1734 κοσμοῦντες
2675 1663 2870 1734 βουλὴν
2906 1663 2984 1724 εἰς
3013 1663 3196 1716 πᾶσαν
3219 1661 3456 1716 ἀλῶνται
3487 1663 3586 1732 τὴν
3623 1666 3704 1717 οί-

2123 1753 2414 1824 κοιυμένην,
2449 1754 2706 1824 ἀφορμὴν
2735 1752 2951 1822 ἔχοντες
2991 1752 3106 1820 βίου
3140 1752 3250 1805 τῶν
3291 1752 3582 1820 φιλοξένων
3605 1752 3707 1816 τὰς

2123 1845 2328 1916 χεῖρας.
2353 1844 2579 1897 Κινοῦσι
2603 1843 2660 1896 δὲ
2685 1845 2798 1907 τοῖς
2818 1842 2986 1914 δρῶσι
3011 1841 3243 1914 δάκρυα,
3271 1843 3366 1896 καὶ
3385 1843 3705 1897 διδάσκουσι

443 1979 564 2016 rum
590 1933 1004 2016 instabilitatem
1030 1933 1540 2029 volubilitatemque
1565 1957 2024 2012 declarant.Alios

2125 1935 2231 1987 τῶν
2260 1935 2612 2006 ἀνθρωπείων
2641 1934 2982 2006 πραγμάτων
3011 1933 3073 1987 et
3103 1933 3270 2004 σφαλε
3281 1936 3372 2004 ρόν
3403 1953 3463 1989 τε
3489 1936 3585 1988 καὶ
3609 1936 3704 1989 εύο

440 2053 694 2122 equidem
724 2053 832 2107 vidi
861 2053 1175 2122 complures
1217 2051 1346 2106 inde
1395 2051 1693 2120 profectos,
1726 2059 1782 2104 et
1813 2049 1975 2104 timui
2005 2065 2020 2102 :

441 2145 627 2199 nescio
664 2145 832 2207 enim,
873 2143 1022 2214 quod
1065 2144 1142 2198 ait
1186 2143 1496 2212 Scriptura,
1543 2142 1676 2211 quid
1717 2156 2024 2210 superven-

448 2248 569 2290 tnra
602 2237 784 2306 pariat
817 2237 936 2290 dies
963 2237 1029 2290 ³⁸.
1074 2236 1322 2290 Veneror
1345 2243 1528 2288 autem
1563 2233 1618 2287 in
1655 2233 1850 2303 primis
1881 2247 2021 2302 prae-

443 2329 843 2383 stantissimum
890 2337 947 2383 et
989 2327 1593 2397 magniﬁcentissimum
1637 2325 2020 2389 Celestiacum,

443 2423 534 2493 qui
554 2432 609 2477 et
625 2423 990 2477 calamitatem
1005 2437 1164 2492 mquo
1187 2421 1293 2476 fert
1313 2422 1516 2485 animo,
1534 2421 1884 2476 etfelicitatis
1902 2436 2024 2473 mu-

447 2515 707 2569 tationem
731 2514 787 2568 in
821 2513 1166 2569 occasionem
1193 2512 1361 2567 vertit
1391 2511 1768 2581 philosophize,
1804 2510 2024 2564 univer-

443 2592 740 2675 sorumque
756 2605 1050 2660 Rectorem
1065 2604 1272 2667 laudat,
1295 2605 1466 2660 ethoc
1483 2603 1793 2658 conducere
1809 2601 2018 2672 1091

441 2695 761 2760 arbitratur,
804 2693 952 2764 quod
989 2693 1078 2748 ille
1116 2701 1213 2747 aut
1260 2692 1377 2746 ﬁeri
1401 2691 1602 2760 jussit,
1637 2697 1732 2744 aut
1763 2705 1831 2743 ne
1866 2687 2024 2742 ﬁeret

435 2785 621 2855 jussit,
644 2793 742 2840 aut
767 2801 835 2840 ne
872 2785 1030 2841 ﬁeret
1057 2801 1164 2838 non
1197 2783 1501 2854 prohibuit.
1539 2781 1838 2836 lneﬂ‘abilis
1868 2795 2024 2834 nam-

441 2892 547 2945 que
584 2883 669 2929 est
704 2875 904 2929 divina:
941 2871 1309 2929 Providentia:
1351 2873 1513 2926 ratio.
1545 2870 1703 2924 llunc
1744 2885 1852 2923 una
1893 2883 2020 2922 cum

443 2980 612 3020 uxore
636 2979 700 3018 ac
735 2963 863 3018 filiis
895 2963 1338 3034 peregrinantem
1364 2965 1378 2980 ‘
1406 2960 1813 3016 Abrahamitica
1847 2960 2020 3015 bene-

441 3055 682 3110 volentia
710 3055 948 3124 excipiat
977 3053 1383 3124 magnificentia
1415 3060 1527 3106 tua.
1561 3051 1636 3106 De
1669 3050 1837 3104 animi
1869 3049 2018 3105 enim

443 3146 522 3201 tui
560 3145 936 3217 magnitudine
975 3143 1217 3200 conﬁsus
1251 3141 1496 3214 hospites
1531 3140 1668 3196 istos
1704 3140 2016 3206 introduco,

441 3246 498 3294 et
531 3238 815 3294 liberalem
844 3236 1124 3292 dexteram
1155 3242 1305 3290 tuam
1339 3231 1592 3289 ostendo.

873 3454 1042 3512 XXX.
1067 3486 1137 3494 —
1161 3455 1320 3509 Aeria
1352 3454 1615 3524 sophistar.

516 3571 653 3626 Ecce
683 3571 794 3641 jam
831 3577 1050 3638 tempus
1073 3574 1181 3631 est,
1219 3575 1281 3619 ut
1303 3563 1586 3619 academia
1620 3572 1800 3618 vestra
1827 3563 2021 3633 dispu-

443 3664 711 3718 tationum
767 3660 1064 3714 utilitatem
1103 3657 1464 3714 demonstret.
1512 3656 1689 3710 A-udio
1735 3655 2023 3710 enimca-

446 3765 562 3808 tum
596 3753 740 3822 apud
777 3767 876 3806 vos
916 3751 1183 3804 illustrem
1211 3747 1553 3818 congregari.
1609 3755 1670 3800 et
1700 3760 2024 3800 consessum

441 3863 509 3900 ex
531 3844 667 3900 viris
698 3852 972 3907 constare,
1008 3841 1102 3911 qui
1139 3848 1194 3896 et
1235 3838 1365 3894 aviti
1421 3837 1645 3909 generis
1674 3835 2034 3907 splendorem.

443 3935 754 4008 praeferant,
788 3941 843 3988 et
870 3933 1055 4002 lingua
1091 3931 1203 3986 sint
1237 3929 1546 4000 perpolita;
1612 3939 1898 3982 sermones
1923 3941 2028 3979 au-

446 4037 557 4080 tem
591 4023 750 4078 vobis
801 4037 922 4077 esse
975 4029 1090 4075 tum
1131 4019 1200 4073 de
1258 4017 1464 4072 virtute
1501 4026 1558 4070 et
1612 4013 2032 4068 immortalitate-

444 4115 634 4180 animi,
673 4123 797 4168 tum.
847 4111 916 4166 de
951 4109 1164 4166 (niteris
1205 4123 1329 4177 quae
1362 4122 1488 4160 cum
1541 4106 1631 4159 his
1662 4103 2022 4158 conveniunt.

443 4204 624 4271 Quare
660 4201 1005 4256 nobilitatem
1041 4197 1206 4254 nobis
1239 4195 1408 4250 animi
1431 4203 1489 4250 et
1514 4195 1784 4265 pretiosas
1842 4193 2023 4248 virtu—

446 4296 514 4351 tis
538 4311 671 4365 0pes
691 4311 759 4350 ex
784 4301 1031 4362 tempore
1066 4290 1362 4354 ostendite,
1394 4287 2025 4359 praestantissimumque

443 4397 500 4442 et
552 4383 1157 4457 magniﬁcentissimum
1212 4381 1577 4438 Celestiacum
1620 4379 1902 4450 suscipite,
1965 4385 2026 4432 ut

444 4481 539 4551 qui
575 4478 846 4535 volubiles
878 4476 1135 4530 humanae
1185 4473 1465 4530 felicitatis
1521 4476 1855 4527 mutationes
1887 4471 2025 4527 estis

2130 2028 2392 2100 ρίπιστον.
2446 2027 2680 2091 Πολλοὺς
2729 2029 2826 2099 μὲν
2866 2024 2958 2082 οὖν
3013 2029 3107 2082 καὶ
3157 2029 3353 2092 ἄλλους
3393 2030 3707 2101 ἐθεασάμην

2125 2119 2334 2172 ἐκεῖθεν
2357 2117 2705 2189 ἐληλυθότας,
2741 2119 2835 2172 καὶ
2861 2119 2976 2184 δέος
3001 2119 3290 2190 ἐδεξάμην.
3321 2121 3395 2173 Οὐ
3428 2119 3538 2192 γὰρ
3566 2117 3705 2186 οἶδα,

2125 2210 2266 2264 κατά
2295 2209 2390 2280 τὴν
2421 2209 2662 2281 Γραφὴν,
2697 2209 2750 2263 τί
2781 2209 2995 2276 τέξεται
3019 2211 3054 2282 ἡ
3084 2209 3336 2265 ἐπιοῦσα.
3369 2212 3620 2282 ’Δγαμαι
3648 2213 3706 2266 δὲ

2123 2302 2223 2371 οὐχ
2255 2301 2455 2371 ἥκιστα
2481 2301 2572 2354 τὸν
2593 2299 3044 2371 θαυμασιώτατον
3069 2302 3164 2355 καὶ
3191 2302 3710 2373 μεγαλοπρεπέστα-

2123 2407 2215 2442 τον
2236 2389 2602 2443 Κελεστιακόν
2627 2389 2758 2461 (21)·
2786 2389 2942 2461 φέρει
2973 2389 3082 2461 γὰρ
3095 2391 3355 2457 γενναίως
3376 2391 3470 2462 τὴν
3497 2409 3705 2462 συμφο-

2127 2481 2247 2553 ράν,
2299 2481 2392 2535 καὶ
2442 2481 2542 2551 τὴν
2588 2481 2687 2550 τῆς
2739 2480 3040 2552 εὐπραξίας
3090 2483 3394 2552 μεταὸολὴν
3449 2482 3711 2555 ἀφορμὴν

2125 2575 2360 2626 ποιεῖται
2416 2572 2755 2642 φιλοσοφίας,
2813 2572 2907 2625 καῖ
2945 2573 3054 2625 τῶν
3097 2573 3234 2626 ὅλων
3295 2573 3386 2626 τὸν
3434 2573 3712 2644 Πρύτανιν

2123 2665 2371 2734 ἀνυμνεῖ,
2404 2662 2498 2717 καὶ
2536 2662 2694 2716 τοῦτο
2725 2663 3006 2735 συμφέρον
3043 2663 3362 2736 ὑπείληφεν,
3399 2665 3537 2736 ὅπερ
3567 2668 3712 2719 ὲκεί-

2123 2774 2210 2821 νος
2237 2755 2268 2826 ἢ
2295 2755 2553 2824 γενέσθαι
2594 2754 2952 2826 προσέταξεν,
2982 2757 3015 2827 ἥ
3050 2757 3340 2828 γινόμενον
3373 2758 3476 2810 ούκ
3503 2758 3705 2811 ἐκώλυ-

2127 2866 2238 2902 σεν.
2269 2849 2544 2920 Ἀρῤητος
2577 2847 2683 2918 γάρ
2716 2848 2816 2918 τῆς
2866 2846 3018 2912 θείας
3077 2850 3421 2920 προμηθείας
3455 2853 3484 2904 ό
3526 2850 3708 2919 λόγος.

2122 2939 2322 2993 Τοῦτον
2361 2939 2502 3008 μετά
2530 2939 2630 3008 τῆς
2660 2939 2932 3010 ὁμοζύγου
2978 2940 3070 2994 καὶ
3101 2941 3208 2994 τῶν
3243 2943 3448 2995 παίδων
3489 2960 3712 3015 περινο-

2058 3052 2062 3055 ·
2124 3028 2349 3084 στοῦντα
2423 3028 2788 3100 ’Δὸραμιαίας
2859 3029 3145 3095 ἀξιωσάτω
3210 3032 3614 3104 φιλοφροσύνης
3667 3037 3710 3105 ἠ

2122 3123 2362 3193 ὑμετέρα
2394 3121 2856 3192 μεγαλοπρέπεια.
2887 3123 2967 3194 Τῇ
2995 3123 3104 3192 γὰρ
3126 3123 3368 3195 ὑμετέρᾳ
3393 3124 3709 3194 μεγαλοψυ-

2125 3214 2219 3286 χίᾳ
2243 3213 2485 3287 θαρρῶν,
2521 3213 2744 3281 ξεναγὸς
2778 3212 2958 3268 αὐτῶν
2989 3217 3317 3287 γεγένημαι,
3361 3217 3456 3271 καὶ
3479 3216 3578 3289 τὴν
3621 3235 3713 3288 φι-

2124 3308 2343 3379 λότιμον
2372 3307 2527 3378 ὑμῶν
2561 3307 2912 3378 ὑποδείκνυμι
2938 3307 3137 3374 δεξιάν.

2539 3445 2620 3499 A'.
2650 3475 2720 3484 —
2761 3443 2963 3513 Ἀερίφ
2993 3443 3284 3513 σοφιστῇ.

2211 3555 2344 3610 Ἰδοὺ
2377 3554 2570 3628 καιρὸς
2606 3557 2707 3627 τὴν
2731 3555 3008 3628 ὑμετέραν
3045 3555 3358 3626 ἀκαδημίαν
3392 3555 3564 3619 δεῖξαι
3599 3555 3712 3610 τῶν

2125 3649 2300 3718 λόγων
2325 3648 2424 3719 τὴν
2445 3647 2737 3716 ὠφέλειαν.
2773 3645 2982 3700 ’Λκούω
3020 3645 3132 3717 γὰρ
3162 3646 3420 3714 σύλλογον
3451 3645 3710 3716 λαμπρὸν

2126 3739 2445 3810 ἀγείρεσθαι
2478 3738 2616 3810 πρὸς
2652 3739 2819 3808 ὑμᾶς,
2855 3738 2950 3792 καὶ
2991 3737 3052 3790 τὸ
3101 3737 3378 3807 συνέδριον
3412 3737 3471 3803 ἐξ
3498 3737 3710 3808 ἀνδρῶν

2127 3830 2268 3886 εἶναι
2292 3833 2595 3903 προγονικῇ
2642 3829 2972 3900 περιφανείᾳ
3014 3829 3452 3900 σεμνυνομένων,
3487 3830 3580 3882 καὶ
3609 3832 3712 3898 τὴν

2128 3929 2378 3997 γλῶτταν
2421 3925 2872 3996 κεκαθαρμένων,
2904 3923 3000 3976 καὶ
3039 3924 3166 3986 τοὺς
3185 3923 3379 3991 λόγους
3401 3923 3528 3994 ὑμῖν
3552 3922 3712 3990 γενέ-

2130 4020 2252 4074 σθαι
2279 4019 2389 4090 (22)
2419 4018 2547 4087 περί
2573 4035 2632 4069 τε
2673 4010 2877 4087 ἀρετῆξ
2912 4016 3004 4068 καὶ
3037 4015 3342 4078 ἀθανασίας
3367 4015 3569 4085 ψυχῆς,
3616 4016 3713 4068 καὶ

2125 4111 2234 4164 τῶν
2258 4109 2433 4166 ἀλλων
2455 4109 2555 4161 ὅσα
2587 4105 3135 4176 τούτοιςνσυμδαίνει.
3171 4105 3390 4173 Δείξατε
3419 4105 3712 4176 τοιγαροῦν

2127 4203 2259 4273 ἡμῖν
2293 4202 2374 4262 είς
2403 4199 2596 4269 καιρὸν
2629 4197 2730 4266 τῆς
2778 4195 2958 4266 ψυχῆς
2990 4195 3099 4267 τὴν.
3136 4196 3441 4264 εὐγένειαν,
3476 4198 3570 4250 καὶ
3610 4197 3714 4265 τῆς

2128 4293 2332 4365 ἀρετῆς
2365 4292 2458 4346 τὸν
2509 4290 2832 4361 ἀξιόκτητον
2883 4287 3136 4351 πλοῦτον,
3185 4288 3283 4342 καὶ
3337 4285 3563 4353 δέξασθε
3617 4289 3713 4341 τὸν

2129 4383 2585 4456 θαυμασιώτατον
2634 4381 2730 4434 καὶ
2781 4379 3375 4451 μεγαλοπρεπέστατον
3407 4379 3711 4433 Κελεστια-

2129 4477 2246 4541 κδν,
2275 4475 2351 4539 ὼς
2380 4475 2482 4544 τῆς
2511 4471 2858 4543 ἀνθρωπείας
2886 4471 3183 4543 εὐημερίας
3212 4470 3584 4541 δεδιδαγμένοι
3611 4471 3714 4533 τὰς

444 4550 644 4626 cdocti.
711 4569 844 4622 Nam
906 4576 963 4620 et
1009 4565 1124 4637 ipse
1179 4562 1458 4636 quondam
1500 4561 2020 4635 Carthaginensium

2130 4569 2532 4640 ἀγχιστρόφους
2591 4563 2922 4636 μεταϐολάς..
2956 4565 3066 4622 Καὶ¹
3105 4563 3214 4635 γάρ
3264 4564 3432 4627 αὓτδς
3482 4564 3713 4634 ἐκόσμει

446 4659 792 4729 metropolim
821 4658 1123 4713 exornabat
1155 4664 1249 4712 :et
1283 4655 1484 4712 domus
1519 4671 1632 4710 suae
1661 4657 1860 4726 januas
1881 4653 2026 4707 mul-

445 4752 516 4806 tis
539 4749 855 4818 hospitibus
877 4747 1167 4820 patefecit,
1188 4763 1290 4804 nec
1310 4748 1491 4802 aliena
1522 4745 1894 4802 beneﬁcentia
1919 4741 2026 4798 sibi

444 4859 585 4914 opus
645 4841 764 4896 fore
817 4841 1079 4911 speravit.
1119 4839 1199 4895 Tu
1227 4857 1359 4911 ergo
1387 4850 1445 4894 et
1476 4839 1720 4908 linguam
1757 4836 1837 4891 illi
1870 4849 2027 4888 com-

449 4935 628 4999 moda,
663 4942 893 5003 tuaque,
935 4934 1131 4998 amice,
1168 4948 1303 4987 voce
1360 4929 1626 4998 indigenti
1658 4925 2025 4996 patrocinare.

448 5024 722 5080 Poeticam
753 5025 901 5080 enim
941 5041 1054 5081 non
1083 5025 1191 5081 fert
1209 5021 1565 5084 sententiam,
1600 5035 1724 5088 quae
1779 5017 2028 5085 increpat

443 5124 719 5187 egentem,
741 5115 788 5171 si
811 5117 959 5186 quod
987 5115 1222 5171 verbum
1252 5110 1567 5184 protulerit.
1609 5110 1678 5164 Et
1717 5109 1784 5163 iis
1814 5123 1844 5160 e
1879 5117 2026 5162 coetu

446 5207 552 5262 isto
599 5207 694 5276 qui
743 5216 976 5277 possunt
1001 5204 1194 5269 suade,
1227 5213 1290 5258 ut
1339 5201 1550 5256 Alcinoi
1595 5200 2026 5270 hospitalitatem

444 5299 796 5359 reniulentur,
863 5312 927 5349 ac
972 5303 1357 5365 paupertatem
1407 5308 1531 5362 qua:
1573 5291 1848 5362 insperata
1899 5292 2030 5346 huic

446 5387 644 5457 obtigit
676 5385 974 5456 depellant,
1007 5393 1063 5437 et
1090 5385 1376 5438 adversam
1404 5382 1677 5437 fortunam
1711 5383 1764 5437 in
1796 5398 2027 5452 prospe-

448 5494 559 5533 ram
629 5483 973 5540 convertant,
1027 5475 1238 5547 1092
1283 5475 1688 5547 henignumquc
1738 5476 2029 5530 Dominum

519 5637 562 5668 ³⁸
596 5637 758 5691 Prov.
790 5650 954 5698 xxvn,
986 5634 1032 5686 l.

522 5789 630 5856 (Ἣ)
664 5788 1069 5843 Κελεστινιανόν
1101 5787 1334 5842 habebat
1362 5786 1650 5840 Vaticanus
1687 5785 1830 5855 apud
1865 5785 2026 5838 Barc-

452 5862 599 5913 ninm
627 5862 691 5916 ad
720 5877 766 5912 a.
800 5861 860 5912 Ο.
886 5860 1020 5924 HO;
1053 5866 1181 5911 tom.
1219 5858 1302 5918 VI,
1339 5873 1390 5924 ιι.
1425 5857 1474 5909 5.

2127 4660 2226 4730 μὲν
2274 4660 2442 4712 πάλαι
2488 4659 2589 4727 τὴν
2643 4655 3037 4727 Καρχηδονίων
3080 4654 3448 4729 μητρόπολιν·
3493 4655 3715 4719 πολλοῖς

2121 4752 2178 4804 δὲ
2209 4751 2383 4816 ξένοις
2417 4751 2718 4803 ἀνεπέτασε
2749 4750 2849 4811 τὰς
2883 4748 3054 4820 θύρας
3082 4747 3184 4816 τῆς
3213 4748 3412 4811 οἰκίας,
3444 4748 3545 4818 τῆς
3577 4749 3704 4802 ἐτέ-

2129 4860 2236 4912 ρων
2291 4841 2349 4894 δὲ
2403 4839 2820 4910 φιλανθρωπίας
2872 4841 2977 4895 οὐκ¹
3019 4839 3249 4909 ἤλπισεν
3301 4839 3711 4910 ὲπιδεήσεσθαι.

2128 4928 2166 4980 Γ
2169 4927 2288 4980 ενοῢ
2312 4926 2493 4980 τοίνυν
2521 4925 2669 4996 αὐτῷ
2695 4925 2932 4994 γλῶττα,
2962 4928 3058 4979 καὶ
3086 4927 3480 4999 συνηγόρησον,
3505 4922 3558 4980 ὢ
3579 4928 3714 4998 φίλη

2127 5017 2362 5089 κεφαλὴ,
2393 5019 2492 5088 τῆς
2527 5017 2628 5086 σῆς
2659 5017 2901 5090 δεομένῳ
2950 5019 3169 5088 φωνῆς’
3213 5017 3316 5088 τῆς
3345 5018 3455 5087 γὰρ
3494 5035 3716 5088 ποιητμ

2127 5113 2229 5182 κῆς
2263 5111 2364 5165 οὑκ
2409 5111 2663 5181 ἀνέχεται
2704 5111 3103 5181 παραινέσεως,
3136 5111 3170 5182 ἡ
3219 5111 3430 5165 κελεύει
3469 5111 3560 5164 τὸν
3588 5112 3714 5165 δεόαο

2131 5221 2313 5274 μενον,
2365 5203 2459 5256 καὶ
2509 5203 2658 5274 ῥῆμα
2692 5203 2759 5256 ἀν
2813 5220 2866 5256 τι
2915 5201 3041 5272 διδῷ
3063 5204 3212 5271 (23)°
3245 5202 3340 5255 καὶ
3379 5205 3566 5254 πεῖσον
3611 5200 3716 5256 τοῦ

2130 5292 2392 5360 συλλόγου
2451 5292 2580 5355 τοὺς
2629 5292 2962 5362 δυναμένους
3006 5293 3105 5362 τὴν
3141 5293 3416 5346 Ἀλκινόου
3463 5292 3716 5362 ζηλῶσαι

2129 5383 2455 5451 φιλοξενίαν,
2509 5384 2602 5436 καὶ
2636 5385 2734 5454 τὴν
2785 5383 3048 5453 ἀδόκητον
3097 5383 3246 5453 αύτῷ
3286 5383 3716 5455 προσπεσοῦσαν

2130 5473 2384 5538 ἐξελάσαι·
2411 5474 2624 5538 πενίαν,
2659 5474 2754 5528 καὶ
2787 5473 2886 5544 τὴν
2918 5473 3252 5544 δυσκληρίαν
3295 5475 3374 5538 εἰς
3410 5473 3717 5544 εὐκληρίαν

2206 5785 2314 5862 (ἓὲ)
2346 5785 2618 5862 γίνεσθαι,
2639 5787 2807 5862 Neap.

2200 5856 2310 5923 (23)
2345 5858 2463 5911 ἀντὶ
2498 5860 2648 5930 αἱδῷ.
2690 5858 2857 5929 Neap.
