4056 6432
431 432 452 496 l
465 428 567 496 2'09

1700 427 2063 488 EPISTULA
2102 424 2344 485 XXXII.

3545 412 3680 477 1210

431 544 783 615 μεταϐαλεῖν⁸
841 547 935 598 καὶ
963 545 1055 600 τὸν
1099 545 1479 615 φιλάνθρωπον
1514 543 1754 613 ὑμνῆσαι
1793 541 1995 592 Δεσπό-

2117 537 2352 601 laudent,
2385 536 2479 610 qui
2523 536 2720 591 alienis
2745 549 2845 589 nos
2875 529 3282 588 calamitatibus
3307 524 3486 580 erudit
3534 543 3546 578 :
3585 527 3678 594 qui

427 653 552 706 την,
584 635 668 688 ὅτι
694 637 806 700 τοῖς
836 636 1139 707 ἀλλοτρίοις
1161 638 1311 706 ἡμᾶς
1339 632 1662 705 σωφρονίζει
1692 632 2002 701 παθήμασι,

427 724 526 775 καὶ
546 723 641 792 ούχ
669 725 817 794 ἡμᾶς
849 725 929 786 είς
953 725 1145 794 ἑτέρων
1184 719 1767 795 παρέπεμψενόίκίας,
1789 720 1902 773 ἀλλ’
1927 721 2005 782 είς

425 808 528 870 τὰς
551 809 825 879 ἡμετέρας
852 809 1044 874 ἄλλους
1079 813 1254 880 ἤγαγε
1277 811 1446 882 θύρας
1469 828 1481 841 ·
1508 810 1603 864 καὶ
1626 809 2006 881 φιλανθρωπίᾳ.

425 899 740 968 χρωμένοις
777 900 1122 970 ὑπισχνεῖται
1159 902 1351 956 δώσειν
1382 901 1419 957 ἃ.
1451 902 1589 973 μήτε
1619 900 1777 970 λόγος
1804 901 2002 965 εἰπεῖν,

427 989 571 1060 μήτε
605 989 732 1053 νοῦς
763 991 938 1062 ἰσχύει
969 993 1312 1061 λογίσασθαι.

608 1107 736 1160 AA'.
769 1138 840 1147 —-
871 1108 1076 1178 Δόμνῳ
1102 1110 1411 1174 ἑπισκόπφ
1445 1108 1822 1176 Ἀντιοχείας.

502 1219 594 1288 Τῷ
632 1219 1072 1292 θαυμασιωτάτῳ
1101 1221 1197 1275 καὶ
1233 1219 1801 1291 μεγαλοπρεπεστάτῳ
1832 1216 2003 1270 Κελε-

429 1308 641 1377 στιακῷ
661 1310 776 1378 (24)
800 1311 995 1381 πατρὶς
1025 1312 1123 1382 μὲν
1145 1313 1180 1382 ἡ
1209 1311 1649 1382 πολυθρύλλητος
1680 1307 2000 1379 Καρχηδὼν,

425 1401 584 1467 γένος
636 1400 695 1454 δέ
751 1401 811 1454 τὸ
859 1403 915 1454 ὲν
971 1403 1157 1474 ἐκείνῃ
1209 1402 1571 1473 γεγενημένον
1623 1401 1999 1471 περίϐλεπτον.

437 1487 605 1542 Ἀλλά
632 1488 727 1542 νῦν
773 1488 834 1556 ἐξ
873 1490 1092 1559 ὲκείνης
1139 1489 1492 1561 ἐληλαμένος,
1521 1490 1620 1561 τὴν
1647 1489 1807 1560 ξένην
1850 1506 2007 1559 περι-

423 1582 632 1638 νοστεῖ,
684 1581 781 1636 καὶ
825 1581 936 1635 τῶν
983 1582 1248 1652 φιλοθέων
1290 1582 1388 1646 τὰς
1425 1583 1613 1653 χεῖρας
1657 1581 2003 1651 περισκοπεῖ.

430 1672 589 1742 Ἔχει
625 1672 683 1726 δὲ
720 1673 814 1726 καὶ
852 1673 1097 1744 φορτίον,
1143 1674 1442 1742 ἀναγκαῖον
1480 1673 1602 1743 μὲν,
1649 1673 1916 1726 ἐπιτεῖνον
1947 1670 2004 1724 δὲ

424 1763 530 1833 τὴν
557 1763 852 1834 φροντίδα·
885 1765 983 1835 τὴν
1036 1765 1280 1836 γαμετὴν
1323 1764 1488 1832 λέγω,
1533 1763 1628 1817 καὶ
1667 1765 1736 1818 τά
1791 1765 2003 1832 παιδία,

2109 645 2209 683 nos
2231 628 2297 681 ad
2324 628 2555 682 aliorum
2583 629 2778 681 domos
2813 641 2924 681 non
2956 620 3293 685 amandavit,
3319 617 3413 672 sed
3439 616 3578 670 alios
3610 615 3679 667 ad

2101 721 2298 790 januas
2329 727 2542 772 nostras
2576 716 2822 780 deduxit,
2846 723 2901 769 et
2923 711 3260 782 benignitate
3293 706 3577 762 utentibus
3614 720 3679 758 ca

2107 812 2364 867 daturum
2395 825 2453 865 se
2494 810 2786 880 promittit,
2835 824 2956 878 qua:
3002 822 3103 860 nec
3132 802 3309 857 oratio
3338 800 3545 870 eloqui,
3579 811 3682 852 nec

2107 903 2346 974 cogitare
2379 917 2534 956 mens
2565 909 2764 972 potest.

2282 1104 2764 1161 XXXl.—Domno
2797 1102 3033 1174 episwpo
3060 1097 3346 1153 Antiochia?
3370 1093 3502 1165 (25).

2177 1217 2632 1274 Praestantissimo
2664 1225 2720 1270 et
2773 1208 3314 1284 magnificentissimo
3376 1203 3681 1260 Celestiaco

2106 1310 2283 1382 patria
2337 1309 2558 1379 quidem
2598 1306 2952 1362 celeberrima
3014 1301 3304 1369 Carthago,
3344 1311 3515 1367 genus
3550 1307 3681 1347 vero

2105 1400 2253 1471 quod
2283 1399 2341 1454 in
2375 1400 2467 1453 illa
2497 1397 2601 1452 fuit
2633 1394 2952 1466 spectabile.
2988 1391 3058 1446 At
3091 1404 3238 1443 nunc
3281 1402 3347 1441 ex
3372 1402 3436 1440 ca
3473 1383 3677 1453 pulsus,

2105 1502 2321 1548 exteras
2368 1505 2494 1545 oras
2542 1494 2818 1559 peragrat,
2868 1495 2926 1540 et
2992 1482 3090 1537 Dei
3141 1478 3449 1534 amantium
3489 1484 3684 1528 manus

2106 1583 2498 1653 circumspicit.
2566 1580 2740 1634 Habet
2787 1585 3052 1647 praeterea
3101 1587 3244 1626 onus
3292 1565 3683 1626 necessarium,

2105 1675 2253 1746 quod
2288 1674 2366 1728 illi
2393 1688 2552 1728 curas
2586 1678 2766 1740 auget,
2802 1680 3048 1729 uxorem,
3080 1671 3136 1718 et
3162 1660 3321 1723 ﬁlios,
3348 1666 3404 1712 et
3426 1654 3683 1714 famulos,

2107 1782 2342 1837 quorum
2392 1779 2555 1819 causa
2611 1759 2862 1832 pluribus
2902 1763 3027 1826 eget
3067 1749 3346 1822 impensis.
3395 1747 3506 1814 Ego
3551 1759 3686 1798 vero

426 1855 527 1909 καὶ
553 1855 680 1918 τοὺς
703 1855 958 1920 οἰκείους,
986 1849 1062 1910 ὧν
1083 1855 1246 1910 ἕνεκα
1273 1855 1533 1909 πλειόνων
1562 1856 1735 1910 δεῖται
1759 1855 2005 1925 δαπανη-

2117 1859 2254 1912 illius
2281 1857 2524 1911 animum
2549 1851 2851 1908 admiratus
2876 1863 3018 1902 sum.
3071 1843 3164 1898 Sic
3202 1841 3350 1897 enim
3395 1835 3551 1908 quasi
3595 1851 3684 1889 se-

430 1945 643 2014 μάτων.
682 1945 826 2014 Ἐγὼ
860 1947 918 1998 δὲ
959 1947 1124 2002 αὐτοῦ
1149 1946 1251 2018 τὴν
1294 1946 1519 2018 γνώμην
1549 1945 1892 2016 τεθαύμακα.
1921 1947 2010 2009 Ὠς

429 2037 493 2102 ἐξ
520 2037 721 2109 ούρίων
773 2038 883 2108 γὰρ
940 2039 1280 2108 φερόμενος,
1333 2039 1477 2092 οὓτω
1518 2038 1607 2091 τὸν
1653 2037 2010 2108 κυϐερνήτην

427 2128 611 2196 ύμνεῖ,
649 2129 744 2182 καὶ
791 2129 885 2181 τοῦ
937 2128 1177 2198 χαλεποῦ
1209 2129 1485 2192 κλύδωνος
1519 2130 1578 2182 ού
1612 2130 1973 2200 πεφρόντικεν
1993 2144 2006 2158 ·

425 2219 528 2288 τὴν
559 2219 669 2289 γὰρ
713 2219 998 2274 εὐσέϐειαν
1046 2221 1111 2274 ὲκ
1155 2221 1256 2290 τῆς
1306 2221 1596 2291 συμφορᾶς
1626 2219 2008 2292 ἐκαρπώσατο,

427 2311 528 2364 καὶ
567 2309 659 2363 τὸν
686 2311 1094 2380 τρισμακάριον
1149 2311 1301 2380 αύτῷ
1344 2311 1532 2365 τοῦτον
1575 2311 1788 2382 καρπὸν
1827 2311 2012 2382 ἡδυσ-

427 2398 633 2470 κληρία
686 2399 1085 2470 προσήνεγκεν.
1145 2400 1340 2452 Ἦνίκα
1384 2399 1495 2470 γάρ
1556 2399 1656 2469 τῆς
1713 2399 2012 2472 εὐπραξίας

427 2490 733 2561 ἀπήλαυεν,
767 2489 897 2553 τοὺς
932 2489 1208 2553 τοιούτους
1235 2490 1296 2542 ού
1334 2490 1589 2561 προσίετο
1616 2490 1839 2558 λόγουςο
1869 2491 2014 2544 ὲκεί-

429 2599 531 2651 νης
572 2581 630 2634 δὲ
676 2580 1010 2651 γυμνωθεὶς,
1046 2580 1394 2634 συναπέϐαλε
1448 2581 1548 2652 τὴν
1594 2580 1871 2647 ἀσέϐειαν,
1917 2581 2013 2634 καὶ

427 2669 528 2723 νῦν
555 2667 671 2739 ἔχει
695 2670 793 2722 τὸν
827 2669 1060 2723 πλοῦτον
1089 2669 1187 2739 τῆς
1223 2668 1462 2732 πίστεως
1482 2685 1498 2701 ο
1532 2665 1592 2724 οὗ
1633 2671 1698 2741 δὴ
1731 2671 1890 2740 χάριν
1914 2671 2012 2741 τῆς

426 2759 770 2831 δυσπραξίας
807 2761 1025 2829 ἐκείνης
1070 2762 1422 2830 καταφρονεῖ.
1473 2760 1790 2830 Παρακαλῶ
1833 2761 2012 2814 τοίνυν

427 2851 532 2922 τὴν
592 2851 690 2922 σὴν
742 2850 1074 2919 ἁγιωσύνην,
1110 2851 1390 2920 ἀποφῆναι
1429 2850 1578 2920 αύτῷ
1621 2851 1859 2921 πατρίδα
1912 2849 2014 2920 τὴν

428 2941 595 3010 ξένην
622 2981 637 3006 ,
660 2941 757 2994 καὶ
789 2941 1094 3012 προτρέψαι
1133 2943 1261 3004 τοὺς
1302 2940 1514 3012 πλούτῳ
1544 2942 1830 3013 κομῶντας
1874 2941 2015 3014 ψυχ-

431 3034 724 3104 αγωγῆσαι
748 3034 840 3087 τὸν
861 3034 959 3105 τῆς
976 3035 1144 3106 αὐτῆς
1164 3035 1528 3107 γεγενημένον
1569 3035 1899 3106 συμμορίας,
1919 3036 2014 3090 καὶ

427 3126 534 3194 τῆς
563 3127 849 3196 συμφορᾶς
879 3125 1135 3180 διαλῦσαι
1157 3125 1219 3178 τὸ
1245 3126 1427 3196 νέφος.
1454 3126 1728 3197 Προσὴκει
1755 3126 1864 3197 γὰρ
1888 3127 2016 3191 τοὺς

2109 1949 2306 2004 cundis
2338 1947 2518 2002 ventis
2561 1944 2798 1998 ferretur
2838 1943 2853 1960 '
2905 1937 3340 1994 Gubernatorem
3384 1928 3590 1991 laudat,
3630 1931 3688 1980 et

2109 2055 2328 2112 gravem
2366 2042 2742 2106 tempestatem
2772 2029 2932 2085 nihili
2959 2027 3110 2082 facit.
3145 2024 3415 2080 Pietatem
3446 2031 3685 2086 namque

2109 2110 2179 2186 ex
2235 2127 2545 2183 calamitate
2601 2140 2699 2178 sua
2752 2122 2999 2176 lucratus
3051 2125 3156 2180 est,
3196 2110 3686 2176 felicissimumque

2112 2224 2262 2278 hunc
2323 2220 2402 2274 illi
2459 2218 2699 2272 fructum
2755 2210 3048 2267 infelicitas
3102 2205 3307 2262 attulit.
3369 2203 3504 2258 Nam
3554 2200 3686 2254 dum

2112 2326 2376 2383 prospera
2423 2309 2645 2363 fortuna
2694 2311 2969 2367 uteretur,
3026 2294 3348 2370 huiusmodi
3406 2305 3691 2347 sermones

2111 2381 2226 2460 non
2246 2381 2594 2458 emittebat:
2634 2396 2728 2455 illa
2766 2409 2900 2448 vero
2933 2392 3223 2462 spoliatus,
3274 2384 3436 2442 simul
3491 2381 3692 2453 abjecit

2112 2495 2473 2566 impietatem,
2498 2497 2554 2544 et
2577 2485 2796 2558 pietatis
2830 2484 3054 2538 divitias
3080 2495 3230 2536 nunc
3253 2475 3516 2548 possidet,
3551 2489 3688 2542 qua-

2113 2564 2235 2642 rum
2256 2584 2428 2657 gratia
2455 2579 2844 2636 adversitatem
2877 2577 3040 2630 istam
3073 2569 3396 2628 contemnit.
3428 2566 3538 2622 Oro
3583 2564 3688 2617 ita-

2111 2694 2220 2749 que
2276 2675 2624 2731 sanctitatem
2673 2680 2846 2733 tuam,
2897 2674 2959 2722 ut
3008 2666 3066 2720 in
3100 2671 3290 2719 extera
3332 2658 3554 2729 regione
3593 2671 3691 2726 pa-

2112 2745 2274 2823 triam
2327 2765 2410 2820 illi
2461 2763 2742 2826 restituas,
2791 2767 2848 2814 et
2889 2758 3012 2812 illos
3033 2754 3130 2825 qui
3179 2751 3378 2822 opibus
3409 2745 3690 2803 abundant

2113 2855 2374 2920 horteris,
2418 2861 2482 2907 ut
2531 2852 2682 2905 hunc
2727 2849 2822 2918 qui
2855 2847 2913 2901 in
2938 2844 3132 2900 eadem
3169 2842 3341 2896 classe
3372 2838 3476 2892 fuit
3496 2846 3692 2891 conso—

2113 2951 2320 3012 lentur,
2365 2954 2421 3002 et
2460 2942 2787 3001 calamitatis
2817 2941 2939 3011 ejus
2968 2937 3172 2992 nubem
3201 2932 3522 2988 discutiant.
3547 2927 3694 2984 Con—

2113 3039 2266 3096 venit
2289 3037 2458 3101 enim,
2487 3041 2548 3088 ut
2585 3033 2679 3103 qui
2723 3029 2972 3085 eamdem
3003 3034 3256 3080 naturam
3303 3019 3486 3076 sortiti
3540 3025 3690 3081 sunt,

2115 3138 2171 3185 et
2204 3127 2458 3184 similiter
2501 3123 2725 3194 quidem
2770 3119 3158 3188 deliquerunt,
3193 3112 3287 3169 sed
3331 3108 3543 3180 1093
3577 3121 3695 3176 po:-

428 3217 532 3289 τὴν
582 3216 752 3287 αὐτὴν
785 3216 949 3286 φύσιν
1001 3217 1292 3287 λαχόντας,
1333 3217 1429 3270 καὶ
1472 3217 1670 3286 ὁμοίως
1702 3217 1800 3288 μὲν
1832 3217 2013 3288 πλημ-

2118 3235 2243 3274 nam
2282 3222 2599 3279 evaserunt,
2634 3213 2691 3267 in
2715 3211 3002 3265 adversam
3035 3206 3314 3261 fortunam
3349 3200 3515 3270 lapsis
3547 3197 3694 3252 sola-
3769 3231 3771 3233 ι

433 3305 758 3379 μελοῦντας,
782 3307 880 3378 τὴν
913 3307 969 3360 δὲ
1000 3305 1272 3376 τιμωρίαν
1301 3305 1694 3376 διαφυγόντας,
1741 3308 1854 3370 τοῖς
1884 3306 2012 3358 δυσ-

428 3397 642 3469 ημερία.
666 3398 1027 3469 περιπεσοῦσι
1048 3395 1408 3467 ψυχαγωγίαν
1439 3397 1792 3468 προσφέρειν,
1815 3396 1911 3449 καὶ
1945 3399 2012 3468 τῇ

431 3491 566 3561 περὶ
590 3489 815 3552 τούτους
847 3487 1162 3559 συμπαθείᾳ
1189 3488 1280 3540 τὸν
1307 3486 1440 3540 Θεὸν
1468 3486 1761 3540 ίλεοῦσθαι.

745 3602 867 3655 AB’.
898 3633 967 3641 —
1001 3601 1332 3666 Θεοκτίστῳ
1372 3599 1704 3666 ἐπισκόπει).

507 3693 570 3745 Εἰ
618 3693 753 3744 πᾶσι
802 3693 913 3754 τοῖς
959 3689 1372 3761 πλημμελοῦσιν
1424 3689 1661 3762 ἐπέφερε
1704 3691 2018 3763 παραυτίκα

432 3781 536 3845 τὰς
586 3781 856 3853 τιμωρίας
907 3784 936 3834 ὁ
972 3781 1080 3834 τῶν
1127 3781 1264 3834 ὅλων
1297 3780 1451 3847 Θεὸς,
1484 3782 1693 3845 πάντας
1737 3781 1804 3837 ἂν
1850 3782 2018 3853 ἄρδην

433 3871 742 3926 ἀπώλεσεν.
793 3871 1013 3940 Ἐπειδὴ
1041 3872 1096 3925 δὲ
1125 3872 1297 3943 φειδυῖ
1325 3873 1418 3925 καὶ
1455 3872 1837 3944 φιλανθρωπίᾳ
1863 3873 2019 3926 δικά-

434 3966 541 4033 ζει,
573 3965 700 4026 τοὺς
739 3963 838 4034 μὲν
868 3965 1104 4029 κολάζει,
1129 3967 1241 4026 τοῖς
1283 3965 1340 4018 δὲ
1363 3965 1464 4028 τὰς
1499 3964 1704 4017 τούτων
1735 3966 2012 4035 τιμωρίας

435 4056 563 4110 ἀντὶ
591 4055 943 4118 διδασκαλίας
999 4056 1323 4126 προσφέρει.
1362 4053 1534 4107 Τοῦτο
1582 4055 1678 4107 καὶ
1729 4055 1814 4122 ἐφ’
1857 4055 2016 4126 ήμῶν

443 4147 748 4219 πεποίηκεν
777 4147 804 4199 6
830 4145 1234 4219 φιλάνθρωπος.
1268 4147 1404 4210 Τοὺς
1437 4150 1544 4217 γὰρ
1576 4145 1683 4200 άπὸ
1713 4145 1813 4216 τῆς
1851 4146 2020 4200 πάλαι

439 4241 544 4312 μὲν
566 4239 790 4310 Λιϐύης,
823 4239 918 4292 νῦν
952 4238 1009 4291 δὲ
1048 4238 1317 4309 ῗΑφρικῆς
1351 4236 1712 4309 καλουμένης,
1735 4239 1855 4300 ταῖς
1886 4237 2023 4308 ἠμε-

434 4332 628 4402 τέραις
658 4331 924 4401 προσάγει
966 4329 1180 4400 θύραις,
1234 4330 1327 4382 καὶ
1361 4328 1429 4382 τά
1457 4329 1664 4383 τούτων
1711 4328 2022 4392 ἐπιδεικνὺς

438 4423 769 4494 παθήματα,
824 4421 1123 4492 δειμαίνειν
1159 4419 1602 4491 παρασκευάζει,
1649 4420 1744 4473 καὶ
1790 4419 1868 4490 τῷ
1913 4419 2021 4472 δέει

2111 3311 2248 3365 ιίιιιιι
2304 3305 2650 3377 impendant,
2686 3311 2744 3357 et
2790 3316 2890 3355 sua
2923 3299 2982 3356 in
3029 3297 3154 3352 illos
3205 3288 3692 3351 commiseratione

2115 3403 2288 3458 Deum
2319 3397 2553 3455 reddant
2573 3393 2900 3467 propitium.

2446 3603 2664 3660 XXXII.
2687 3633 2758 3643 ——
2773 3600 3061 3656 Theoctisto
3095 3595 3354 3668 episcopo.

2185 3697 2242 3753 Si
2268 3695 2526 3752 omnibus
2559 3695 2653 3765 qui
2677 3695 3006 3763 delinquunt
3030 3704 3220 3760 poenas
3247 3685 3502 3758 protinus
3549 3675 3710 3736 irro?

2115 3796 2267 3860 garet
2292 3786 2674 3840 universorum
2725 3785 2891 3849 Deus,
2947 3795 3138 3836 omnes
3190 3777 3409 3848 penitus
3460 3775 3691 3829 deleret.

2118 3878 2223 3934 Sed
2247 3877 2377 3946 quia
2407 3877 2584 3947 parcit
2616 3885 2671 3930 et
2702 3876 2940 3944 benigne
2991 3871 3223 3943 judicat,
3268 3868 3392 3922 ideo
3428 3867 3565 3921 alios
3595 3881 3697 3936 pu-

2116 3972 2220 4036 nit,
2270 3973 2392 4027 aliis
2439 3975 2634 4026 horum
2682 3985 2873 4041 poenas
2925 3969 2993 4023 ad
3052 3966 3362 4022 doctrinam
3412 3957 3694 4031 proponit.

2117 4062 2274 4130 Quod
2331 4064 2498 4118 etiam
2556 4071 2803 4132 tempore
2856 4068 3049 4115 nostro
3097 4055 3353 4129 praestitit
3410 4051 3696 4107 hominum

2119 4165 2348 4211 amator.
2385 4155 2547 4210 Cives
2606 4154 2754 4208 enim
2806 4152 3117 4216 Africanos,
3167 4149 3261 4218 qui
3313 4146 3513 4216 Libyes
3563 4141 3695 4195 olim

2120 4246 2465 4309 dicebantur,
2519 4245 2586 4300 ad
2634 4247 2831 4315 januas
2857 4252 3076 4298 nostras
3120 4238 3363 4300 adducit,
3393 4237 3700 4303 horumque

2120 4350 2394 4392 aerumnas
2422 4335 2719 4389 ostendens
2741 4333 2994 4387 timorem
3027 4328 3246 4392 incutit,
3292 4335 3349 4381 et
3389 4325 3587 4379 timore
3629 4321 3700 4374 ad

2123 4427 2658 4484 commiserationem
2707 4425 2960 4481 excitat:
3009 4423 3228 4491 duoque
3287 4419 3479 4474 eadem
3535 4429 3701 4484 opera

440 4515 578 4584 πρὸς
629 4512 980 4583 συμπάθειαν
1016 4511 1306 4582 διεγείρει·
1355 4512 1452 4564 καὶ
1491 4511 1584 4563 δύο
1641 4513 1782 4565 κατὰ
1843 4510 2018 4564 ταυτά

2121 4520 2356 4592 perficit,
2383 4518 2529 4589 quod
2563 4527 2620 4574 et
2646 4518 2866 4572 illorum
2899 4513 3254 4585 castigatione
3275 4511 3435 4566 nobis
3454 4506 3699 4579 prodest,

438 4604 692 4659 ἐντεῦθεν
731 4604 1171 4666 κατασκευάζει·
1205 4605 1356 4674 ἡμᾶς
1396 4620 1457 4656 τε
1496 4603 1606 4674 γάρ
1653 4605 1718 4655 ὲκ
1742 4604 1842 4673 τῆς
1877 4603 2020 4655 ὲκεί-

439 4713 552 4748 νων
581 4695 832 4757 παιδείας
865 4693 1124 4764 ὀνίνησιν,
1158 4695 1254 4748 καὶ
1292 4695 1520 4756 ἐκείνοις
1546 4693 1614 4746 δι’
1653 4693 1811 4765 ἡμῶν
1847 4710 2018 4764 προσ-

439 4787 603 4859 φέρει
657 4787 1008 4858 παραψυχήν.
1051 4787 1269 4858 Ταύτην
1300 4785 1602 4858 παρακαλῶ
1637 4804 1728 4840 σου
1775 4787 1873 4857 τὴν
1911 4786 2023 4839 θεο-

441 4878 662 4931 σέϐειαν
706 4878 893 4950 ὀρέξαι
937 4878 1016 4948 τῷ
1053 4877 1490 4948 θαυμασιωτάτῳ
1534 4878 1625 4932 καὶ
1678 4878 2021 4949 μεγαλοπρε-

440 4969 700 5038 πεστάτῳ
731 4967 1118 5037 Κελεστιακῷ·
1152 4967 1254 5038 τὴν
1283 4968 1394 5038 γὰρ
1431 4968 1654 5022 ἐκείνων
1689 4969 2022 5039 μητρόπολιν

440 5060 617 5116 πάλαι
651 5060 959 5130 κοσμήσας.
1003 5059 1097 5112 νῦν
1131 5060 1190 5112 ού
1236 5059 1411 5123 πόλιν,
1446 5059 1543 5128 οὐχ
1576 5059 1762 5112 ἑστίαν
1795 5060 1929 5129 ἔχει,
1958 5061 2020 5113 ού

450 5152 560 5205 τῶν
598 5151 913 5219 ἀναγκαίων
959 5149 1058 5219 τὴν
1095 5150 1303 5219 χρείαν.
1349 5151 1623 5220 Προσήκει
1663 5150 1844 5202 τοίνυν
1900 5150 2023 5214 τοὺς

442 5241 588 5297 κατὰ
615 5243 715 5312 τὴν
752 5241 850 5312 σὴν
879 5240 1134 5310 ὁσιότητα
1165 5239 1341 5310 ψυχὰς
1372 5240 1686 5310 ποιμαίνειν
1729 5257 2026 5292 πεπιστευ-

448 5335 649 5404 μένους
675 5331 1019 5401 εἱσηγεῖσθαι
1047 5334 1158 5394 τοῖς
1181 5331 1430 5394 πολίταις
1461 5331 1530 5384 τὰ
1561 5329 1816 5402 σύμφορα
1835 5346 1848 5359 °
1882 5331 2028 5384 δέον-

447 5443 541 5478 ται
583 5427 691 5495 γὰρ
721 5425 822 5494 τῆς
862 5423 1116 5493 τοιαύτης
1159 5423 1527 5485 διδασκαλίας,
1561 5415 1638 5474 Οὔ
1676 5422 1739 5492 δὴ
1789 5421 1950 5492 χάριν
1999 5424 2056 5474 δ’

447 5520 592 5580 τεῖος
643 5515 966 5578 ’Λπόστολος
1023 5516 1101 5584 τῷ
1159 5513 1419 5584 μακαρίῳ
1461 5514 1608 5582 Τίτῳ
1653 5513 1879 5583 γράφων
1931 5516 2026 5567 καὶ

521 5653 565 5683 ³⁸
589 5651 696 5704 Tit.
722 5665 798 5713 ιιι,
825 5649 912 5703 M.

523 5775 636 5841 (ΞΗ
677 5769 1020 5840 Κελεστιανῷ
1053 5768 1196 5840 apud
1229 5769 1424 5841 Baron.

2123 4621 2180 4666 et
2220 4609 2326 4664 illis
2365 4625 2463 4679 per
2496 4623 2598 4663 nos
2640 4607 2895 4663 solatium
2928 4604 3263 4676 suppeditat.
3293 4602 3408 4657 Hoc
3447 4614 3548 4670 ego
3581 4597 3700 4667 pie-

2128 4707 2291 4754 tatem
2327 4705 2473 4752 tuam
2499 4712 2618 4760 oro,
2657 4704 2718 4751 ut
2747 4694 3202 4767 praestantissimo
3249 4701 3305 4748 et
3343 4688 3701 4761 magniﬁcen-

2129 4792 2340 4846 tissimo
2373 4798 2594 4860 prarstes
2639 4789 2962 4854 Celestiaco,
2994 4786 3088 4858 qui
3119 4801 3244 4840 cum
3277 4784 3496 4838 illorum
3527 4794 3704 4848 quon-

2128 4883 2253 4938 dam
2282 4881 2626 4953 Metropolim
2649 4879 2881 4942 ornarit,
2912 4893 3064 4933 nunc
3095 4890 3276 4946 neque
3307 4873 3498 4928 urbem
3522 4882 3703 4939 neque

2127 4974 2270 5028 lares
2319 4972 2513 5036 habet;
2535 4985 2714 5040 neque
2744 4967 2990 5024 subsidia
3019 4967 3146 5022 vita:
3171 4962 3500 5020 necessaria.
3523 4959 3705 5029 Opor-

2130 5073 2208 5118 tet
2257 5077 2388 5132 ergo
2440 5070 2501 5116 ut
2551 5061 2645 5132 qui
2695 5059 2840 5130 apud
2895 5057 3242 5115 sanctitatem
3299 5063 3447 5108 tuam
3496 5050 3704 5105 animas

2131 5153 2434 5223 pascendas
2490 5158 2874 5221 susceperunt,
2930 5149 3146 5204 civibus
3192 5145 3482 5216 profutura
3505 5155 3708 5210 sugge-

2131 5252 2276 5298 rant.
2329 5245 2504 5314 Egent
2549 5242 2697 5298 enim
2751 5240 3073 5313 huiusmodi
3119 5237 3428 5308 disciplina.
3469 5231 3626 5287 Unde
3651 5238 3706 5283 et

2130 5333 2351 5388 divinus
2369 5334 2667 5404 Apostolus
2690 5334 2852 5388 beato
2889 5331 3015 5386 Tito
3041 5330 3293 5385 scribens
3331 5327 3475 5380 inter
3506 5328 3710 5374 caetera

2132 5425 2248 5479 hzec
2272 5424 2473 5495 adjecit
2507 5441 2522 5477 :
2583 5444 2600 5475 ι
2628 5425 2852 5479 Discant
2870 5431 3054 5478 autem
3085 5429 3143 5476 et
3172 5417 3348 5474 nostri
3381 5410 3544 5468 bonis
3567 5423 3706 5478 ope-

2133 5517 2287 5572 ribus
2335 5532 2568 5587 [messe
2607 5516 2672 5572 ad
2715 5533 2849 5572 usus
2891 5512 3231 5571 necessarios
3261 5509 3329 5562 ³⁸.
3360 5526 3376 5558 ι
3411 5503 3712 5559 Enimvero

525 5835 635 5913 (‘25)
668 5843 761 5897 Est
793 5850 845 5896 ct
877 5835 1018 5911 apud
1068 5835 1260 5894 Baron.
1309 5839 1373 5892 ad
1423 5853 1549 5892 ann.
1601 5837 1728 5902 HO,
1772 5845 1901 5892 tom.
1938 5837 2024 5904 Vl,
2065 5853 2120 5906 p.
