4056 6424
494 361 622 429 1211

1496 361 1984 424 TI-IEODORETI
2009 357 2360 420 .EPISCOPI
2396 355 2762 417 CYRENSIS

3597 355 3719 419 .1212

492 481 537 534 si
569 477 762 532 civitas
787 484 995 541 nostra,
1020 476 1270 547 quamvis
1295 477 1532 541 deserta,
1558 484 1613 530 et
1641 475 1844 529 incolas
1867 487 2063 545 paucos

2175 469 2348 522 ταῦτα
2398 465 2786 536 προστέθεικεν
2809 479 2822 493 ο
2863 479 2881 514 ι
2906 459 3348 516 Μανθανέτωσαν
3376 461 3430 514 δὲ
3460 463 3507 514 οἱ
3535 465 3718 532 ἡμέτε-

497 571 723 635 habens,
761 585 967 638 eosque
1022 570 1238 640 inopes,
1292 570 1722 626 adventantibus
1746 567 2071 638 opitulatur,

501 664 671 716 multo
697 663 866 732 magis
905 662 1152 716 Bormam
1191 663 1405 735 1094
1456 663 1511 718 id
1558 663 1739 717 facere
1792 658 2071 722 convenit,

499 768 620 821 qua:
655 752 721 806 ad
757 753 1021 821 pietatem
1048 752 1303 807 instituta
1351 763 1454 819 est,
1514 762 1605 807 tua
1659 751 1891 808 maxime
1937 763 2075 821 pra:-

499 851 664 898 cunte
687 845 994 898 sanctitate.

731 1123 973 1178 XXXIII.
996 1155 1064 1162 —
1083 1121 1312 1178 Stasimo
1332 1126 1506 1178 comiti
1527 1132 1575 1178 et
1601 1125 1835 1195 primati.

566 1234 853 1305 Tragicam
878 1236 1116 1305 linguam
1143 1243 1503 1304 exposcerent
1524 1251 1587 1289 ea
1617 1250 1738 1304 qua:
1764 1249 1955 1304 passus
1988 1243 2074 1288 est

499 1327 981 1393 praestantissimus
1025 1335 1079 1380 et
1115 1326 1688 1395 magniﬁcentissimus
1715 1325 2069 1380 Celestiacus.

501 1415 579 1468 Illi
627 1417 776 1471 enim
826 1419 1093 1472 humanas
1123 1418 1460 1472 calamitates
1495 1417 1701 1471 aﬁ'atim
1736 1417 2027 1486 deplorant
2057 1435 2069 1470 :

497 1523 599 1577 ego
646 1523 778 1562 vero
813 1508 868 1561 in
895 1524 1104 1562 summa
1143 1524 1356 1577 expono
1383 1508 1803 1578 magniﬁcentia:
1826 1515 1950 1572 tua},
1979 1523 2073 1576 pa-

501 1597 660 1651 triam
715 1597 934 1668 quidem
991 1599 1068 1652 illi
1113 1614 1234 1653 esse
1274 1599 1532 1652 omnibus
1565 1599 1698 1652 olim
1727 1599 2071 1653 decantatam

499 1687 742 1757 Libyam,
805 1689 1084 1742 civitatem
1143 1704 1274 1742 vero
1329 1689 1785 1758 spectatissimam
1835 1688 2069 1744 Cartha-

492 1777 696 1845 ginem,
741 1780 944 1833 tribum
995 1788 1050 1833 et
1083 1778 1346 1834 familiam
1401 1781 1456 1834 in
1504 1788 1695 1834 senatu
1741 1781 2063 1846 clarissimo,

2180 572 2284 626 ροι,
2320 555 2500 608 καλῶν
2545 555 2724 625 ἔργων
2769 550 3132 622 προΐστασθαι
3190 550 3271 612 εἰς
3304 549 3398 612 τὰς
3440 551 3720 618 ἀναγκαίας

2177 646 2386 717 χρείας.
2413 666 2431 698 ›
2465 647 2527 699 Et
2557 645 2666 715 γάρ
2695 643 2996 716 ήήμετέρα
3022 641 3217 707 πόλις,
3242 640 3443 711 ἔρημος
3465 637 3608 728 οῦσα,
3639 648 3724 699 καὶ

2175 737 2392 806 ὀλίγους
2443 739 2738 808 οἰκήτορας
2795 736 3015 806 ἔχουσα,
3067 733 3161 789 καὶ
3213 732 3430 794 τούτους
3471 735 3720 803 πτωχοὺς,

2173 827 2496 897 ψυχαγωγεῖ
2515 829 2641 893 τοὺς
2675 825 3128 896 ἀφικνουμένους,
3152 821 3331 892 πολλῷ
3358 822 3549 892 μᾶλλον
3575 841 3726 892 προσ.

2176 920 2301 988 ήκει
2334 919 2433 988 τὴν
2468 919 2697 989 Βέροιαν
2747 915 3005 986 εὐσεϐείᾳ
3054 911 3541 982 συντεθραμμένην
3585 912 3730 964 τοῦτο

2177 1010 2350 1062 ποιεῖν
2371 1026 2383 1040 ·
2418 1008 2653 1079 μάλιστα
2679 1011 2776 1080 τῆς
2806 1007 2906 1076 σῆς
2939 1005 3218 1075 ὁσιότητος
3245 1005 3570 1074 ἡγουμένης.

2246 1119 2366 1172 Al".
2387 1150 2458 1158 —
2485 1119 2760 1188 Στασίμῳ
2790 1116 2903 1188 (Ξθ)
2932 1117 3140 1186 κόμητι
3169 1113 3269 1168 καί
3299 1115 3666 1183 πρωτεύοντι.

2247 1229 2532 1298 Τραγικῆς
2563 1228 2736 1281 ἐδεῖτο
2763 1226 3010 1295 γλώττης
3039 1225 3131 1278 τοῦ
3165 1221 3732 1294 μεγαλοπρεπεστάτου

2176 1319 2271 1373 καὶ
2301 1319 2644 1384 ὲνδοξοτάτου
2677 1315 3044 1370 Κελεστιακοῦ
3079 1315 3149 1368 τὰ
3181 1315 3350 1382 πάθη.
3387 1314 3608 1365 Ἐκεῖνοι
3637 1312 3736 1382 γάρ

2173 1408 2272 1471 τὰς
2318 1408 2663 1480 ἀνθρωπείας
2702 1406 3071 1477 ἀποχρώντως
3120 1402 3410 1474 συμφορὰς
3452 1400 3737 1471 τραγῳδοῦ·

2176 1518 2278 1554 σιν·
2311 1499 2420 1569 ἐγὼ
2440 1500 2500 1563 δὲ,
2535 1499 2633 1571 τὴν
2683 1499 2780 1570 σὴν
2823 1500 2881 1550 ὲν
2923 1497 3206 1566 κεφαλαίῳ
3251 1494 3492 1548 διδάσκω
3518 1492 3736 1560 μεγαλο-

2175 1591 2464 1662 πρέπειαν,
2502 1590 2576 1653 ὼς
2603 1589 2804 1660 πατρὶς
2832 1588 2930 1658 μὲν
2969 1586 3120 1656 αὐτῷ
3162 1587 3194 1655 ἡ
3229 1584 3400 1638 πάλαι
3443 1583 3591 1662 παρ-ἀ
3615 1581 3737 1634 πάν·

2171 1699 2280 1734 των
2309 1680 2541 1752 ᾀδομένη
2572 1679 2765 1750 Λιϐύη,
2794 1679 2946 1740 πόλις
2977 1678 3034 1731 δὲ
3073 1679 3106 1748 ἡ
3137 1675 3503 1748 περίϐλεπτος
3526 1675 3734 1743 Καρχη-

2173 1770 2299 1835 δὼν,
2332 1770 2610 1842 συμμορία
2637 1770 2693 1822 δὲ
2717 1771 2814 1823 καὶ
2845 1767 3054 1838 πατριά
3084 1769 3116 1838 ἡ
3159 1765 3526 1836 λαμπροτάτη
3554 1763 3702 1833 βουλή
3721 1777 3733 1792 ⁸

493 1878 606 1922 tum
639 1885 772 1938 opes
797 1887 1040 1941 111831133,
1073 1880 1129 1925 et
1151 1887 1315 1941 supra
1337 1887 1500 1941 quam
1529 1886 1666 1940 opus
1692 1882 1811 1926 erat
1842 1871 2063 1925 afﬂuen-

2183 1832 2415 1925 πλοῦτος
2447 1832 2502 1914 δὲ
2521 1832 2718 1924 πολὺς,
2752 1861 2848 1913 καὶ
2879 1832 3016 1930 ῥέων
3045 1832 3186 1928 ὑπὲρ
3217 1832 3562 1926 τὴν-χρείαν,
3591 1852 3737 1906 Ἀλλά

492 1967 589 2013 tes.
631 1961 833 2014 Verum
866 1961 980 2015 lucc
1010 1963 1192 2015 omnia
1227 1962 1410 2016 fabula
1435 1977 1584 2016 nunc
1603 1970 1752 2025 sunt,
1800 1971 1856 2016 et
1900 1963 2065 2016 rebus

489 2046 750 2101 destituta
799 2051 1064 2103 narratio.
1119 2049 1388 2104 Omnibus
1439 2049 1586 2104 enim
1632 2050 1752 2104 istis
1788 2050 1941 2102 illum
1973 2065 2064 2102 or-

490 2138 638 2193 bavit
671 2138 873 2192 bellum
919 2141 1286 2196 barbaricum.
1329 2141 1478 2196 Talis
1521 2141 1785 2195 nimirum
1830 2149 1916 2196 est
1959 2141 2062 2196 ho-

489 2227 697 2282 minum
716 2229 970 2296 felicitas,
1004 2247 1124 2300 quae
1153 2233 1298 2301 apud
1324 2233 1548 2287 eosdem
1587 2248 1808 2302 semper
1843 2247 2067 2288 manere

489 2335 600 2372 non
641 2321 778 2385 vult,
824 2321 918 2375 sed
966 2322 1034 2376 ad
1068 2323 1205 2377 alios
1232 2323 1472 2377 transire
1499 2323 1740 2378 festinat.
1778 2323 1936 2378 IIunc
1966 2340 2068 2395 ego

488 2408 904 2478 magniﬁcentia:
941 2420 1048 2465 tua:
1080 2412 1354 2480 hospitem
1381 2411 1576 2475 oII'ero,
1611 2421 1666 2466 et
1688 2428 1820 2482 rogo
1856 2420 1916 2467 ut
1938 2430 2066 2483 par-

489 2498 660 2568 ticeps
701 2498 792 2553 ﬁat
828 2499 1063 2554 laudatae
1097 2501 1165 2555 ab
1219 2502 1476 2557 omnibus
1507 2501 1902 2557 beneﬁcentiae.
1933 2503 2066 2557 Peto

438 2574 446 2582 ’
485 2590 648 2644 etiam
696 2599 757 2645 ut
800 2592 1086 2648 honoratis
1130 2593 1388 2648 omnibus
1413 2603 1470 2649 et
1503 2594 1793 2650 ditissimis
1841 2611 1941 2665 per
1969 2610 2067 2649 ex-

485 2679 793 2733 cellentiam
822 2689 968 2734 tuam
1003 2681 1313 2737 innotescat
1341 2700 1354 2736 :
1393 2692 1454 2737 ut
1475 2692 1531 2739 et
1565 2684 1673 2740 illis
1703 2686 1844 2739 lucri
1876 2693 2070 2741 auctor

483 2767 578 2833 sis,
624 2778 679 2824 et
731 2772 997 2842 majorem
1058 2787 1089 2828 a
1144 2772 1384 2844 benigno
1433 2775 1545 2830 Deo
1570 2776 2066 2830 remuneratiOnem

483 2874 846 2929 consequare.

873 3055 1113 3113 XXXIV.
1134 3089 1202 3098 —
1216 3058 1451 3114 Patricio
1483 3064 1674 3117 comiti.

555 3166 889 3224 Laudabiles
921 3171 1144 3239 quidem
1191 3181 1320 3227 sunt
1359 3175 1571 3244 species
1599 3191 1792 3232 omnes
1818 3179 2058 3246 virtutis,
2090 3164 2133 3219 (ἶ

483 3270 676 3310 verum
712 3266 938 3313 caeteras
977 3276 1198 3332 quoque
1237 3275 1397 3318 ornat
1432 3264 1765 3322 humanitas.
1791 3268 1942 3323 Hanc
1964 3285 2066 3325 nos

481 3347 701 3401 assidue
727 3350 794 3403 ab
821 3352 1211 3407 universorum
1241 3355 1354 3409 Deo
1389 3358 1758 3426 exposcimus,
1796 3376 1894 3429 per
1926 3361 2066 3416 hanc

483 3454 646 3492 unam
683 3442 842 3495 venia
881 3444 1122 3512 petimur
1165 3461 1290 3500 eum
1331 3447 1746 3517 delinquimus:
1784 3452 1899 3507 haec
1934 3453 2065 3508 facit

482 3537 540 3581 ut
561 3530 760 3586 divites
799 3533 866 3588 ad
896 3549 1168 3605 pauperes
1196 3538 1511 3605 respiciant.
1542 3541 1752 3612 1095
1776 3540 1887 3596 Hae
1920 3559 2062 3612 prae-

478 3620 647 3676 ditam
677 3624 858 3678 sciens
893 3628 1357 3697 magniﬁcentiam
1411 3638 1581 3695 tuam,
1628 3632 1861 3687 ﬁdenter
1912 3651 2062 3690 eom-

478 3713 678 3768 mendo
749 3719 1261 3784 praastantissimum
1338 3728 1394 3775 et
1461 3723 2061 3793 magnificentissimum

476 3801 862 3870 Celestiacum,
915 3807 1097 3862 virum
1135 3809 1228 3879 qui
1282 3813 1578 3866 multarum
1617 3815 1968 3884 pecuniarum
1998 3833 2062 3874 ac

478 3894 888 3958 possessionum
932 3896 1036 3951 fuit
1076 3899 1372 3954 dominus:
1411 3902 1507 3955 sed
1549 3903 1636 3958 his
1681 3905 1941 3962 omnibus
1969 3923 2059 3963 re-

480 3989 644 4048 pente
674 3984 924 4050 privatus
971 3994 1075 4052 est,
1128 3999 1505 4059 paupertatem
1555 4004 1736 4048 autem
1786 3994 1945 4053 facile
1986 3999 2060 4055 ita

478 4069 604 4137 fert,
650 4075 927 4141 quomodo
965 4079 1126 4146 pauci
1167 4080 1408 4136 divitias.
1442 4082 1681 4155 Tragicaa
1718 4087 1883 4158 hujus
1912 4090 2058 4143 cala-

479 4161 685 4218 mitatis
723 4177 1108 4236 argumentum
1153 4170 1337 4226 Africa
1367 4181 1422 4227 et
1445 4173 1734 4246 Carthago,
1765 4189 1822 4232 et
1849 4179 2057 4234 Barba-

483 4266 670 4306 rorum
701 4254 906 4310 clades.
939 4257 1053 4327 Ego
1101 4258 1267 4329 igitur
1311 4260 1379 4315 ad
1414 4270 1562 4316 tuam
1610 4263 1765 4317 illum
1806 4265 2060 4319 sublimi-

477 4350 642 4396 tatem
674 4345 952 4400 introduxi
990 4365 1002 4400 :
1034 4357 1090 4401 tu
1137 4348 1302 4404 etiam
1361 4351 1486 4406 aliis
1531 4352 1774 4418 insinua,
1823 4352 2055 4424 illosque

2168 1953 2342 2008 ταῦτα
2373 1954 2551 2006 πάντα
2583 1951 2751 2023 μῦθός
2775 1953 2893 2004 ἐστι
2917 1951 3032 2015 νῦν,
3067 1950 3163 2002 καὶ
3191 1949 3444 2019 διήγημα
3471 1962 3740 2014 γεγυμνωι

2171 2044 2332 2114 μένον
2387 2045 2494 2098 τῶν
2525 2043 2884 2116 πραγμάτων.
2927 2042 3154 2095 Πάντων
3177 2039 3288 2110 γάρ
3335 2037 3501 2090 αὐτὸν
3536 2035 3742 2089 ἐκείνων

2168 2135 2196 2186 ό
2237 2131 2573 2204 βαρϐαρικὸς
2626 2132 2887 2204 ἐστέρησε
2933 2129 3188 2199 πόλεμος.
3241 2126 3493 2197 Τοιαύτη
3535 2126 3592 2178 δὲ
3639 2124 3737 2177 τῶν

2167 2223 2475 2294 ἀνθρώπων
2516 2225 2550 2294 ἡ
2589 2223 2874 2294 εὐκληρία,
2912 2222 3011 2275 οὐκ
3057 2220 3144 2274 ἀεὶ
3186 2221 3297 2282 τοῖς
3357 2219 3541 2280 αὐτοῖς
3587 2232 3745 2285 προσ-

2171 2316 2357 2384 μένειν
2383 2311 2814 2377 ὲθέλουσα,ἀλλά
2844 2311 2937 2365 καί¹
2966 2311 3104 2381 πρὸς
3139 2309 3378 2380 ἐτέρους
3408 2307 3741 2379 μεταϐαίνειν

2171 2403 2529 2475 ἐπειγομένη.
2566 2402 2769 2455 Τοῦτον
2799 2401 2936 2471 πρὸς
2967 2400 3065 2471 τὴν
3117 2400 3217 2468 σὴν
3267 2395 3748 2470 μεγαλοπρέπειαν

2169 2495 2402 2564 ξεναγῶ,
2446 2495 2540 2548 καὶ
2584 2494 2684 2562 τῆς
2722 2492 2872 2562 παρὰ
2927 2493 3093 2544 πᾶσιν
3119 2490 3405 2561 ᾀδομένης
3457 2486 3748 2558 φιλοτιμίας

2169 2587 2332 2641 αὑτὸν
2374 2585 2682 2641 ἀπολαῦσαι
2721 2582 3047 2654 παρακαλῶ.
3093 2581 3255 2646 Ἀξιῶ
3301 2581 3377 2634 δὲ
3432 2581 3528 2634 καὶ
3562 2580 3751 2641 πάντας

2171 2680 2293 2742 τοὺς
2317 2681 2374 2732 ὲν
2405 2677 2545 2732 τέλει
2579 2677 2675 2731 καὶ
2723 2675 3140 2746 εὐπορωτάτους
3172 2672 3260 2726 διὰ
3293 2672 3414 2742 *τῆς
3449 2673 3547 2742 σῆς
3594 2669 3750 2723 αὑτὸν

2168 2769 2374 2838 γνῶναι
2400 2767 2838 2839 θαυμασιότητος
2862 2781 2877 2797 ⁸
2907 2765 2995 2817 ἵνα
3020 2763 3294 2825 κάκείνοις
3340 2761 3601 2834 πρόξενος
3631 2760 3752 2832 γένῃ

2167 2861 2262 2915 τοῦ
2319 2860 2564 2932 κέρδους,
2613 2858 2706 2911 καὶ
2755 2855 2974 2928 μείζους
3018 2855 3170 2926 παρά
3221 2852 3335 2907 τοῦ
3386 2851 3750 2924 φιλανθρώπου

2175 2953 2312 3006 Θεοῦ
2343 2952 2549 3023 κομίσῃ
2580 2951 2679 3013 τὰς
2709 2947 3026 3010 ἀντιδόσεις.

2554 3061 2675 3114 ΛΔ’.
2701 3085 2766 3099 -ο
2794 3057 3086 3126 Πατρικίῳ
3121 3058 3374 3125 κόμητι.

2239 3175 2495 3227 Ἀπαντα
2530 3170 2629 3242 μὲν
2659 3169 2950 3235 ἅξιέπαινα
2980 3167 3048 3221 τὰ
3073 3167 3188 3237 εἴδη
3215 3165 3336 3234 τῆς
3375 3166 3579 3237 ἀρετῆς
3599 3182 3610 3195 ·
3636 3167 3666 3235 ἡ
3703 3163 3754 3216 δὲ

2169 3262 2548 3334 φιλανθρωπία
2582 3260 2676 3314 καὶ
2702 3259 2770 3313 τά
2816 3259 2953 3312 ἄλλα
2979 3261 3193 3328 κοσμεῖ.
3225 3257 3464 3330 Ταύτην
3511 3255 3757 3327 αἰτοῦμεν

2165 3355 2432 3426 διηνεκῶς
2487 3354 2579 3405 τὸν
2635 3351 2744 3405 τῶν
2790 3349 2926 3404 ὅλων
2953 3349 3133 3402 ιΘεόνο
3183 3349 3272 3403 διὰ
3337 3349 3549 3420 ταύτην
3602 3348 3756 3418 μόνην

2170 3445 2503 3516 συγγνώμης
2556 3441 2904 3513 ἀπολαύομεν
2938 3439 3447 3512 πλημμελοῦντες·
3495 3441 3631 3511 αῦτη
3651 3441 3758 3492 δια-

2167 3539 2394 3591 κύπτειν
2429 3535 2565 3606 πρὸς
2594 3535 2720 3598 τοὺς
2751 3534 2990 3603 πένητας
3017 3533 3452 3602 παρασκευάζει
3482 3535 3574 3588 τὸν
3608 3531 3758 3585 πλοῦ-

2165 3646 2276 3682 τον.
2307 3625 2495 3697 Ταύτῃ
2537 3623 3001 3695 λαμπρυνομένην
3038 3622 3195 3686 είδὼς
3223 3621 3341 3695 τὴν
3373 3624 3650 3694 ὑμετέραν
3676 3639 3760 3692 με⁶

2164 3717 2592 3788 γαλοπρέπειαν,
2628 3715 2847 3786 θαρρῶν
2889 3713 3186 3784 συνίστημι
3232 3714 3339 3767 τὸν
3378 3713 3760 3787 θαυμασιώτα-

2163 3826 2253 3862 τον
2319 3809 2413 3861 καὶ
2475 3805 3065 3878 μεγαλοπρεπέστατον
3103 3803 3500 3859 Κελεστιακδν
3529 3846 3543 3871 ,
3600 3803 3763 3875 ἀνδρα

2164 3899 2377 3952 πολλῶν
2408 3898 2708 3970 χρημάτων
2744 3895 2840 3949 καὶ¹
2872 3895 3172 3965 κτημάτων
3214 3894 3504 3966 δεσπότην
3541 3913 3760 3964 γεγενη-

2167 3994 2348 4064 μένον,
2385 3992 2594 4062 έρημον
2625 3989 2680 4042 δὲ
2725 3987 2933 4042 τούτων
2982 3985 3248 4056 ἐξαπίνης
3291 3988 3623 4058 γενόμενον,
3666 3985 3758 4056 φέ-

2167 4101 2326 4156 ροντα
2363 4082 2424 4151 δὲ,
2453 4082 2553 4151 τὴν
2603 4080 2794 4133 πενίαν
2828 4079 3091 4142 εὐκόλως,
3119 4078 3195 4142 ὼς
3243 4078 3428 4148 ὀλίγοι
3469 4080 3565 4133 τὸν
3598 4077 3759 4132 πλοῦ-

2160 4194 2272 4229 τον.
2310 4173 2416 4227 Τοῦ
2448 4172 2504 4226 δὲ
2531 4172 2633 4241 τῆς
2665 4172 2954 4242 συμφορᾶς
2980 4170 3261 4242 δράματος
3297 4171 3334 4242 ἡ
3367 4170 3638 4235 ὑπόθεσις
3666 4171 3757 4223 Λι-

2161 4262 2267 4332 ϐύη
2309 4261 2404 4315 καὶ
2459 4259 2784 4331 Καρχηδὼν,
2832 4259 2925 4312 καί⁷
2961 4259 3031 4312 τά
3079 4259 3190 4311 τῶν
3227 4259 3541 4331 βαρϐάρων
3594 4260 3757 4314 κακά.

2163 4352 2315 4423 ,Ἐγὼ
2363 4353 2460 4424 μὲν
2496 4347 2590 4404 οὖν
2622 4349 2786 4404 αὐτὸν
2827 4349 2964 4420 πρὸς
3005 4349 3066 4402 τὸ
3121 4349 3410 4419 ὑμέτερον
3450 4349 3763 4420 ὲξενάγησα

474 4433 542 4487 ad
602 4437 1039 4494 misericordiam
1089 4440 1328 4497 inflecte.
1377 4441 1617 4497 Lucrum
1674 4443 1822 4498 enim
1878 4447 2055 4517 majus

474 4526 665 4548 1‘.--_!..
715 4528 755 4548 ΑΞ
785 4530 980 4548 ..-Λιι--
1017 4531 1036 4548 ι
1228 4533 1261 4548 0.
1308 4542 1318 4548 .
1459 4534 1474 4548 ι

2168 4445 2396 4516 μέγεθος
2421 4461 2433 4474 ο
2473 4445 2633 4514 ὑμεῖς
2664 4442 2720 4496 δὲ
2752 4443 2863 4505 τοῖς
2897 4441 3079 4505 ἄλλοις
3117 4440 3477 4506 ὑποδείξατε,
3521 4443 3664 4514 πρὸς
3709 4441 3762 4494 δὲ

473 4526 688 4590 feceris,
712 4528 757 4582 si
783 4530 986 4585 multos
1017 4531 1414 4588 humanitatem
1443 4534 1661 4588 doceas.

853 4723 1070 4783 XXXV.
1089 4757 1160 4768 -
1178 4729 1384 4784 Irenaeo
1415 4731 1676 4801 episcopo.

543 4835 729 4890 Multis
774 4838 998 4908 quidem
1041 4849 1098 4896 et
1132 4841 1274 4908 aliis,
1320 4842 1564 4906 domine,
1585 4842 1853 4896 virtutum
1887 4858 2058 4914 gene-

470 4927 622 4982 ribus
657 4928 836 4985 clarus
876 4947 959 4997 es,
1003 4932 1274 5002 imprimis
1305 4949 1439 4987 vero
1484 4933 1831 4988 sanctitatem
1857 4935 1873 4951 ⁸
1904 4941 2052 4988 tuam

469 5028 665 5074 ornant
731 5023 1080 5088 humanitas,
1137 5032 1192 5080 et
1254 5025 1502 5094 pecunia:
1553 5034 1932 5093 contemptus,
1996 5034 2053 5081 et

467 5109 690 5166 dextera
729 5115 1033 5169 remedium
1084 5117 1374 5184 egentibus
1418 5115 1863 5172 subministrans.
1899 5119 2048 5173 Prae-

468 5203 625 5285 cipue
661 5215 842 5259 autem
875 5209 927 5259 in
957 5208 1098 5271 illos,
1131 5208 1224 5277 qui
1265 5224 1389 5262 cum
1434 5208 1489 5262 in
1534 5209 1775 5264 secunda
1826 5210 2045 5265 fortuna

467 5293 724 5360 vixerint,
781 5297 836 5350 in
881 5297 1166 5352 adversam
1218 5307 1406 5368 postea
1446 5301 1582 5370 lapsi
1605 5308 1757 5367 sunt,
1785 5303 2046 5372 majorem

465 5384 700 5446 confers,
757 5385 854 5438 Dei
911 5384 1119 5450 amice,
1175 5387 1603 5455 providentiam.
1670 5388 1785 5442 Hoc
1837 5387 2050 5442 habens

468 5475 832 5542 exploratum,
863 5483 1055 5528 notum
1084 5476 1226 5531 facio
1261 5478 1451 5546 pietati
1506 5487 1613 5533 tute
1661 5479 2051 5548 praestantissi-

471 5579 614 5617 mum
661 5573 718 5618 et
757 5565 1362 5636 magniﬁcentissimum
1411 5569 1773 5625 Celestiacum
1813 5588 1825 5622 :
1885 5583 2048 5638 quem

2161 4538 2254 4590 καὶ
2291 4531 2472 4588 οἶκτον
2498 4533 2610 4604 (27)
2643 4532 2926 4603 κινήσατε.
2974 4531 3304 4602 Κερδανεῖτε
3350 4533 3468 4605 γάρ
3510 4533 3761 4604 μείζονα,

2156 4626 2385 4690 πολλοὺς
2413 4624 2608 4696 φιλανθ
2619 4624 2828 4696 ρωπίαν
2858 4623 3224 4685 διδάσκοντες.

2494 4735 2617 4787 AE'.
2648 4763 2718 4772 —
2742 4733 3037 4802 Εἰρηναίῳ
3064 4731 3416 4798 ἑπισκόπῳ.

2226 4845 2449 4908 Πολλοῖς
2481 4845 2578 4914 μὲν
2609 4845 2705 4897 καὶ
2742 4844 2945 4906 ἄλλοις,
2988 4844 3246 4908 δέσποτα,
3300 4843 3658 4914 διαλάμπεις
3691 4844 3766 4896 εἴ·

2159 4939 2304 4991 δεσιν
2329 4931 2548 5007 ἀρετῆς,
2577 4937 2674 5007 οὐχ
2693 4937 2894 5005 ἥκιστα
2917 4936 2974 4989 δὲ
2999 4937 3195 5005 κοσμεῖ
3219 4951 3317 4986 σου
3366 4935 3478 5008 τὴν
3508 4936 3772 5007 ὁσιότητα

2159 5029 2573 5098 φιλανθρωπία,
2620 5028 2715 5080 καὶ
2749 5027 3052 5097 χρημάτων
3101 5025 3388 5095 ὑπεροψία
3415 5065 3431 5089 ,
3473 5028 3572 5079 καὶ
3621 5025 3770 5090 δεξιά

2154 5121 2251 5192 τὴν
2279 5121 2384 5174 τῶν
2406 5120 2676 5190 δεομένων
2703 5119 3082 5184 ἀναϐλύζουσα
3114 5118 3454 5188 θεραπείαν.
3477 5120 3770 5188 Διαφόρως

2153 5213 2210 5266 δὲ
2243 5214 2370 5275 τοὺς
2416 5213 2690 5282 εὐπραξίᾳ
2720 5211 3156 5283 τεθραμμένους,
3192 5209 3274 5271 εἰς
3313 5209 3679 5280 δυσκληρίαν
3716 5207 3771 5259 δὲ

2159 5304 2585 5372 μεταπεσόντας,
2635 5303 2877 5365 πλείονος
2905 5301 3094 5366 ἀξιοῖς,
3150 5300 3593 5368 θεοφιλέστατε,
3631 5314 3769 5369 πρθο

2161 5394 2410 5464 μηθείας.
2450 5395 2623 5447 Τοῦτο
2659 5395 2846 5463 σαφῶς
2888 5395 3298 5465 ἐπιστάμενος,
3338 5394 3644 5466 γνώριμόν
3673 5407 3769 5443 σου

2157 5486 2221 5552 τῇ
2258 5485 2537 5556 θεοσεϐείᾳ
2588 5483 2728 5536 ποιῶ
2771 5485 2860 5536 τὸν
2919 5483 3388 5554 θαυμασιώτατον
3433 5484 3540 5538 καὶ
3594 5497 3768 5554 μεγα-

2157 5573 2596 5645 λοπρεπέστατον
2629 5576 2996 5631 Κελεστιακόν
3021 5593 3033 5606 ·
3063 5577 3121 5630 ὃν
3149 5576 3326 5629 πάλαι
3377 5576 3486 5646 μὲν
3519 5578 3580 5628 ἐν
3617 5576 3767 5645 Καρ-

539 5720 654 5857 ὶὲϐ)
706 5724 1020 5793 Στατεσίμῳ
1066 5726 1284 5782 νίἀοτυτ
1338 5728 1503 5783 fuisse
1554 5728 1606 5782 in
1664 5729 1836 5783 Vatic.
1897 5729 2041 5798 apud

565 5790 653 5857 Ἦ)
688 5794 779 5845 καὶ
810 5795 943 5857 πρὸς
977 5791 1176 5851 οἶκτον.
1210 5799 1385 5857 Neap.

2168 5750 2272 5787 ron.
2311 5733 2346 5787 1.
2384 5751 2431 5789 c.
2471 5750 2523 5806 p.
2558 5734 2609 5789 5.

565 5790 653 5858 Ἦ)
688 5794 779 5845 καὶ
810 5790 947 5865 πρὸς
977 5790 1176 5851 οἶκτον.
1210 5799 1385 5867 Neap.
