4056 6426
340 380 480 446 1213

1605 389 1967 452 EPIS’I‘OLA
2018 390 2312 452 XXXVII.

3469 401 3604 463 1214

338 493 530 564 χηδόνι
553 491 787 558 πλοῦτος
819 492 1060 548 ἐδείκνυε
1082 494 1177 548 καὶ
1203 494 1491 550 δυναστεία
1520 499 1771 571 λαμπρόν
1792 517 1804 530 ο
1833 501 1925 554 νῦν

2029 502 2162 556 alias
2194 502 2415 571 quidem
2441 502 2586 572 apud
2609 502 3002 574 Carthaginem
3025 501 3232 560 divitia:
3261 512 3317 560 et
3361 511 3608 576 potentia

335 587 396 637 δε
449 583 654 639 τούτων
701 585 1124 657 γεγυμνωμένον
1177 587 1432 642 εύσὲσεια
1489 590 1584 642 καὶ
1633 592 1920 660 φιλοσοφία

337 681 545 748 κοσμεῖ
565 669 772 747 ’φέρει
803 678 914 750 γὰρ
960 679 1060 750 τὴν
1091 678 1356 734 δοκοῦσαν
1386 681 1723 752 δυσπραξίαν
1763 683 1921 736 εὐθύο

343 786 488 838 μως,
521 768 710 838 ἐπειδὴ
751 769 846 822 καὶ
873 768 972 839 τῆς
1011 770 1248 840 ψυχικῆς
1281 771 1430 842 αὐτῷ
1459 769 1736 845 σωτηρίας
1763 775 1921 844 γεγέ-

335 874 506 927 νηται
539 857 815 936 πρόξενος.
844 851 1012 921 Οὗτος
1040 860 1268 927 ἀφίκετο
1301 861 1399 932 μὲν
1431 863 1568 934 πρὸς
1598 867 1745 934 ἡμᾶς
1785 865 1923 933 μετὰ

338 949 722 1019 γραμμάτων,
756 949 856 1020 τὴν
897 951 1171 1022 προτέραν
1221 953 1387 1007 αὐτοῦ
1420 955 1782 1008 διδασκόντων
1831 956 1922 1008 εύ-

337 1041 586 1110 ημερίαν
611 1058 624 1073 ο
680 1041 880 1112 συχνὰς
909 1043 965 1096 δὲ
1009 1044 1138 1115 παρ’
1177 1048 1311 1115 ἡμῖν
1361 1046 1648 1118 διατρίψας
1681 1047 1915 1118 ἡμέρας,

337 1132 624 1203 παρέσχεν
656 1133 758 1202 τῆς
813 1133 1010 1204 πείρας
1039 1137 1140 1204 τὴν
1185 1138 1511 1207 μαρτυρίαν.
1548 1134 1624 1192 OB
1667 1139 1923 1212 δηχαριν

337 1223 514 1276 αὐτὸν
549 1223 644 1274 καὶ
685 1223 1108 1295 σπουδαιότερον
1156 1229 1224 1297 τῇ
1266 1230 1330 1298 σῇ
1372 1229 1712 1299 συνιστῶμεν
1758 1230 1926 1297 ἁγιω-

340 1313 504 1384 σύνῃ,
534 1313 630 1366 καὶ
689 1314 1115 1386 παρακαλοῦμεν
1145 1319 1240 1371 καὶ
1275 1321 1389 1383 τοῖς
1447 1319 1543 1389 τῆς
1575 1320 1784 1384 πόλεως
1832 1321 1923 1373 εὐ-

346 1408 538 1476 πόροις
570 1405 732 1476 δὴλον
756 1407 920 1460 αὐτὸν
948 1408 1036 1462 διὰ
1064 1409 1163 1480 τῆς
1195 1410 1296 1479 σῆς
1327 1411 1584 1480 γενέσθαι
1614 1412 1920 1480 φιλοθεῒας’
1984 1402 1990 1409 ’

341 1499 494 1563 εἰκὸς
520 1499 630 1568 γὰρ
657 1499 880 1562 αὐτοὺς,
915 1499 984 1553 τὰ
1018 1501 1160 1554 κατά
1197 1501 1359 1554 αὐτὸν
1393 1503 1803 1574 μεμαθηκότας,
1829 1505 1925 1556 καὶ

339 1591 448 1661 τὴν
499 1591 620 1662 ἴσην
667 1593 957 1656 δείσαντας
996 1594 1313 1665 συμφορὰν,
1351 1594 1652 1648 σπουδάσαι
1699 1597 1787 1649 διὰ
1824 1596 1926 1666 τῆς

342 1683 696 1753 συμπαθείας
731 1683 831 1755 τὴν
866 1685 1132 1756 τιμωρίαν
1162 1686 1466 1755 διαφυγεῖν.
1529 1688 1924 1755 Ἀναγκάζεται

341 1775 458 1845 γὰρ
511 1778 881 1845 περινοστεῖν,
931 1775 1027 1829 ἆτε
1085 1777 1149 1845 δὴ
1205 1777 1464 1831 πλειόνων
1514 1778 1924 1847 δαπανημάτων

2026 592 2383 660 conspicuum
2434 592 2781 647 reddebant:
2833 608 2983 650 nunc
3031 611 3162 650 vero
3207 597 3294 651 his
3316 598 3606 668 spoliatum

2024 683 2202 751 pietas
2227 692 2385 737 ornat
2409 692 2464 738 et
2493 685 2860 755 philosophia.
2900 686 3030 740 Fert
3060 689 3207 742 enim
3234 705 3392 758 :equo
3421 690 3608 744 animo

2026 789 2192 842 quam
2249 782 2445 843 putant
2495 775 2919 830 infelicitatem:
2978 779 3182 848 quippe
3233 796 3356 849 qua).
3413 782 3607 837 salutis

2026 863 2224 920 animae
2256 866 2359 936 ipsi
2408 881 2570 921 causa
2600 867 2722 921 fuit.
2758 870 2921 924 Venit
2947 870 2992 924 is
3012 872 3077 925 ad
3102 889 3202 927 nos
3227 889 3350 950 cum
3384 874 3604 938 litteris,

2027 972 2150 1026 quae
2212 958 2500 1026 pristinam
2561 960 2682 1030 ejus
2742 966 3164 1031 prosperitatem
3234 964 3604 1019 indicabant:

2027 1048 2325 1118 multisque
2355 1049 2499 1120 apud
2540 1066 2642 1104 nos
2671 1051 2867 1106 diebus
2895 1062 3284 1118 commoratus,
3316 1055 3608 1124 experien-

2029 1136 2118 1190 tiae
2170 1139 2408 1206 prmbuit
2458 1141 2857 1195 testimonium.
2910 1142 3277 1208 Quamobrem
3307 1146 3610 1200 studiosius

2025 1226 2178 1280 illum
2232 1236 2338 1284 tua:
2399 1231 2851 1288 commendamus
2909 1235 3222 1300 sanctitati,
3279 1252 3612 1307 oramusque

2032 1321 2247 1392 1096
2274 1333 2335 1376 ut
2363 1322 2581 1391 pietatis
2619 1333 2724 1378 tuae
2757 1341 2924 1394 opera
2963 1326 3242 1394 opulentis
3270 1327 3489 1392 civibus
3532 1329 3616 1381 in-

2027 1420 2299 1466 notescat.
2359 1413 2669 1469 Verisimile
2717 1417 2863 1470 cnim
2916 1425 3002 1472 est
3053 1418 3200 1483 illos,
3251 1419 3344 1472 ubi
3375 1435 3463 1474 res
3493 1420 3615 1490 ejus

2028 1504 2336 1574 cognorint,
2377 1521 2565 1575 parem
2602 1517 2911 1563 metuentes
2949 1509 3337 1576 calamitatem,
3386 1527 3614 1581 operam

2027 1592 2273 1657 daturos,
2323 1604 2383 1649 ut
2426 1597 2864 1651 commiseraudo
2898 1613 3114 1666 pugnam
3142 1599 3425 1670 effugiant.
3453 1599 3616 1670 Cogi-

2029 1692 2120 1737 tur
2147 1701 2381 1754 namque
2407 1688 2722 1752 circumire,
2750 1699 2810 1744 ut
2846 1689 2941 1758 qui
2973 1692 3288 1761 sumptibus
3312 1702 3470 1763 egeat
3491 1709 3610 1747 am-

2030 1777 2325 1845 plioribus,
2352 1779 2498 1848 quod
2526 1796 2633 1834 una
2661 1797 2785 1835 cum
2811 1796 2879 1835 eo
2903 1781 3015 1836 sint
3041 1797 3200 1847 uxor,
3224 1793 3282 1837 et
3307 1783 3426 1849 ﬁlii,
3451 1791 3508 1839 et
3527 1783 3609 1838 fa-

339 1865 628 1936 δεόμενος·
678 1865 895 1920 σύνεστι
935 1867 1041 1940 γὰρ
1073 1868 1224 1938 αὐτῷ
1273 1869 1368 1922 καὶ
1399 1869 1637 1940 γαμετὴ,
1668 1869 1761 1923 καὶ
1797 1887 1923 1924 παι-

2029 1868 2180 1936 muli,
2215 1868 2308 1938 qui
2333 1869 2697 1925 Barbarorum
2727 1887 2922 1931 manus
2953 1871 3118 1928 simul
3150 1882 3466 1930 evaserunt.

341 1961 456 2024 δία,
491 1961 584 2015 καὶ
613 1962 662 2014 oi
703 1961 1083 2032 συμφυγόντες
1116 1961 1323 2016 οἰκέται
1354 1961 1461 2015 τῶν
1503 1960 1792 2032 βαρϐάρων
1826 1960 1926 2025 τὰς

341 2053 560 2124 χεῖρας.

482 2186 622 2253 Aq’.
649 2215 722 2226 —
758 2184 1120 2254 Πομπηϊανῷ
1148 2186 1463 2252 ἐπισκόπῳ
1506 2186 1785 2258 Ἐμέσης.

428 2296 742 2368 Ἀμφότερα
783 2293 902 2351 οἶδα
942 2297 1152 2367 σαφῶς,
1185 2301 1281 2352 καὶ
1338 2299 1448 2353 τῶν
1479 2302 1782 2371 χρημάτων
1825 2302 1925 2372 τὴν

344 2387 568 2450 σπάνιν,
597 2387 695 2442 καὶ
715 2387 816 2458 τὴν
860 2389 1266 2459 μεγαλοψυχίαν
1295 2389 1396 2460 τῆς
1429 2390 1680 2463 γνώμης,
1725 2391 1821 2445 καὶ
1849 2393 1926 2456 ὡς

339 2476 444 2547 τὴν
466 2476 673 2531 ἔνδειαν
699 2479 731 2550 ἠ
760 2477 1040 2549 φιλοτιμία
1064 2481 1208 2551 νικᾷ.
1230 2480 1328 2533 Διά
1348 2498 1430 2533 τοι
1455 2481 1614 2535 τοῦτο
1637 2484 1856 2552 συνίστη
1867 2481 1927 2554 μί

345 2589 442 2624 σου
470 2573 536 2641 τῇ
569 2569 808 2642 ὁσιότητι
836 2571 928 2624 τὸν
969 2570 1421 2641 θαυμασιώτατον
1458 2571 1554 2626 καὶ
1584 2573 1930 2642 μεγαλοπρε-

342 2663 620 2717 πέστατον
657 2662 1020 2715 Κελεστιακὸν
1046 2701 1060 2725 ,
1102 2662 1314 2715 πολλῶν
1361 2663 1458 2733 μὲν
1496 2664 1794 2734 χρημάτων
1831 2665 1928 2718 καὶ

343 2752 644 2825 κτημάτων
680 2753 849 2807 πάλαι
879 2754 1147 2824 δεσπότην
1169 2756 1558 2826 γεγενημένον,
1592 2758 1727 2825 μετὰ
1761 2758 1927 2827 μόνης

356 2843 413 2897 δὲ
435 2844 536 2914 τῆς
573 2843 890 2914 ἐλευθερίας
918 2845 1029 2901 τῶν
1064 2843 1360 2916 βαρϐάρων
1387 2846 1484 2909 τὰς
1513 2849 1699 2917 χεῖρας
1736 2848 1928 2918 διαφυ-

344 2937 534 3004 γόντα,
569 2937 665 2988 καὶ
713 2934 980 3006 πρόσοδον
1016 2937 1096 2999 είς
1127 2936 1382 3009 ἀφορμὴν
1428 2937 1548 3008 βίου
1593 2940 1690 2992 νῦν
1734 2939 1926 3010 ἔχοντα

342 3028 455 3080 τῶν
477 3029 618 3081 κατὰ
643 3027 746 3098 τὴν
777 3026 875 3098 σὴν
901 3028 1178 3096 φιλοθεΐαν
1205 3027 1304 3100 τὴν
1333 3029 1926 3102 εύσπλαγχνίαν.Ἔχει

340 3117 400 3170 δὲ
429 3118 528 3170 καὶ
566 3117 862 3188 φροντίδων
911 3117 1113 3188 ἑσμόν·
1162 3118 1380 3172 σύνεστι
1428 3119 1538 3191 γὰρ
1573 3120 1724 3192 αύτῷ
1756 3122 1851 3175 καὶ
1890 3123 1925 3194 ἡ

2207 2185 2872 2258 XXXVl.—-Pompeiano
2919 2189 3158 2260 episcopo
3210 2188 3432 2244 Emesa.

2097 2297 2360 2367 Apprime
2395 2308 2630 2367 utraque
2657 2295 2808 2364 novi,
2843 2306 2900 2353 et
2921 2299 3280 2369 pecuniarum
3301 2299 3612 2370 penuriam,

2027 2398 2084 2443 et
2121 2389 2290 2442 animi
2319 2390 2782 2460 magnitudinem,
2810 2397 2867 2444 et
2897 2389 3158 2461 egestatis
3181 2390 3464 2445 victricem
3491 2407 3614 2446 esse

2029 2481 2485 2536 munificentiam.
2514 2483 2816 2552 Propterea
2846 2481 3176 2536 commendo
3200 2483 3480 2536 sanctitati
3508 2491 3613 2537 tua:

2027 2571 2544 2641 praestantissimum
2595 2582 2650 2626 et
2705 2571 3314 2642 magnificentissimum
3342 2571 3610 2627 Celestia-

2027 2675 2174 2726 cum,
2218 2661 2312 2731 qui
2363 2661 2666 2716 multarum
2699 2661 3060 2731 pecuniarum
3111 2668 3167 2715 et
3199 2662 3612 2730 possessionum

2027 2753 2284 2808 dominus
2309 2753 2440 2809 olim
2466 2753 2588 2817 fuit,
2618 2753 2734 2808 sola
2771 2768 2900 2807 vero
2929 2767 3056 2806 cum
3108 2751 3366 2807 libertate
3415 2752 3616 2808 Barba-

2030 2861 2216 2900 rorum
2251 2860 2448 2900 manus
2502 2845 2697 2908 evasit,
2749 2852 2805 2900 et
2841 2851 3169 2914 proventum
3222 2843 3289 2897 ad
3322 2842 3450 2898 vitze
3490 2859 3615 2900 sus-

2031 2937 2389 2993 tentationem
2437 2953 2587 2992 nunc
2637 2951 2809 2991 unum
2861 2935 3048 2999 habet,
3087 2949 3281 2989 eorum
3335 2934 3433 3003 qui
3493 2934 3616 3002 pie-

2033 3027 2162 3082 tatis
2186 3036 2294 3082 tua:
2331 3025 2540 3082 similes
2583 3033 2713 3079 sunt
2746 3021 3204 3078 misericordiam.
3237 3021 3398 3075 Ducit
3435 3031 3616 3076 autem

2033 3133 2222 3174 secum
2270 3127 2328 3174 et
2380 3132 2639 3172 curarum
2691 3132 2945 3171 examen.
2976 3115 3114 3170 Cum
3156 3114 3274 3185 ipso
3306 3113 3454 3169 enim
3489 3121 3620 3168 sunt

342 3206 442 3260 τοῦ
475 3206 590 3275 βίου
622 3205 896 3271 κοινωνὸς,
929 3207 1024 3259 καί¹
1059 3207 1128 3260 τὰ
1182 3207 1393 3273 παιδία,
1437 3209 1534 3262 καὶ
1572 3209 1924 3278 θεράποντες,

2030 3222 2088 3269 et
2128 3213 2254 3266 vita:
2295 3209 2467 3273 socia,
2517 3215 2574 3262 ct
2622 3207 2742 3271 ﬁlii,
2800 3214 2857 3261 et
2893 3205 3104 3270 famuli,
3139 3220 3280 3275 quos
3301 3220 3414 3258 non
3448 3203 3619 3258 solius

340 3297 407 3349 οὐ
443 3295 533 3349 διὰ
577 3295 772 3366 χρείαν
821 3295 1010 3366 μόνην,
1062 3295 1199 3350 ἀλλὰ
1233 3298 1328 3350 καὶ
1375 3297 1467 3350 διὰ
1516 3299 1928 3370 φιλανθρωπίαν

351 3390 612 3451 συνόντες
631 3403 644 3416 ·
676 3389 777 3458 οὐχ
805 3389 1019 3458 ἡγεῖται
1046 3388 1153 3458 γὰρ
1175 3389 1320 3441 ὅσιον
1360 3388 1632 3442 ἀπολῦσαι
1669 3390 1794 3453 τοὺς
1827 3390 1928 3444 ούκ

339 3480 751 3550 ἀνασχομένους
783 3477 1122 3532 καταλιπεῖν.
1151 3478 1351 3531 Τοῦτον
1383 3481 1477 3535 καὶ
1504 3482 1614 3542 τοῖς
1637 3481 1928 3552 εὐποροῦσι

341 3574 462 3628 τῶν
492 3572 730 3625 πολιτῶν
777 3571 1056 3644 γνώριμον
1100 3573 1353 3641 γενέσθαι
1396 3572 1484 3625 διὰ
1526 3573 1624 3643 τῆς
1661 3572 1759 3640 σῆς
1791 3572 1933 3641 φιλο·

343 3666 504 3729 θεῖας
530 3664 864 3735 παρακαλῶ’
896 3659 1050 3735 οἶμαι
1077 3664 1208 3736 γὰρ,
1232 3664 1307 3728 ὡς
1359 3663 1454 3716 καὶ
1493 3663 1646 3734 παρὰ
1684 3663 1784 3733 τῆς
1831 3663 1932 3734 σῆς

339 3756 626 3825 ὁσιότητος
647 3754 1048 3824 διδασκόμενοι,
1073 3755 1166 3808 καὶ
1196 3754 1294 3824 τὴν
1313 3757 1412 3827 τῆς
1435 3753 1733 3824 εὐπραξίας
1763 3753 1934 3825 ὁρῶν-

344 3863 443 3910 τες
483 3844 810 3916 μεταϐολὴν,
837 3846 939 3917 τὴν
974 3844 1096 3916 σὴν,
1119 3844 1374 3908 δέσποτα,
1409 3845 1815 3916 μεγαλοψυχίαν
1851 3861 1933 3914 μι-

348 3938 644 4008 μήσονται,
694 3937 790 3988 καὶ
823 3936 921 4006 τῆς
968 3935 1202 4006 δυνατῆς
1245 3935 1407 3988 αὐτὸν
1441 3933 1735 4000 ἀξιώσουσι
1775 3934 1934 4006 θερα-

344 4028 536 4092 πείας,
563 4027 666 4097 τῆς
697 4027 914 4097 φύσεως
947 4025 1009 4080 τὸ
1039 4027 1219 4080 κοινὸν
1251 4025 1619 4097 λογισάμενοι.

701 4162 820 4217 ΛΖ’.
842 4188 913 4202 --
941 4159 1294 4226 Σαλουστίῳ
1315 4159 1580 4227 ἄρχοντι.

423 4276 599 4331 Ὅταν
651 4277 701 4329 οἱ
732 4275 920 4346 ἄρχειν
967 4273 1224 4344 λαχόντες
1254 4271 1491 4334 ἀκλινῶς
1534 4269 1808 4343 κατέχωσι
1835 4270 1935 4340 τὴν

345 4370 453 4441 τῆς
480 4368 638 4440 δίκης
664 4369 958 4440 τρυτάνην,
985 4369 1076 4420 καί
1103 4366 1229 4429 ἴσως
1248 4365 1347 4435 τὴν
1372 4364 1612 4435 ἀρτάνην
1641 4365 1931 4428 ἀνέλκωσι,

349 4460 716 4515 παντοδαπῶν
749 4458 971 4527 ἀγαθῶν
995 4460 1107 4520 τοῖς
1140 4457 1463 4528 ἀρχομένοις
1491 4456 1811 4527 προξενοῦσι
1841 4472 1937 4524 φο-

2029 3301 2377 3359 necessitatis
2426 3314 2598 3354 causa
2653 3299 2876 3363 retinet,
2928 3312 3123 3353 verum
3168 3296 3334 3352 etiam
3365 3295 3617 3349 humanis

2030 3393 2158 3448 tatis
2195 3409 2208 3445 :
2246 3390 2376 3462 quia
2404 3389 2561 3444 nefas
2593 3388 2749 3443 ducit
2774 3403 2870 3443 eos
2923 3388 3224 3451 dimittere,
3283 3387 3378 3456 qui
3439 3385 3616 3456 ipsum

2030 3484 2290 3538 deserere
2338 3497 2450 3535 non
2501 3480 2907 3536 sustinuerunt.
2971 3480 3130 3535 Hunc
3184 3479 3390 3535 civium
3446 3477 3615 3531 etiam

2031 3575 2321 3630 ditissimis
2373 3588 2543 3643 opera
2586 3581 2678 3628 tua
2726 3572 3073 3628 innotescere
3125 3572 3308 3641 cupio.
3345 3570 3436 3625 Sic
3464 3568 3614 3623 enirn

2032 3663 2280 3720 futurum
2311 3663 2573 3728 arbitror,
2602 3671 2664 3717 ut
2689 3661 2911 3732 pietatis
2937 3669 3042 3716 tua:
3073 3660 3388 3732 magisterio
3410 3658 3614 3722 edocti,

2031 3763 2088 3811 et
2134 3755 2416 3810 fclicitatis
2453 3762 2746 3809 cernentes
2771 3754 3156 3818 mutationem,
3192 3747 3442 3807 et’animi
3474 3754 3487 3770 '
3515 3749 3616 3815 tui,

2039 3847 2283 3913 domine,
2331 3845 2768 3917 magnitudinem
2818 3845 3129 3909 imitentur,
3175 3851 3232 3899 et
3269 3857 3621 3898 communem

2032 3950 2287 3996 naturam
2341 3948 2682 4009 reputantes,
2734 3938 3042 3994 subsidium
3082 3938 3134 3992 ei
3184 3935 3474 3990 conferant
3519 3948 3620 4003 pro

2037 4032 2316 4087 facultate.

2251 4164 2464 4236 1097
2493 4164 2754 4220 XXXVII.
2786 4193 2857 4204 —
2885 4163 3122 4219 Salustio
3147 4165 3384 4234 prasidi.

2105 4275 2209 4342 Qui
2235 4276 2614 4347 magistratum
2640 4275 2826 4329 sortiti
2865 4275 3132 4328 trutinam
3153 4275 3384 4344 iustitia:
3407 4283 3613 4330 rectam

2039 4374 2250 4431 tenent,
2275 4381 2338 4421 ac
2373 4365 2686 4420 funiculum
2737 4364 3029 4434 mqualiter
3058 4364 3340 4430 attollunt,
3384 4363 3455 4418 iis
3480 4379 3626 4434 quos

2039 4466 2236 4527 regunt
2259 4457 2533 4512 bonorum
2552 4455 2796 4510 omnium
2815 4456 3029 4524 copiam
3048 4454 3294 4523 pariunt.
3311 4453 3469 4521 Quod
3490 4455 3535 4509 si
3563 4461 3622 4508 et

351 4552 484 4622 ράν.
534 4552 634 4604 Ἂν
667 4551 723 4604 δὲ
757 4548 949 4620 δήκαὶ
994 4546 1210 4610 σύνεσις
1256 4545 1556 4618 ἀποχρῶσα
1577 4549 1780 4617 προσῇ,
1835 4546 1928 4598 καὶ

2035 4552 2327 4623 prudentia
2346 4548 2622 4605 subiciens
2647 4547 2809 4611 adsit,
2829 4554 2886 4602 et
2915 4545 3275 4600 humanitatis
3292 4545 3348 4601 in
3374 4561 3501 4600 eum
3523 4546 3624 4615 qui

348 4639 770 4710 φιλανθρωπίας
787 4639 866 4710 τῷ
882 4638 1086 4707 ταύτης
1101 4635 1340 4706 δεομένῳ
1354 4635 1712 4707 προστίθηται
1729 4635 1930 4705 ψῆφος,

351 4730 743 4787 πολλαπλάσια
767 4732 881 4794 τοῖς
921 4730 1271 4810 ὑπηκόοιςρκ
1289 4726 1401 4782 τῶν
1428 4729 1668 4800 ἀρχείων
1697 4727 1930 4782 ἀναϐλα-

306 4841 326 4853 ‘
351 4825 544 4879 στάνει
574 4823 686 4893 (28)
720 4821 882 4876 καλά.
909 4821 1130 4875 Τούτων
1170 4821 1270 4876 διὰ.
1293 4822 1395 4892 τῆς
1425 4822 1524 4892 σῆς
1555 4819 1935 4890 λαμπρότητος

351 4912 770 4974 ἀπολαύσαντες
803 4912 1196 4982 Εὑφρατήσιοι,
1222 4911 1318 4965 καὶ
1336 4911 1436 4980 τὴν
1469 4912 1664 4980 πεῖραν
1686 4909 1936 4963 διδάσκα-

352 5009 446 5062 λον
482 5005 699 5076 ἔχοντες
723 5003 834 5058 τῶν
856 5003 956 5072 τῆς
990 5001 1262 5072 προτέρας
1299 5003 1476 5072 ἀρχῆς
1517 5000 1738 5068 ἀγαθῶν
1764 5041 1780 5066 ,
1814 5002 1938 5071 ὲχό-

356 5115 563 5170 ρευσαν
585 5097 680 5150 ἐπὶ
707 5093 799 5149 τοῦ
828 5093 1116 5162 παρόντος,
1152 5093 1250 5163 τὴν
1285 5093 1384 5164 σὴν
1429 5091 1813 5163 μεμαθηκότες
1844 5109 1932 5161 με.

352 5189 764 5261 γαλοπρέπειαν
789 5184 1195 5256 ἐγχειρισθῆναι
1214 5185 1324 5253 ,τῆς
1354 5185 1530 5255 ἀρχῆς
1567 5183 1638 5236 τὰ
1681 5183 1937 5254 πηδάλια.

367 5281 590 5352 Ἐγὼδὲ
625 5279 892 5352 μειζόνων
921 5279 1118 5342 αὐτοὺς
1167 5275 1397 5347 εὔχομαι
1443 5277 1628 5346 τυχεῖν
1671 5275 1893 5344 ἀγαθῶν
1921 5316 1936 5340 ,

354 5378 453 5433 καὶ
484 5376 584 5446 τὴν
611 5375 709 5445 σὴν
730 5372 1091 5443 λαμπρότητα
1120 5369 1366 5432 πλείονος
1397 5367 1648 5431 εὐκλείας
1699 5368 1937 5438 μεταλα-

355 5471 476 5523 σεῐν
507 5468 617 5537 (29)
640 5484 653 5498 ο
691 5465 1057 5538 προστεθῆναι
1085 5463 1141 5516 δὲ
1168 5465 1279 5525 τοίς
1307 5461 1486 5524 ἄλλοις
1509 5459 1694 5524 καλοῖς
1730 5460 1823 5514 καὶ
1846 5461 1938 5514 τὸν

356 5561 646 5629 κολοφῶνα
696 5559 808 5612 τῶν
852 5555 1072 5625 ἀγαθῶν
1120 5555 1218 5625 τὴν
1248 5553 1527 5606 εὐσέϐειαν
1554 5594 1568 5617 ,
1610 5553 1698 5605 ἵνα
1727 5552 1802 5622 μὴ
1830 5570 1938 5622 χω-

355 5653 492 5723 λεύῃ
530 5651 639 5704 τῶν
665 5646 1122 5718 ἐγκωμιαζόντων
1155 5647 1184 5698 ό
1215 5644 1450 5708 ἔπαινος.
1487 5643 1728 5698 Ἥλπισα
1753 5644 1809 5698 δὲ
1844 5646 1937 5699 καὶ

435 5807 545 5872 ('28)
579 5803 988 5859 ἁναϐλυστάνει.
1020 5801 1188 5868 Neap.

2029 4653 2153 4715 eget
2189 4641 2513 4713 suﬂ'ragium
2539 4639 2789 4703 accedat,
2813 4638 3144 4709 multiplicia
3167 4638 3222 4692 in
3259 4639 3513 4699 subditos
3552 4653 3623 4693 ex

2033 4736 2304 4806 praetoriis
2345 4733 2634 4790 commoda
2681 4731 3014 4787 redmtdant.
3048 4731 3146 4786 His
3175 4748 3272 4802 per
3311 4731 3628 4787 claritatem

2036 4832 2183 4879 tuam
2222 4822 2528 4894 degustatis
2572 4821 2952 4892 Euphratesii,
3009 4823 3334 4892 magistram
3352 4823 3623 4878 habentes

2033 4913 2428 4982 experientiam
2440 4913 2710 4967 bonorum
2735 4913 2941 4982 prioris
2966 4911 3488 4977 administrationis,
3520 4928 3628 4968 ex--

2035 5002 2314 5056 sultarunt
2331 5001 2518 5065 modo,
2553 5015 2678 5054 cum
2713 5000 3134 5070 magnificentiae
3189 5010 3296 5056 tuae
3328 5001 3624 5056 commissa

1987 5141 1990 5144 .
2036 5093 2378 5163 praefectura
2452 5093 2832 5163 gubernacula
2905 5092 3248 5148 didicerunt.
3310 5094 3427 5164 Ego
3482 5110 3632 5150 vero

2037 5187 2246 5256 majora
2277 5184 2401 5238 illos
2428 5184 2695 5252 consequi
2728 5192 2861 5253 opto
2892 5183 3059 5248 bona,
3101 5194 3158 5240 et
3189 5185 3459 5253 ampliore
3509 5185 3622 5237 cla-

2037 5276 2257 5330 ritatem
2282 5284 2431 5330 tuam
2464 5275 2640 5346 gloria
2670 5275 2862 5345 potiri,
2895 5282 3062 5344 atque
3087 5275 3155 5330 ad
3183 5285 3381 5331 caetera
3415 5274 3626 5328 eximia

2024 5367 2184 5421 -bona
2213 5367 2488 5420 bonorum
2518 5367 2884 5435 colopbonem
2914 5367 3078 5437 adjici
3104 5367 3389 5436 pietatem,
3413 5381 3483 5419 ne
3513 5381 3617 5418 en-

2037 5458 2212 5512 comia
2240 5457 2642 5512 celebrantium
2673 5457 2950 5514 claudicet
2983 5456 3247 5513 laudatio.
3281 5457 3452 5510 Porro
3486 5470 3614 5524 spe-

2037 5552 2246 5615 rabam,
2274 5565 2385 5620 quo
2446 5560 2697 5620 tempore
2742 5552 2887 5621 apud
2936 5548 3274 5618 Hierapolim
3327 5548 3616 5616 plusculos

2036 5645 2156 5700 dies
2201 5644 2412 5698 versari
2451 5652 2678 5698 coactus
2713 5660 2858 5708 sum,
2928 5643 2981 5698 in
3028 5639 3444 5712 magnificentia
3505 5647 3625 5694 tuae-

2111 5797 2221 5868 (29)
2258 5798 2599 5868 μεταλαχεῖν.
2634 5797 2802 5853 Idem.
