4056 6418
557 375 696 440 1215

1558 374 2047 436 THEODORETI
2085 374 2424 435 EPISCOPI
2463 375 2828 436 CYRENSIS

3655 381 3766 450 1216

553 503 915 561 congressum
938 501 1025 542 me
1051 494 1371 552 venturum,
1391 495 1448 542 et
1467 486 1833 542 adventantes
1849 495 2140 557 perconta-

2245 485 2630 551 συντεύξεσθαί
2663 503 2754 540 σου
2775 488 2844 556 τῇ
2872 483 3340 558 μεγαλοπρεπείᾳ,
3386 486 3542 558 ήνίκα
3583 489 3771 555 πλιῖους

559 583 656 636 har
681 580 924 643 assidue,
954 594 1022 632 an
1059 579 1395 647 praestantia:
1424 589 1530 634 tua:
1565 579 1728 633 allata
1768 587 1954 634 essent
1996 579 2135 632 msi-

556 673 683 744 gnia
729 672 1100 741 magistratus.
1131 670 1239 725 Sed
1275 671 1404 740 quia
1438 672 1670 741 urgebat
1709 671 1898 725 divina
1943 678 1999 724 et
2046 685 2136 724 sa-

557 763 751 818 lutaris
800 761 1088 825 festivitas,
1143 761 1211 814 ad
1265 762 1616 815 commissam
1665 763 1802 816 mihi
1853 761 2137 816 civitatem

557 870 679 908 sum
728 869 1004 908 reversus.
1067 853 1225 907 Nunc
1249 868 1382 908 vero
1427 854 1671 923 acceptis
1718 851 2139 924 magnificentiae

472 1015 474 1017 ν
560 956 666 998 tuae
701 945 926 1008 litteris,
950 954 1116 1014 atque
1141 945 1227 999 his
1257 945 1560 1014 plurimum
1618 946 1876 1008 recreati,
1906 953 1963 998 et
1992 945 2139 998 salu-

559 1037 787 1090 tationis
847 1037 1100 1091 debitum
1130 1038 1489 1103 exsolvimus,
1525 1047 1583 1093 et
1609 1038 2135 1094 reverendissimum

557 1143 622 1181 ac
646 1127 1129 1198 religiosissimum
1181 1128 1498 1194 diaconum,
1555 1145 1820 1198 aquarum
1871 1128 2136 1197 indagan-

556 1219 752 1274 darum
780 1221 877 1275 Dei
908 1221 1178 1276 beneficio
1212 1223 1473 1292 peritum,
1495 1231 1558 1276 ut
1592 1223 1836 1293 jussisti,
1882 1221 2138 1275 misimus

557 1329 590 1367 ο
617 1313 869 1383 vestigio.
910 1314 1067 1369 Faxit
1101 1314 1374 1384 benignus
1403 1316 1688 1380 Dominus,
1731 1325 1792 1370 ut
1836 1325 1890 1369 et
1922 1313 2136 1369 civitati

563 1403 761 1457 utilem
793 1405 1054 1460 exhibeat
1105 1421 1352 1476 Operam,
1384 1407 1697 1463 etclaritati
1740 1416 1847 1463 tua:
1893 1416 2136 1478 segetem

559 1493 766 1563 gloriae.

853 1689 1077 1761 1098
1122 1689 1412 1745 XXXVIII.
1441 1721 1509 1732 —
1532 1689 1888 1744 Heortastica.

633 1799 828 1854 Divina
863 1809 920 1854 et
959 1800 1218 1855 salutaris
1247 1800 1526 1856 festivitas
1559 1814 1950 1854 concessorum
1976 1799 2140 1853 nobis
2171 1831 2213 1884 Β

560 1907 589 1942 a
622 1891 734 1945 Deo
757 1891 1027 1945 bonorum
1083 1891 1265 1946 fontes
1304 1891 1511 1956 attulit,
1557 1892 1741 1946 crucis
1781 1890 2136 1954 beneficium,
2191 1893 2196 1898 ’

561 1980 1052 2047 immortalitatem,
1091 1993 1276 2036 natam
1298 1998 1364 2037 ex
1391 1981 1678 2036 Dominica
1707 1990 1884 2036 morte
1919 1981 2139 2036 Domini

559 2073 736 2128 nostri
772 2073 902 2128 Jesu
964 2075 1452 2139 resurrectionem,
1491 2089 1614 2144 quae
1643 2089 1991 2127 communem
2026 2089 2144 2126 om-

559 2163 728 2218 nibus
782 2165 1248 2220 resurrectionem
1285 2165 1602 2235 pollicetur.
1662 2164 1789 2219 llaac
1854 2165 2144 2234 proferens

559 2256 852 2320 festivitas,
898 2265 955 2310 et
988 2256 1191 2310 divina:
1225 2257 1416 2327 gratiae
1468 2255 1906 2311 munificentiam
1941 2265 2144 2335 'ostcn-

559 2345 700 2400 dcns
725 2347 791 2400 ad
818 2347 1126 2417 spiritalem
1161 2348 1407 2403 lmtitiam
1443 2349 1799 2418 provocabat.
1839 2347 1945 2402 Sed
1995 2348 2143 2401 cala-

560 2438 974 2508 mitatum,quae
1009 2439 1252 2509 undique
1278 2456 1380 2494 nos
1412 2439 1796 2503 circumstant,
1822 2439 2142 2509 magnitudo

558 2537 616 2582 et
651 2529 951 2583 multitudo
972 2529 1290 2585 festivitatis
1320 2533 1334 2549 '
1360 2529 1694 2584 hilaritatem
1722 2529 2060 2592 obscuravit,
2089 2538 2146 2584 et

559 2621 814 2690 planctus
875 2623 1169 2691 luctusque
1225 2622 1432 2677 divinis
1497 2621 1757 2676 laudibus
1820 2621 2140 2675 admiscuit.

561 2711 721 2766 'l‘ales
744 2713 948 2784 quippe
973 2720 1102 2768 sunt
1132 2712 1298 2768 foetus
1318 2713 1552 2784 peccati.
1572 2711 1687 2768 lloc
1709 2711 1859 2768 enim
1888 2720 1974 2767 est
1995 2712 2144 2782 quod

559 2805 750 2859 dolore
773 2806 940 2859 vitam
968 2813 1218 2860 nostram
1259 2805 1495 2876 replevit
1534 2823 1546 2858 :
1596 2814 1821 2875 propter
1849 2805 1955 2859 hoc
1981 2820 2136 2858 ama-

562 2895 728 2948 bilior
765 2896 928 2950 nobis
957 2912 1109 2950 mors
1133 2911 1299 2965 quam
1335 2897 1477 2950 vita:
1513 2906 1740 2966 propter
1763 2897 1868 2950 hoc
1902 2896 2142 2950 futuram

559 3000 780 3054 quoque
802 2986 970 3040 vitam
1008 2986 1482 3052 exhorrescimus,
1544 2987 1966 3058 incorruptibile
2008 2988 2143 3043 illud

563 3077 805 3132 tribunal
832 3079 1292 3148 contemplantes.
1331 3078 1465 3133 Oret
1498 3079 1683 3149 itaque
1722 3081 1898 3150 pietas
1936 3089 2049 3146 tua,
2083 3091 2145 3136 ut

2238 579 2297 630 ἐν
2345 577 2645 648 Ἱεραπόλει
2691 578 2979 646 διαγαγεῖν
3022 577 3370 649 ἠναγκάσθην
3419 579 3652 649 ἡμέρας·
3695 587 3776 637 καὶ

2237 670 2345 724 τῶν
2379 673 2794 740 ἀφικνουμένων
2819 670 3085 742 διηνεκῶς
3121 670 3518 742 ἐπυνθανόμην,
3538 675 3582 725 εί
3610 676 3774 745 ἐκομί-

2240 764 2342 833 σθη
2377 781 2472 816 σου
2505 767 2570 835 τῇ
2613 764 3010 834 θαυμασιὸτητι
3062 762 3132 816 τά
3186 762 3429 831 σύμϐολα
3464 764 3558 833 τῆς
3606 766 3776 838 ἀρχῆς.

2250 855 2475 926 Ἐπειδὴ
2500 857 2557 910 δὲ
2592 859 2626 927 ή
2665 855 2784 909 Θεία
2824 857 2918 909 καὶ
2971 857 3240 926 σωτήριος
3272 854 3583 920 κατέπειξεν
3621 859 3776 930 ἑορτὴ,

2237 943 2335 1015 τὴν
2365 945 2801 1014 ἐγχειρισθεῖσαν
2833 946 2961 1016 ἡμῖν
2994 943 3364 1014 κατελάϐομεν
3395 945 3565 1000 πόλιν.
3605 947 3708 999 Νῦν
3735 949 3782 1002 δὲ

2238 1035 2305 1088 τά
2324 1033 2424 1103 τῆς
2451 1035 2550 1104 σῆς
2577 1034 3054 1105 μεγαλοπρεπείας
3075 1032 3357 1104 δεξάμενοι
3378 1034 3684 1105 γράμματα,
3703 1039 3782 1092 καί

2237 1124 2362 1178 λίαν
2405 1125 2699 1194 ἡσθέντες,
2742 1127 2838 1180 καὶ
2876 1127 2940 1179 τὸ
2986 1125 3088 1196 τῆς
3127 1125 3486 1195 προσρήσεως
3531 1127 3783 1196 ἐκτίνομεν

2238 1215 2420 1285 χρέος,
2456 1215 2548 1269 καὶ
2582 1217 2673 1270 τὸν
2705 1215 3036 1287 τιμιώτατον
3067 1217 3160 1270 καὶ
3198 1215 3590 1270 εὐλαϐέστατον
3627 1217 3784 1270 διάκο-

2239 1320 2351 1367 νον,
2385 1305 2482 1357 σὺν
2517 1303 2640 1375 Θεῷ
2673 1306 2862 1375 φάναι,
2896 1305 2989 1358 τὸν
3037 1305 3372 1376 ύδροσκόπον
3418 1305 3493 1368 ὡς
3525 1305 3781 1370 ἐκέλευσας

2239 1395 2644 1467 ἀπεστείλαμεν
2675 1398 3011 1469 παραυτίκα.
3050 1397 3334 1470 Παράσχοι
3367 1396 3424 1450 δέ
3447 1396 3475 1447 ὁ
3513 1396 3782 1470 φιλάνθρω-

2241 1504 2342 1550 πος
2369 1488 2650 1558 Δεσπότης
2672 1489 2896 1560 πορίσαι
2925 1489 3090 1542 αὑτὸν
3114 1487 3209 1542 καὶ
3237 1491 3303 1558 τῇ
3335 1489 3484 1542 πόλει
3513 1488 3689 1558 χρείαν
3708 1489 3784 1541 καὶ

2240 1579 2306 1648 τῇ
2347 1577 2692 1650 λαμπρότητι
2715 1596 2808 1633 σου
2840 1581 3114 1652 πρόφασιν
3153 1579 3420 1645 εὐδοξίας.

2681 1692 2811 1745 AH'.
2851 1722 2923 1730 —
2971 1691 3378 1760 Ἑορταστική.

2326 1803 2387 1858 Ἥ
2433 1805 2530 1875 μὲν
2581 1804 2700 1858 θεία
2750 1804 2846 1857 καὶ
2888 1805 3152 1874 σωτήριος
3179 1803 3345 1875 ἑορτὴ
3393 1803 3502 1856 τῶν
3533 1801 3792 1856 θεοσδότων

2245 1898 2378 1966 ἡμῖν
2427 1895 2650 1965 ἀγαθῶν
2684 1897 3048 1967 προσενήνοχε
3078 1895 3180 1958 τάς
3215 1894 3425 1965 πηγὰς,
3453 1895 3546 1948 τοῦ
3581 1892 3788 1964 σταυροῦ

2242 1989 2341 2059 τὴν
2364 1988 2638 2056 εὐλογίαν,
2668 1988 2767 2059 τὴν
2793 1987 3114 2051 ἀθανασίαν,
3145 1987 3243 2058 τὴν
3275 1990 3341 2041 ἐκ
3369 1987 3463 2040 τοῦ
3497 1985 3794 2040 Δεσποτικοῦ

2243 2081 2476 2134 θανάτου
2506 2080 2886 2151 βλαστήσασαν
2922 2078 3016 2132 τοῦ
3049 2080 3255 2150 Κυρίου
3297 2079 3456 2149 ἡμῶν
3517 2078 3680 2148 Ἰησοῦ
3715 2078 3797 2148 τὴν

2244 2178 2560 2240 ἀνάστασιν,
2601 2177 2635 2248 ἢ
2685 2176 2783 2248 τὴν
2830 2175 3013 2246 κοινὴν
3059 2175 3365 2228 ἀνάστασιν
3416 2175 3795 2243 ἐπαγγέλλεται.

2248 2270 2436 2324 Ταῦτα
2469 2270 2502 2340 ὴ
2530 2268 2692 2339 ἑορτὴ
2731 2268 3141 2339 προσφέρουσα,
3183 2267 3282 2321 καὶ
3309 2268 3410 2338 τῆς
3437 2265 3582 2330 θείας
3607 2266 3798 2336 χάριτος

2242 2360 2342 2431 τὴν
2377 2360 2688 2430 φιλοτιμίαν
2711 2358 3080 2422 ἐπιδεικνῦσα,
3103 2358 3200 2430 τὴν
3227 2358 3608 2429 πνευματικὴν
3630 2358 3799 2428 εὐφρο-

2247 2453 2411 2522 σύνην
2445 2451 2923 2522 ἐπραγματεύετο.
2953 2448 3073 2501 Τῶν
3104 2449 3159 2502 δέ
3188 2448 3492 2519 συμφορῶν
3521 2447 3582 2500 τὸ
3604 2447 3798 2518 μέγεθος

2243 2541 2339 2594 καὶ
2372 2540 2433 2594 τὸ
2463 2539 2668 2608 πλῆθος
2718 2538 2985 2592 πάντοθεν
3035 2539 3182 2608 ἡμᾶς
3235 2537 3681 2612 περιστοιχίζον,
3721 2537 3802 2606 τῆς

2244 2635 2440 2706 ἑορτῆς
2485 2634 2587 2705 τὴν
2624 2632 2896 2702 θυμηδίαν
2937 2629 3260 2702 ἠμαύρωσε,
3318 2633 3416 2685 καὶ
3463 2632 3698 2702 οίμωγάς
3729 2630 3804 2683 καὶ

2245 2729 2478 2799 θρήνους
2504 2729 2626 2790 ταῖς
2655 2725 2953 2796 ὑμνῳδίαις
2979 2723 3224 2794 ἀνέμιξε.
3248 2722 3499 2778 Τοιαῦτα
3520 2722 3625 2793 γάρ
3642 2721 3706 2774 τὰ
3724 2719 3804 2790 τῆς

2245 2818 2521 2890 ἁμαρτίας
2559 2817 2836 2886 κυήματα.
2863 2813 3014 2884 Αὕτη
3049 2813 3159 2884 γάρ
3184 2813 3387 2886 ὀδύνης
3419 2813 3513 2866 τὸν
3546 2811 3652 2882 βίον
3674 2809 3806 2881 ήμῶν

2244 2909 2532 2979 ἐνέπλησε.
2562 2908 2660 2962 Διά
2685 2907 2888 2978 ταύτην
2933 2906 3350 2978 ἐρασμιώτερος
3384 2908 3519 2978 ἡμῖν
3551 2907 3579 2958 ό
3609 2906 3809 2964 θάνατος

2244 3001 2343 3072 τῆς
2367 2999 2513 3069 ζωῆς
2531 3017 2544 3030 ο
2569 2999 2657 3052 διὰ
2693 2998 2900 3068 ταύτην
2922 2999 3016 3052 καὶ
3052 2998 3145 3052 τὸν
3183 2997 3461 3068 μέλλοντα
3489 2996 3810 3067 πεφρίκαμεν

2250 3093 2385 3164 βίον,
2417 3093 2480 3147 τὸ
2511 3092 2808 3146 ἀδέκαστον
2838 3094 3019 3146 ἐκεῖνο
3065 3091 3362 3162 κριτήριον
3414 3087 3812 3160 φανταζόμενοι.

561 3169 722 3223 nobis
773 3170 1015 3225 divinam
1047 3172 1442 3242 benignitatem
1484 3174 1771 3243 consequi,
1815 3189 1879 3229 ac
1924 3175 2140 3230 tristem

2245 3182 2508 3248 ἱύξάσθω
2557 3182 2735 3236 τοίνυν
2786 3183 2820 3252 ή
2868 3181 3149 3236 θεοσέϐειά
3211 3197 3335 3247 σου,
3363 3182 3467 3251 τῆς
3505 3181 3653 3244 θείας
3687 3177 3812 3250 ἡμᾶς

563 3259 706 3314 hanc
739 3269 796 3315 et
855 3261 1262 3317 formidandam
1295 3262 1498 3317 nubem
1550 3263 1842 3332 dissipare,
1892 3279 2141 3334 puraque

559 3353 968 3423 quamprimum
1001 3354 1300 3410 serenitate
1338 3354 1448 3410 frui
1481 3356 1785 3425 contingat.

913 3563 1244 3619 XXXIX.-—
1283 3565 1406 3620 Alia
1441 3569 1782 3622 heortastica.

628 3677 934 3747 Cupiebam
977 3677 1237 3746 equidem
1270 3677 1394 3731 laeta
1445 3679 1713 3747 scribere,
1755 3679 1994 3751 festique
2028 3681 2139 3736 diei

558 3767 905 3838 spiritualem
940 3781 1140 3820 canere
1170 3767 1438 3821 laatitiam.
1467 3767 1572 3822 Sed
1606 3785 1715 3824 non
1768 3771 1900 3825 sinit
1943 3787 2140 3841 pecca-

558 3868 743 3914 torum
779 3858 1122 3928 magnitudo,
1149 3875 1270 3929 quaa
1299 3860 1535 3916 inflictas
1565 3863 1727 3918 nobis
1753 3879 1784 3918 a
1808 3864 1922 3918 Deo
1948 3881 2141 3934 poenas

559 3950 792 4004 inducit.
821 3949 956 4015 Quis
980 3949 1128 4004 enim
1162 3951 1418 4020 stupidus
1439 3961 1524 4008 est
1547 3946 1707 4021 adeo,
1731 3965 1792 4010 ut
1814 3955 1910 4011 ira:
1941 3956 2140 4012 divina:

557 4057 721 4095 sensu
752 4057 863 4096 non
902 4044 1194 4112 tangatur?
1219 4041 1352 4098 Oret
1403 4045 1571 4115 igitur
1595 4047 1773 4117 pietas
1798 4057 1890 4104 tua
1925 4058 1985 4104 ut
2016 4065 2138 4105 me-

557 4133 752 4187 liorem
782 4133 838 4188 in
861 4143 1064 4190 statum
1104 4153 1192 4192 res
1223 4146 1640 4203 convertantur,
1670 4151 1731 4195 ut
1764 4151 1819 4196 ct
1848 4157 1950 4197 nos
1980 4142 2135 4197 litte-

554 4241 740 4280 rarum
771 4227 1008 4283 formam
1045 4239 1346 4297 mutemus,
1369 4239 1428 4287 et
1478 4248 1578 4303 pro
1626 4233 1958 4306 lugubribus
2009 4235 2134 4290 laata

554 4320 882 4376 scribamus.

869 4531 1083 4601 1099
1111 4532 1223 4587 XL.
1280 4535 1544 4590 Theodoro
1589 4537 1809 4592 vicario.

630 4641 899 4696 Festalem
929 4643 1156 4712 quidem
1208 4645 1499 4714 epistolam
1533 4646 1642 4701 diei
1675 4648 1800 4702 festi
1826 4649 1914 4702 lex
1946 4648 2123 4718 impe-

558 4740 675 4784 rat:
705 4731 803 4785 sed
831 4741 1155 4786 consuetam
1182 4734 1306 4790 festi
1356 4735 1602 4790 laetitiam
1631 4752 1736 4790 nos
1759 4752 1957 4806 capere
1982 4739 2131 4792 cala-

552 4822 805 4876 mitatum
835 4824 1013 4880 nubes
1029 4840 1140 4880 non
1167 4827 1441 4896 permisit.
1459 4825 1596 4892 Quis
1610 4827 1760 4880 enim
1783 4827 1922 4882 adeo
1937 4844 2134 4884 saxeus

551 4921 658 4977 est,
693 4921 753 4966 ut
776 4915 922 4968 irato
939 4931 1004 4968 ac
1025 4923 1391 4969 succensente
1423 4914 1658 4969 Domino
1681 4929 1789 4968 non
1809 4924 2063 4985 angatur,
2078 4924 2136 4969 et

553 5003 763 5069 timeat,
797 5014 854 5060 et
875 5005 1206 5060 delictorum
1231 5013 1444 5074 repetat
1475 5005 1822 5069 memoriam,
1855 5005 2131 5075 etjustam

551 5097 886 5150 sententiam
939 5097 1264 5164 exspectet?
1310 5095 1440 5152 Haec
1495 5096 1841 5152 celebritatis
1887 5097 2131 5152 laatitiam

552 5187 715 5241 nobis
741 5188 1134 5242 obscurarunt.
1160 5188 1428 5242 Dominus
1452 5197 1660 5253 autem,
1688 5204 1811 5243 cum
1838 5190 2019 5244 bonus
2039 5189 2130 5253 sit,

554 5279 732 5333 minas
779 5287 842 5332 ut
891 5293 1180 5346 speramus
1224 5280 1489 5350 operibus
1532 5295 1644 5334 non
1681 5281 1935 5350 implebit
1973 5299 1987 5334 :
2034 5280 2130 5336 sed

551 5377 780 5434 annuet,
810 5377 866 5422 et
899 5367 1079 5422 tristia
1111 5369 1396 5433 discutiet,
1424 5380 1481 5424 et
1530 5369 1928 5424 misericordia:
1952 5368 2134 5424 fontes

551 5463 784 5531 aperiet,
810 5470 1245 5532 consuetamque
1282 5461 1608 5531 patientiam
1667 5459 1974 5514 exhibebit.
2020 5459 2131 5513 Ve-

552 5562 716 5606 stram
742 5569 844 5622 ego
867 5550 1261 5607 sublimitatem
1286 5552 1552 5614 salutans,
1575 5549 1977 5620 optatissimam
1996 5547 2128 5602 mihi

555 5639 990 5696 incolumitatem
1019 5649 1256 5697 vestram
1299 5639 1546 5696 nuntiari
1581 5637 1859 5693 desidero.

693 5776 728 5810 φ

2246 3274 2654 3346 φιλανθρωπίας
2677 3275 2878 3343 τυχεῖν,
2912 3273 3007 3327 καὶ
3036 3273 3100 3326 τδ
3137 3272 3373 3340 στυγνὸν
3407 3271 3568 3326 τοῦτο
3616 3271 3705 3326 καὶ
3732 3287 3815 3338 φο-

2244 3367 2404 3435 ϐερὸν
2431 3365 2744 3435 διαλυθῆναι
2769 3365 2952 3434 νέφος,
2987 3365 3084 3419 καὶ
3111 3362 3340 3434 αἰθρίας
3388 3366 3540 3436 ἡμᾶς
3581 3363 3653 3428 ὡς
3682 3363 3814 3432 τάχι-

2245 3475 2346 3513 στα
2383 3458 2628 3528 καθαρᾶς
2651 3455 2982 3511 ἀπολαῦσαι.

2607 3571 2731 3629 ΛΘ¹.
2781 3602 2828 3611 -
2863 3573 3050 3639 Ἄλλη
3092 3571 3491 3640 ἐορταστική.

2329 3685 2664 3759 Ἐϐουλόμην
2689 3685 2758 3738 τά
2793 3684 3014 3756 θυμήρη
3048 3682 3287 3755 γράφειν
3309 3725 3324 3750 ,
3375 3687 3477 3738 καὶ
3518 3684 3617 3754 τῆς
3648 3685 3820 3751 ἑορτῆς

2242 3777 2388 3848 ᾅδειν
2419 3776 2520 3847 τὴν
2543 3773 2922 3846 πνευματικὴν
2945 3772 3294 3844 εὐφροσύνην
3313 3791 3328 3806 ο
3369 3774 3491 3828 ἀλλ’
3516 3773 3618 3827 οὐκ
3646 3773 3709 3844 ἐᾷ
3726 3770 3820 3823 τῶν

2240 3864 2659 3937 ἁμαρτημάτων
2683 3864 2744 3916 τὸ
2769 3863 2995 3933 πλῆθος,
3033 3861 3133 3926 τὰς
3162 3862 3472 3933 θεηλάτους
3513 3866 3644 3934 ἡμῖν
3669 3879 3822 3931 τιμω-

2244 3955 2365 4028 ρίας
2396 3955 2620 4024 ἐπάγον.
2654 3955 2752 4018 Τίς
2789 3953 2898 4025 γὰρ
2947 3953 3217 4024 τοσαύτην
3260 3954 3612 4025 ἀναλγησίαν
3662 3953 3819 4015 νοσεῖ,

2239 4047 2314 4112 ὡς
2351 4047 2426 4120 μὴ
2474 4046 2664 4100 λαϐεῖν
2711 4045 2966 4117 αἴσθησιν
2994 4047 3094 4116 τῆς
3127 4044 3281 4108 θείας
3330 4046 3547 4118 όργῆς;
3579 4042 3823 4108 Εὑξάσθω

2236 4140 2420 4194 τοίνυν
2452 4141 2486 4210 ή
2521 4138 2780 4194 εύλάϐειά
2811 4155 2927 4201 σου,
2960 4137 3030 4192 τά
3062 4137 3376 4208 πράγματα
3410 4138 3717 4208 μεταϐολῆς
3743 4152 3822 4188 τυ-

2237 4234 2353 4304 χεῖν
2384 4230 2616 4301 ἀγαθῆς,
2649 4230 2737 4283 ῖνα
2767 4229 2859 4282 καὶ
2886 4230 3047 4300 ἡμεῖς
3077 4229 3484 4300 μεταϐάλωμεν
3512 4230 3622 4282 τῶν
3655 4243 3821 4297 γραμ-

2239 4324 2429 4395 μάτων
2456 4322 2549 4376 τὸν
2575 4322 2919 4394 χαρακτῆρα,
2957 4319 3052 4376 καὶ
3087 4320 3212 4375 ἀντὶ
3249 4320 3476 4399 θρήνων
3510 4318 3822 4375 ἐπιστέλλωο

2241 4432 2341 4487 μεν
2360 4414 2428 4468 τά
2455 4413 2700 4486 θυμήρη.

2552 4526 2642 4581 Μ’.
2677 4555 2748 4566 -
2783 4522 3058 4594 Θεοδώρῳ
3101 4524 3519 4596 τοποτηρητῇ.

2320 4638 2381 4691 '0
2418 4637 2517 4708 μὲν
2547 4635 2649 4705 τῆς
2700 4635 2894 4706 ἑορτῆς
2931 4635 3092 4705 νόμος
3125 4635 3498 4708 ἐορταστικήν
3548 4633 3828 4706 παρεγγυᾷ

2237 4729 2470 4799 γράφειν
2501 4725 2810 4796 ἐπιστολὴν,
2851 4725 2912 4779 τὸ
2938 4725 3004 4808 δξ
3027 4724 3136 4780 τῶν
3179 4727 3490 4798 συμφορῶν
3529 4728 3696 4797 νέφος
3740 4725 3830 4780 οὐκ

2239 4821 2419 4874 εῖασεν
2444 4820 2592 4890 ἡμᾶς
2633 4818 2877 4887 συνήθως
2896 4817 3168 4888 τρυγῆσαι
3201 4817 3302 4890 τὴν
3348 4819 3712 4892 εὐφροσύνην
3740 4819 3830 4887 τῆς

2240 4911 2454 4983 ἑορτῆς.
2487 4909 2583 4973 Τίς
2631 4909 2740 4979 γάρ
2783 4909 2927 4963 οὕτω
2954 4909 3175 4975 λίθινος,
3225 4910 3300 4974 ὡς
3331 4911 3696 4984 θυμουμένου
3746 4908 3829 4965 τοῦ

2239 5003 2512 5056 Δεσπότου
2558 5000 2656 5053 καὶ
2710 5000 3133 5071 χαλεπαίνοντος
3166 5000 3242 5072 μὴ
3281 5001 3596 5071 ἀσχάλλειν
3630 5005 3724 5058 καὶ
3763 5003 3832 5055 δε-

2237 5096 2430 5160 διέναι,
2464 5095 2560 5147 καὶ
2586 5093 2684 5164 τὴν
2718 5095 2940 5163 μνήμην
2967 5092 3077 5146 τῶν
3116 5093 3503 5166 πεπλημμελη
3514 5097 3696 5166 μένων
3723 5096 3833 5149 ἀνα-

2239 5189 2430 5250 κινεῖν,
2458 5185 2552 5239 καὶ
2585 5185 2683 5256 τὴν
2711 5184 2926 5238 δικαίαν
2954 5184 3355 5255 προσδέχεσθαι
3398 5187 3627 5256 ψῆφον;
3658 5187 3830 5241 Ταῦτα

2237 5277 2336 5346 τῆς
2365 5275 2724 5346 πανηγύρεως
2755 5275 2888 5345 ἡμῖν
2915 5275 3014 5346 τὴν
3051 5275 3319 5346 θυμηδίαν
3364 5278 3710 5352 ἠμαύρωσε.
3743 5278 3830 5331 [lt-

2241 5367 2505 5437 στεύομεν
2549 5367 2641 5429 δὲ,
2674 5365 2751 5428 ὡς
2800 5365 3187 5436 φιλάνθρωπος
3215 5367 3290 5420 ὢν
3326 5369 3359 5420 ὁ
3413 5371 3709 5442 Δεσπότης
3741 5369 3833 5421 οὐκ

2238 5460 2548 5530 ἐμπεδώσει
2585 5461 2696 5522 τοῖς
2717 5458 2902 5530 ἔργοις
2931 5458 3029 5531 τὴν
3057 5459 3310 5528 ἀπειλὴν,
3349 5460 3501 5515 ἀλλά
3529 5463 3717 5516 νεύσει
3750 5459 3836 5514 καὶ

2236 5551 2477 5605 διαλύσει
2522 5551 2592 5603 τά
2622 5551 2925 5620 σκυθρωπὰ
2949 5591 2964 5615 ,
2997 5552 3094 5604 καὶ
3125 5551 3330 5616 ἀνοίξει
3365 5553 3476 5618 τὰς
3529 5554 3628 5608 τοῦ
3662 5553 3834 5613 ἐλέους

2239 5640 2442 5710 πηγάς,
2475 5639 2570 5692 καὶ
2598 5637 2695 5709 τὴν
2737 5641 2944 5710 συνήθη
2995 5640 3161 5707 δείξει
3203 5643 3633 5714 μακροθυμίαν.
3681 5643 3753 5695 Τὸ
3783 5640 3836 5693 δέ

2240 5730 2502 5800 ὑμέτερον
2531 5727 2643 5796 ἐγὼ
2675 5730 3187 5799 προσφθεγγόμενος
3223 5730 3492 5802 μέγεθος,
3529 5729 3834 5804 μηνυθῆναί

2245 5836 2334 5886 μοι
2363 5817 2461 5888 τὴν
2488 5817 2812 5888 τριπόθητον
2842 5819 2995 5887 ὑμῶν
3027 5820 3214 5886 ὑγείαν
3249 5823 3595 5890 παρακαλῶ.
