4056 6420
271 538 282 584 ‘_.

334 403 471 473 19.17

734 519 870 574 ΜΔΕ
902 548 970 560 -
998 514 1354 582 Κλαυδιανῷ
1385 513 1518 586 (50).

416 635 480 688 Ἦ
501 632 601 704 μὲν
623 632 742 686 Θεία
772 631 1084 701 πανήγυρις
1103 628 1202 692 τὰς
1228 624 1606 698 πνευματικὰς
1631 624 1762 694 ήμῖν
1788 638 1914 674 συν-

326 726 480 798 ήθως
511 725 878 796 προσενήνοχε
915 723 1154 793 δωρεάςο
1190 723 1239 774 οί
1275 720 1333 773 δέ
1376 718 1564 788 πικροὶ
1596 717 1694 787 τῆς
1734 717 1916 785 ἀμαρ-

324 816 452 878 τίας
477 814 682 885 καρποὶ
717 815 930 866 τούτων
954 811 1263 866 ἀπολαῦσαι
1299 809 1419 882 μετ’
1442 806 1782 878 εὐφροσύνης
1816 806 1916 858 οὐκ

324 906 544 960 εἴασαν.
569 905 804 959 Τοιαῦτα
825 906 934 977 γὰρ
961 905 1034 959 τά
1056 905 1279 960 ἐκείνων
1308 905 1669 976 βλαστήματα
1695 919 1706 931 ·
1737 903 1833 956 καλ⁸
1858 900 1916 966 ἐξ

323 999 509 1070 ἀρχῆς
548 999 648 1068 μὲν
672 998 936 1063 ἀκάνθας,
967 997 1060 1051 καὶ
1085 996 1388 1068 τριϐόλους,
1417 995 1512 1048 καὶ
1546 993 1800 1064 ἱδρῶτας,
1823 990 1917 1043 καὶ

326 1093 547 1156 πόνους,
575 1091 671 1144 καὶ
692 1091 866 1154 λύπας
887 1090 1228 1161 ἐϐλάστησαν
1249 1104 1264 1119 ⁸
1296 1089 1390 1140 ἐπὶ
1418 1086 1474 1139 δὲ
1503 1086 1596 1138 τοῦ
1624 1084 1913 1154 παρόντος,

325 1183 426 1236 καὶ
468 1181 570 1250 τὴν
601 1182 704 1252 γῆν
751 1181 934 1234 κλονεῖ
978 1179 1101 1234 καθ’
1143 1178 1338 1250 ἡμῶν,
1381 1178 1476 1230 καὶ
1519 1175 1588 1234 τὰ
1622 1173 1764 1245 φῦλα
1807 1171 1916 1225 τῶν

253 1323 258 1330 .
327 1275 624 1347 βαρϐάρων
659 1274 925 1328 πάντοθεν
948 1276 1080 1345 ἡμῖν
1112 1274 1436 1342 ἐπέστησεν.
1473 1269 1664 1339 ⁹Ημεῖς
1691 1267 1748 1320 δὲ
1779 1265 1914 1336 θρη-

323 1367 548 1438 νοῦμεν,
579 1367 662 1420 ὃτι
696 1367 790 1420 τὸν
831 1365 1037 1434 ἀγαθὸν
1072 1365 1348 1434 Δεσπότην
1382 1362 1689 1433 εὐεργετεῖν
1732 1356 1915 1428 βουλό-

329 1476 494 1530 μενον
527 1457 790 1511 τάναντία
815 1459 991 1509 ποιεῖν
1013 1453 1337 1526 βιαζόμεθα,
1383 1455 1478 1508 καὶ
1516 1451 1788 1522 τιμωρίας
1817 1449 1915 1500 ἐπ-

324 1551 484 1621 άγειν
543 1549 1053 1618 καταναγκάζομεν.
1095 1543 1593 1618 Ψυχαγωγούμεθα
1645 1544 1701 1596 δέ
1740 1543 1911 1612 ὅμως,

323 1641 426 1695 τοῦ
461 1641 611 1695 ἐλέου
649 1640 746 1712 τὴν
771 1641 1009 1694 ἄϐυσσον
1053 1639 1422 1710 λογιζόμενοι·
1461 1639 1552 1690 καὶ
1585 1635 1913 1706 πιστεύομεν

319 1734 412 1788 ὅτι
457 1734 558 1787 οὐκ
591 1732 870 1787 ἀπώσεται
910 1731 1116 1803 Κύριος
1148 1732 1240 1785 τὸν
1268 1731 1396 1784 λαὸν
1445 1729 1636 1793 αὑτοῦ,
1669 1731 1765 1782 καὶ
1810 1729 1912 1800 τήν

320 1824 700 1915 κληρονομίαν
761 1822 927 1878 αὑτοῦ
960 1825 1060 1876 οὐκ
1108 1823 1511 1893 ἐγκαταλείψει.
1561 1822 1672 1894 Τὴν
1715 1823 1772 1876 δὲ
1807 1823 1908 1893 σὴν
1943 1849 1987 1905 Β

326 1913 816 1988 μεγαλοπρέπειαν
856 1913 1408 1986 προσφθεγγόμενος,
1459 1913 1766 1986 παρακαλῶ
1806 1933 1914 1987 μη-

319 2009 488 2064 νῦσαί
523 2027 614 2081 μοι
652 2010 751 2081 τὴν
785 2008 1106 2080 ἀξιέραστον
1143 2007 1341 2061 σαυτοῦ
1379 2007 1590 2077 ὑγείαν.

647 2123 783 2178 MB’.
811 2153 886 2166 —
900 2123 1300 2189 Κωνσταντίῳ
1320 2104 1588 2194 ¹ἐπάρχῳ.

398 2239 461 2290 El
498 2238 596 2308 μὲν
634 2237 906 2310 μηδεμιᾶς
946 2238 1279 2311 βιαζομένης
1305 2239 1554 2310 ἀνάγκης
1587 2240 1912 2312 γράμμασιν

318 2331 650 2403 ἐχρησάμην
679 2331 816 2402 πρὸς
838 2332 901 2385 τὺ
931 2331 1198 2404 ὑμέτερον
1242 2333 1494 2404 μέγεθος,
1531 2334 1816 2398 αὐθαδείας
1844 2335 1912 2388 ἂν

317 2423 489 2493 τυχὸν
517 2421 744 2493 ὢφλησα
781 2422 959 2494 δίκην,
1011 2423 1148 2495 μήτε
1201 2425 1439 2495 ἐμαυτὸν
1486 2425 1788 2495 μετρήσας,
1819 2424 1912 2477 καὶ

309 2517 423 2585 ’τῆς
455 2513 730 2584 ὑμετέρας
749 2513 999 2578 ἐξουσίας
1029 2516 1308 2588 ἀγνοήσας
1324 2516 1385 2569 τὸ
1419 2516 1669 2586 μέγεθος.
1690 2516 1910 2588 Ἐπειδὴ

313 2605 382 2659 δὲ
413 2605 713 2659 κινδυνεύει
748 2606 846 2678 τῆς
881 2605 1068 2661 θεόθεν
1099 2607 1543 2680 ἐγχειρισθείσης
1583 2627 1673 2680 μοι
1701 2609 1910 2672 πόλεως

313 2697 421 2750 καὶ
447 2696 631 2768 χώρας
659 2697 827 2769 ἄρδην
853 2698 1147 2753 ἀπολέσθαι
1175 2701 1245 2754 τά
1263 2701 1516 2770 λείψανα,
1546 2702 1911 2770 συκοφαντίας

317 2788 471 2841 κατά
503 2790 605 2859 τῆς
641 2792 1017 2862 γεγενημένης
1062 2792 1295 2859 ἐποψίας
1336 2793 1490 2865 παρά
1517 2811 1682 2848 τινων
1706 2794 1910 2866 τολμη-

322 2877 538 2950 θείσης,
564 2879 980 2950 συγγνώσεται,
1015 2877 1076 2935 εὖ
1106 2877 1245 2949 οῖδα,
1279 2885 1346 2954 τῇ
1388 2882 1557 2955 πολλῇ
1585 2883 1696 2937 τῶν
1725 2901 1910 2956 γραμ-

322 2969 574 3040 μάτωνὴ
606 2971 850 3044 ὑμετέρα
881 2972 1328 3043 μεγαλοπρέπεια
1349 3013 1364 3038 ,
1402 2973 1497 3028 τοῦ
1544 2992 1604 3028 τε
1643 2976 1908 3046 πράγμα-

315 3077 416 3124 τος
437 3061 536 3131 τήν
559 3061 768 3133 χρείαν,
804 3064 900 3116 καὶ
929 3063 1023 3117 τοῦ
1046 3063 1352 3135 γράφοντος
1377 3065 1468 3119 τὸν
1497 3067 1701 3121 σκοπὸν
1723 3068 1911 3134 ἐξετά-

319 3153 515 3220 ζουσα.
553 3156 815 3246 Στένιυ-δὲ
843 3158 936 3210 καὶ
961 3156 1242 3229 ὀδύρομαι,
1278 3158 1512 3230 γράφειν
1543 3159 1684 3214 κατά
1717 3160 1909 3232 ἀνδρὸς
1935 3187 1980 3246 C

319 3244 670 3315 βιαζόμενος,
709 3240 770 3301 οὗ
807 3246 1127 3312 συσκιάζειν
1172 3249 1278 3302 ἔδει
1307 3249 1377 3304 τά
1409 3249 1863 3322 πλημμελήματα
1892 3291 1905 3315 ,

316 3337 414 3390 διά
431 3336 532 3408 τὴν
554 3337 653 3408 τῆς
679 3339 989 3410 ἱερωσύνης
1012 3341 1405 3413 προσηγορίαν.
1438 3343 1640 3416 Γράφω
1663 3345 1710 3398 δ’
1733 3347 1904 3415 ὅμως,

315 3429 433 3482 τῶν
491 3430 861 3500 ἀδικουμένων
922 3433 1012 3484 ὑπ’
1061 3432 1226 3485 αὐτοῦ
1254 3435 1502 3505 πενήτων
1546 3435 1906 3506 ὑπερμαχῶν.

319 3515 498 3583 Οὗτος
544 3521 675 3591 γάρ,
710 3521 927 3584 πολλοῖς
963 3523 1062 3594 μὲν
1089 3525 1558 3596 παρανομήμασιν
1607 3527 1907 3591 ὑπεύθυνος

317 3609 588 3678 γεγονὼς,
621 3611 864 3682 εἱρχθεὶς
899 3612 954 3665 δὲ
984 3613 1082 3684 τῆς
1105 3614 1415 3678 κοινωνίας,
1449 3615 1523 3678 ὡς
1556 3615 1783 3686 μηδέπω
1805 3617 1904 3687 τῆς

321 3699 493 3768 ἁγίας
523 3699 928 3771 συγκληθείσης
955 3702 1199 3771 συνόδου,
1235 3703 1416 3767 δείσας
1441 3703 1497 3757 δέ
1529 3705 1622 3758 τοῦ
1653 3707 1906 3779 ἀρχιερα-

315 3790 479 3846 τικοῦ
515 3791 796 3862 συνεδρίου
843 3793 942 3865 τὴν
979 3793 1191 3864 ψῆφον,
1234 3796 1444 3868 ἀπέδρα
1491 3797 1594 3868 μὲν
1630 3799 1902 3865 ἐντεῦθεν,

315 3884 448 3947 τοὺς
472 3883 986 3954 ἐκκλησιαστικοὺς,
1004 3886 1078 3950 ὼς
1101 3887 1342 3958 ἐνόμισε,
1360 3891 1612 3960 πατήσας
1644 3889 1900 3962 θεσμούς·

318 3978 609 4048 ἐγύμνωσε
638 3978 694 4031 δὲ
721 3979 813 4031 τὸν
839 3980 1036 4032 οίκεῖον
1061 3980 1285 4044 σκοπὸν,
1335 3981 1430 4034 τοῦ
1460 3983 1560 4052 τῆς
1601 3983 1903 4056 ἀκοινωνη-

319 4071 444 4135 σίας
470 4073 897 4144 καταφρονήσας
929 4072 1154 4143 δεσμοῦ.
1211 4075 1519 4140 Ἀνεδέξατο
1564 4075 1621 4129 δὲ
1665 4093 1902 4148 κατηγο-

315 4167 445 4236 ρίαν
498 4165 621 4218 οὐδέ
655 4167 770 4229 τοῖς
808 4165 1294 4238 ἀποχειροϐιώτοις
1343 4167 1754 4238 ἁρμόττουσανο
1808 4169 1903 4222 καὶ

313 4258 407 4310 διὰ
435 4256 535 4326 τὴν
567 4257 892 4327 δυσμένειαν
912 4258 977 4328 ἢν
1020 4256 1157 4328 πρὸς
1187 4257 1280 4313 τὸν
1314 4258 1673 4330 περίϐλεπτον
1699 4259 1899 4330 ἔσχηκε

312 4349 606 4414 Φίλιππον,
641 4349 784 4403 κατά
811 4348 920 4403 τῶν
941 4349 1140 4402 ἀθλίων
1161 4347 1408 4422 ἐχώρησε
1434 4350 1727 4405 συντελῶν.
1759 4351 1901 4421 Ἐγὼ

312 4442 373 4495 δὲ
401 4442 494 4494 τὸν
519 4443 620 4511 μὲν
651 4440 861 4495 ἐκείνου
898 4441 1101 4495 σκοπὸν
1135 4441 1230 4494 καὶ
1259 4440 1357 4512 τὴν
1378 4441 1436 4508 ἐξ
1459 4442 1634 4514 ἀρχῆς
1660 4441 1756 4496 τοῦ
1783 4444 1900 4513 βίου

1689 394 2051 459 EPISTOLA
2082 395 2266 456 XLII.

3468 402 3603 466 1218

2561 513 2698 568 XLI.
2743 513 2839 570 ϐία
2849 516 3064 571 udiano.

2093 617 2284 674 Divina
2316 621 2611 678 celebritas
2644 625 2954 694 spiritualia
2986 628 3054 682 de
3087 643 3241 682 more
3273 628 3417 683 dona
3438 629 3603 684 nobis

2019 711 2240 777 attulit;
2304 713 2402 766 sed
2457 716 2632 770 amari
2681 717 2896 774 fructus
2939 721 3151 790 peccati
3202 736 3304 775 nos
3334 721 3443 776 illis
3473 737 3600 776 cum

2019 804 2300 860 hilaritate
2327 804 2436 859 frui
2472 823 2584 861 non
2625 808 2895 864 siverunt.
2926 811 3078 866 Talia
3106 812 3255 866 enim
3299 823 3428 868 sunt
3450 814 3604 868 illius

2017 896 2298 967 germina:
2336 906 2392 950 et
2416 897 2484 951 ab
2516 897 2676 953 initio
2703 901 2926 969 quidem
2955 904 3143 972 spinas
3161 913 3212 958 cl
3262 904 3521 966 tribulos,
3547 914 3603 959 et

2017 986 2271 1053 sudores,
2305 997 2362 1043 et
2388 988 2630 1054 labores,
2657 1000 2714 1045 et
2744 991 2969 1046 dolores
2992 994 3236 1063 peperit:
3266 995 3320 1048 in
3361 1008 3604 1064 praesens

2019 1095 2152 1134 vero
2186 1089 2242 1135 et
2267 1089 2472 1135 terram
2515 1092 2710 1136 contra
2754 1099 2858 1139 nos
2899 1086 3167 1149 concutit,
3223 1096 3280 1140 et
3328 1087 3600 1141 barbaras

2019 1171 2373 1240 undiquaque
2391 1173 2721 1227 nationesin
2747 1190 2849 1229 nos
2882 1174 3134 1230 immisit.
3167 1175 3276 1230 Nos
3299 1186 3483 1231 autem
3517 1179 3600 1232 lu-

2016 1274 2226 1330 gemus,
2256 1261 2406 1330 quod
2439 1261 2738 1332 benignum
2757 1263 3049 1318 Dominum
3077 1265 3216 1319 bene
3239 1266 3400 1320 nobis
3425 1267 3604 1321 facere

2015 1353 2295 1409 volentem
2323 1355 2603 1408 contraria
2635 1363 2899 1425 praestare
2921 1357 3190 1428 cogimus,
3219 1369 3276 1412 et
3314 1359 3380 1412 ad
3412 1375 3604 1429 pinnas

2015 1443 2338 1514 irrogandas
2361 1444 2652 1515 adigimus.
2681 1447 3022 1501 Recreamur
3053 1456 3256 1513 tamen,
3286 1450 3603 1506 miscricor-

2016 1536 2122 1591 dia:
2165 1536 2427 1608 abyssum
2455 1539 2785 1608 cogitantes,
2818 1547 2872 1593 et
2903 1539 3184 1594 credimus
3240 1541 3360 1596 fore
3398 1553 3457 1598 ut
3490 1561 3600 1599 non

2016 1631 2248 1701 repellat
2273 1632 2542 1686 Dominus
2570 1632 2786 1702 1100
2814 1634 3082 1703 populum
3112 1650 3294 1697 suum,
3323 1646 3382 1691 et
3419 1637 3599 1692 luere-

2015 1723 2245 1778 ditatem
2281 1741 2438 1780 suam
2467 1741 2578 1780 non
2605 1718 2980 1796 derelinquat.
3017 1725 3189 1779 Tuam
3217 1743 3351 1782 vero
3387 1731 3600 1800 magni-

2017 1813 2288 1870 ficentiam
2310 1816 2575 1881 salutans,
2592 1825 2650 1872 ut
2666 1825 2978 1887 exoptatam
2996 1815 3430 1874 incolumitatem
3448 1828 3596 1874 tuam

2015 1906 2151 1961 mihi
2182 1908 2407 1964 nunties
2430 1925 2548 1964 oro.

2368 2121 2530 2176 XLII.
2547 2152 2618 2163 —
2635 2120 2945 2179 Constantio
2976 2127 3238 2197 μηνίει-το.

2084 2233 2142 2290 Si
2167 2235 2319 2290 nulla
2340 2251 2448 2300 me,
2483 2245 2545 2290 ut
2572 2237 2640 2290 ad
2665 2237 3066 2293 sublimitatem
3090 2249 3239 2294 tuam
3268 2241 3592 2307 scriberem,

2012 2326 2317 2380 necessltas
2354 2325 2690 2396 impulisset,
2745 2329 3076 2398 arrogantiae
3127 2328 3360 2384 fortasse
3399 2335 3596 2386 merito

2012 2416 2326 2482 damnarer,
2350 2418 2445 2487 qui
2472 2419 2748 2488 meipsum
2797 2435 2908 2474 non
2952 2422 3201 2486 metirer,
3222 2429 3278 2476 et
3310 2422 3598 2493 dignitatis

2015 2515 2122 2562 tua:
2151 2509 2573 2578 amplitudinem
2596 2511 2927 2579 ignorarem.
2969 2512 3076 2568 Sed
3114 2514 3245 2584 quia
3288 2515 3596 2570 commissae

2012 2602 2151 2656 mihi
2178 2619 2208 2656 a
2242 2604 2355 2658 Deo
2400 2605 2644 2659 civitatis
2669 2607 3018 2676 regionisque
3048 2608 3298 2678 reliquiis
3335 2609 3591 2662 ultimum

2013 2692 2297 2760 impendet
2323 2694 2554 2748 exitium
2582 2710 2683 2764 per
2717 2695 3014 2765 quosdam,
3042 2697 3134 2766 qui
3163 2706 3435 2766 peractam
3472 2698 3592 2767 ejus

2013 2782 2416 2853 inspectionem
2442 2785 2560 2840 ausi
2585 2795 2716 2840 sunt
2746 2787 3110 2853 calumniari,
3145 2788 3299 2842 dabit
3349 2789 3588 2853 veniam,

2012 2885 2100 2932 sat
2129 2879 2265 2942 scio,
2299 2879 2612 2934 litterarum
2648 2881 2894 2936 audacia:
2917 2882 3324 2952 magnificentia
3356 2892 3468 2947 tua,
3509 2884 3590 2936 rei

2011 2968 2176 3023 simul
2199 2971 2609 3036 necessitatem,
2633 2979 2690 3026 et
2723 2972 3024 3027 scribentis
3061 2974 3354 3028 consilium
3391 2989 3594 3044 expen-

2011 3057 2169 3113 dens.
2209 3059 2396 3129 Angor
2430 3075 2562 3115 sane
2592 3076 2656 3116 ac
2675 3061 2837 3116 doleo
2872 3063 3252 3127 vehementer,
3289 3063 3436 3133 quod
3459 3064 3594 3118 scri-

2013 3148 2146 3204 bere
2180 3150 2448 3204 adversus
2471 3151 2753 3206 hominem
2782 3167 2968 3223 cogor,
3009 3155 3168 3225 cujus
3201 3155 3404 3210 delicta
3461 3171 3591 3226 pro:

2011 3251 2136 3312 pter
2182 3258 2384 3296 nomen
2419 3243 2716 3298 sacerdotii
2757 3247 3038 3301 occultare
3067 3263 3168 3316 par
3213 3258 3355 3302 erat.
3394 3247 3591 3304 Scribo

2015 3343 2222 3399 tamen,
2261 3345 2323 3389 ut
2358 3351 2656 3405 oppressos
2710 3337 2780 3392 ab
2825 3353 2893 3394 eo
2948 3355 3224 3410 pauperes
3275 3341 3588 3398 defendam.

2010 3425 2112 3480 Hic
2142 3427 2289 3480 enim
2322 3442 2448 3481 cum
2503 3428 2806 3483 multorum
2863 3431 3162 3486 criminum
3204 3449 3332 3488 reus
3369 3443 3590 3490 tenere-

2011 3524 2123 3583 tur,
2159 3525 2215 3571 et
2265 3533 2566 3588 suspensus
2606 3529 2756 3576 esset
2808 3536 2839 3575 a
2887 3524 3298 3590 communione,
3341 3526 3586 3579 nondum

2008 3609 2270 3665 videlicet
2323 3619 2512 3665 sancta
2590 3613 2800 3684 synodo
2858 3627 3195 3680 convocata,
3255 3617 3590 3685 pontilicalis

2006 3716 2299 3757 consessus
2325 3704 2654 3758 sententiam
2679 3705 3065 3769 reformidans,
3094 3705 3222 3762 hinc
3247 3706 3479 3777 aufugit,
3499 3724 3590 3762 ec-

2007 3797 2351 3861 clesiasticis,
2382 3806 2442 3852 ut
2464 3797 2696 3867 putavit,
2729 3797 2945 3867 legibus
2975 3798 3334 3868 proculcatis,
3364 3806 3419 3852 et
3454 3799 3585 3868 quid

2006 3889 2177 3942 animi
2205 3889 2435 3944 haberet
2464 3899 2784 3961 contempto
2825 3890 3420 3945 excommunicationis
3463 3891 3587 3945 vin-

2006 3981 2133 4035 culo
2181 3981 2505 4036 declaravit.
2567 3983 2987 4037 Arcusationem
3045 3997 3284 4051 namque
3344 3983 3589 4052 suscepit

2004 4088 2108 4128 nec
2131 4073 2496 4127 mercenariis
2525 4072 2821 4143 opificibus
2845 4082 3244 4143 congruentem
3271 4091 3283 4126 :
3321 4082 3487 4143 atque
3520 4090 3586 4128 ex

2003 4166 2156 4230 odio,
2200 4182 2311 4236 quo
2337 4167 2674 4236 Philippum,
2733 4167 3093 4235 spectabilem
3134 4167 3340 4231 virum,
3396 4181 3587 4236 prose-

2002 4259 2296 4329 quebatur,
2335 4258 2568 4313 miseros
2605 4258 2898 4313 collatores
2935 4258 3156 4312 invasit.
3187 4257 3264 4312 Ac
3295 4258 3428 4312 mihi
3456 4257 3583 4328 qui-

2001 4352 2128 4407 dem
2156 4351 2400 4406 hominis
2432 4349 2736 4420 ingenium,
2779 4357 2836 4426 et
2872 4347 3169 4418 pristinum
3212 4348 3337 4401 vitae
3366 4347 3587 4404 institu-

2003 4453 2143 4509 tum,
2167 4443 2649 4512 admissorumque
2685 4439 3018 4512 flagitiorum
3048 4440 3464 4497 multitudinem
3500 4459 3586 4498 re-

312 4534 666 4603 προαίρεσιν,
705 4533 799 4586 καὶ
845 4532 955 4585 τῶν
995 4533 1536 4607 παρανενομημένων
1574 4534 1635 4587 τὸ
1672 4534 1899 4605 μέγεθος

2009 4549 2232 4589 censere
2276 4533 2484 4602 1101
2516 4545 2986 4600 supervacaneum
3008 4528 3246 4585 videtur.
3277 4528 3391 4585 Hoc
3413 4547 3584 4584 unum

313 4625 583 4696 περιττὸν
616 4625 862 4696 ἡγοῦμαι
895 4625 1244 4694 καταλέγειν.
1292 4625 1465 4680 Τοῦτο
1497 4625 1553 4679 δὲ
1602 4627 1762 4699 μόνον
1805 4628 1903 4700 τὴν

316 4719 600 4789 ὑμετέραν
644 4719 1014 4788 μεγαλοφυῖαν
1045 4718 1330 4786 ἀντιϐολῶ,
1356 4719 1430 4791 μὴ
1462 4719 1753 4774 πιστεῦσαι
1782 4725 1903 4786 ταῖς

311 4811 532 4865 ἐκείνου
565 4810 991 4882 ψευδηγορίαις·
1027 4811 1163 4864 ἀλλά
1208 4813 1459 4882 κυρῶσαι
1501 4811 1600 4884 τὴν
1645 4813 1899 4883 ἐποψίαν,

309 4905 411 4956 καὶ
444 4902 736 4970 φείσασθαι
772 4903 869 4972 μὲν
907 4903 1016 4956 τῶν
1043 4902 1242 4957 ἀθλίων
1282 4905 1574 4970 συντελῶν,
1609 4905 1902 4975 φείσασθαι

309 4997 370 5051 δὲ
420 4996 531 5048 τῶν
588 4995 918 5064 τρισαθλίων
979 4996 1430 5067 πολιτευομένων,
1481 4998 1900 5069 ἀπαιτουμένων

313 5091 463 5158 ἅπερ
498 5088 848 5159 εἰσπράττειν
893 5087 954 5139 οὐ
993 5086 1269 5140 δύνανται.
1309 5088 1405 5150 Τίς
1433 5088 1541 5158 γὰρ
1572 5089 1758 5156 ἀγνοεί
1799 5089 1900 5156 τῆς

310 5181 649 5250 ἀπογραφῆς
671 5179 779 5233 τῶν
814 5181 942 5250 παρ’
977 5180 1112 5248 ήμῖν
1142 5177 1324 5246 ζυγῶν
1354 5182 1452 5250 τήν
1487 5178 1787 5249 βαρύτητα,
1829 5180 1896 5232 δι’

310 5275 383 5345 ἣν
412 5273 719 5341 πεφεύγασι
753 5272 852 5341 μὲν
877 5273 925 5324 οἱ
959 5271 1206 5324 πλεῖστοι
1235 5271 1344 5324 τῶν
1383 5272 1758 5342 κεκτημένων,
1793 5272 1899 5326 ἀπ-

311 5367 558 5432 έδρασαν
585 5365 642 5417 δὲ
677 5366 726 5417 οἱ
760 5364 1014 5433 γηπόνοι,
1052 5363 1236 5434 ἔρημα
1262 5364 1317 5417 δὲ
1344 5364 1514 5418 πολλὰ
1542 5365 1650 5418 τῶν
1683 5367 1898 5435 κτημά-

309 5475 426 5513 των
455 5458 784 5528 γεγένηται;
816 5457 981 5510 Οὐδὲν
1009 5456 1066 5509 δὲ
1097 5455 1325 5519 ἀπεικὸς
1354 5457 1483 5528 περὶ
1511 5456 1616 5526 γῆς
1654 5456 1896 5526 διαλεγό-

314 5563 482 5618 μενον
513 5548 605 5599 καὶ
633 5548 1040 5617 γεωμετρικαῖς
1079 5544 1386 5610 ἀποδείξεσι
1419 5547 1756 5618 χρήσασθαι·
1795 5550 1894 5619 τῆς

311 5641 425 5712 γΞιρ
454 5639 733 5712 ἡμετέρας
759 5640 943 5710 χώρας
966 5640 1376 5712 τεσσαράκοντα
1418 5641 1518 5712 μὲν
1559 5642 1802 5713 σημείων
1834 5644 1893 5697 τὸ

2002 4625 2386 4681 excellentiam
2417 4633 2566 4678 tuam
2607 4622 2881 4689 obtestor,
2914 4639 2984 4678 ne
3013 4620 3322 4676 mendaciis
3373 4622 3494 4692 ejus
3521 4621 3584 4675 fl-

2001 4718 2126 4774 dem
2161 4717 2381 4782 habeat,
2411 4715 2508 4771 sed
2537 4715 2940 4786 inspectionem
2977 4712 3289 4777 confirmet,
3319 4727 3384 4766 ac
3419 4711 3586 4766 mise-

2001 4811 2080 4866 ris
2103 4819 2294 4881 parcat
2320 4809 2701 4872 collatoribus,
2736 4817 2928 4878 parcat
2960 4815 3015 4861 et
3054 4805 3384 4861 miserrimis
3411 4805 3585 4859 decu-

1999 4906 2272 4970 rionibus,
2300 4920 2331 4959 a
2354 4904 2558 4975 quibus
2583 4919 2646 4957 ea
2672 4902 3070 4972 deposcuntur,
3089 4886 3212 4969 quae
3235 4897 3338 4970 ipsi
3365 4895 3584 4968 exigere

2006 5016 2118 5055 non
2155 5007 2407 5068 possunt.
2437 4997 2571 5063 Quis
2612 4995 2761 5050 enim
2811 4993 3138 5066 gravitatem
3194 4989 3586 5060 descriptionis

1998 5092 2260 5162 jugorum
2313 5089 2645 5143 nostratium
2697 5087 2945 5157 ignorat,
3007 5093 3235 5154 propter
3301 5097 3466 5152 quam
3528 5088 3585 5136 et
3633 5163 3638 5175 ‘

2005 5195 2391 5250 possessorum
2444 5177 2670 5248 plurimi
2715 5177 2893 5231 solum
2939 5181 3252 5239 verterunt,
3304 5179 3361 5227 et
3403 5171 3584 5226 coloni

2005 5273 2284 5336 abierunt,
2308 5281 2366 5326 et
2403 5271 2554 5341 agri'
2583 5269 2833 5340 plerique
2877 5266 3084 5322 deserti
3130 5267 3336 5338 jacent.
3376 5264 3569 5318 Absur-

2004 5365 2135 5419 dum
2164 5373 2347 5418 autem
2380 5378 2488 5416 non
2510 5361 2700 5426 fuerit,
2734 5361 2778 5415 si
2806 5375 2932 5414 cum
2979 5359 3048 5414 de
3098 5364 3244 5413 terra
3274 5371 3456 5410 sermo
3487 5354 3579 5414 sit,

2003 5455 2352 5528 geometricis
2418 5469 2641 5526 quoque
2721 5449 3285 5509 demonstrationibus
3336 5455 3578 5500 utamur.

2002 5547 2263 5620 Regionis
2280 5546 2428 5602 enim
2455 5553 2660 5604 nostra
2685 5542 2974 5615 longitudo
2999 5538 3315 5596 milliarium
3340 5545 3424 5591 est
3443 5551 3578 5606 qua-

2002 5642 2277 5713 draginta,
2325 5639 2555 5696 totidem
2609 5646 2846 5708 occupat
2887 5633 3142 5691 latitudo.
3185 5631 3398 5685 Montes
3448 5644 3578 5684 vero

389 5797 504 5868 (30)
535 5793 942 5871 Σαλλουστιανῷ
990 5797 1206 5854 videtur
1253 5798 1312 5854 in
1359 5797 1484 5854 cod.
1520 5799 1781 5856 Vaticano
1827 5799 2084 5871 inscripta
2119 5800 2322 5866 fuisse;
2373 5797 2517 5869 apud
2549 5796 2840 5852 Baronium
2871 5791 2937 5848 ad
2979 5807 3030 5847 a.
3074 5790 3136 5846 C.
3181 5786 3307 5855 “6,
3332 5795 3466 5843 tom.
3490 5784 3581 5852 γι,

314 5884 368 5936 p.
403 5867 486 5922 ’m.
529 5867 616 5923 45.
