4056 6420
605 371 741 438 ιειο

1586 372 2074 432 THEODORETI
2115 372 2454 433 EPISCOPI
2493 371 2857 432 CYRENSIS

3688 375 3800 435 129.0

608 484 776 539 habet
830 483 1033 538 multos
1083 488 1138 536 et
1193 495 1439 551 magnos,
1478 482 1678 550 partim
1724 481 1902 534 nudos
1933 482 2176 542 omnino,

2287 481 2460 550 μῆκός
2481 483 2617 540 ἐστι,
2646 479 2898 533 τοσοῦτον
2920 479 2976 534 δὲ
3004 477 3061 529 τὸ
3089 471 3264 548 εὖρος.
3295 476 3440 546 Ἔχει
3470 476 3522 530 δὲ
3550 477 3637 549 ὅρη
3662 484 3801 536 πολλὰ

607 571 808 639 partim
835 571 1124 624 arboribus
1173 569 1531 624 infructuosis
1581 584 1799 638 opacos.
1838 569 1898 622 In
1929 569 2034 622 boc
2093 586 2179 622 re-

606 663 785 734 gionis
838 673 1039 716 nostrae
1101 663 1312 716 ambitu
1337 665 1593 733 iugorum
1631 661 1960 715 immunium
2008 661 2176 714 millia

607 763 736 808 sunt
788 753 1206 824 quinquaginta,
1267 753 1532 808 liscalium
1585 768 1777 806 rursus
1828 753 1935 806 alia
1989 752 2179 805 decem

605 843 798 896 millia.
833 842 1161 898 Consideret
1211 861 1360 898 nunc
1409 844 1683 912 sapientia
1743 854 1832 898 tua
1874 842 2181 913 iniquitatis

604 934 1061 1002 magnitudinem.
1130 934 1392 1000 Quamvis
1448 936 1598 990 enim
1671 936 1914 1005 regionis
1976 934 2180 988 inculta

601 1024 751 1077 nulla
776 1040 903 1094 pars
927 1035 1094 1089 esset,
1134 1025 1461 1096 facilemque
1507 1025 1868 1096 agricolarum
1907 1026 2178 1079 culturam

603 1115 864 1169 universa
892 1116 1183 1185 reciperet,
1217 1117 1522 1171 illationum
1548 1128 1726 1172 tamen
1744 1117 1898 1171 oneri
1926 1132 2181 1171 succum-

601 1205 822 1271 berent,
859 1207 1251 1276 descriptionis
1273 1208 1601 1279 gravitatem
1630 1224 1741 1262 non
1766 1207 2027 1262 ferentes.
2066 1207 2178 1263 Cu-

600 1295 689 1364 jus
717 1293 797 1348 rei
830 1294 1306 1350 evidentissimum
1337 1305 1423 1351 est
1449 1305 1855 1367 argumentum.
1889 1297 2026 1350 Nam
2054 1314 2178 1352 cum

603 1384 708 1438 sub
741 1385 992 1455 gloriosa:
1023 1387 1425 1441 recordationis
1447 1388 1659 1443 Isidoro
1710 1389 1969 1459 jugorum
2009 1389 2178 1442 millia

604 1473 921 1543 quindecim
951 1477 1070 1529 auri
1095 1477 1527 1546 pensitationem
1553 1479 1843 1543 deberent,
1880 1478 2178 1533 Comitiani

603 1566 766 1620 ollicii
786 1577 1072 1622 exactores
1102 1569 1362 1623 damnum
1394 1570 1542 1625 ferre
1568 1588 1678 1624 non
1704 1571 1973 1634 valentes,
1997 1587 2174 1642 saepe-

604 1673 837 1712 numero
891 1661 1074 1728 questi
1148 1669 1297 1727 sunt,
1332 1672 1390 1716 et
1441 1662 1510 1716 ab
1551 1664 1767 1717 excelsa
1815 1662 1946 1716 sede
1998 1670 2178 1716 vestra

601 1747 799 1802 oblatis
839 1749 1201 1805 relationibus
1232 1752 1606 1820 postularunt,
1635 1761 1695 1807 ut
1726 1753 1978 1807 bismille
2014 1753 2179 1822 quin-

601 1852 763 1911 genta
797 1841 929 1911 ipsis
966 1843 1364 1898 minusidonea
1396 1846 1524 1915 juga
1552 1846 1964 1899 eximet-eatur:
1995 1846 2176 1915 jusse-

602 1941 843 2001 runtque
871 1933 965 2001 qui
991 1944 1118 1988 ante
1156 1934 1625 2005 magnificentiam
1650 1945 1799 1988 tuam
1836 1936 1940 1989 hoc
1963 1935 2176 1988 honore

600 2022 990 2092 fungebantur,
1049 2035 1106 2080 ct
1160 2027 1412 2081 inutilem
1442 2027 1782 2098 jngationem
1830 2026 2045 2080 miseris
2085 2025 2180 2078 de-

602 2114 928 2169 curionibus
957 2118 1216 2182 relaxari,
1266 2127 1323 2172 et
1356 2118 1462 2172 alia
1506 2118 1625 2188 pari
1680 2119 1890 2187 1102
1948 2132 2179 2170 numero

599 2206 927 2263 Comitianis
948 2210 1148 2263 horum
1183 2211 1302 2265 vice
1333 2212 1623 2282 assignari,
1658 2227 1722 2265 ac
1752 2226 1822 2266 ne
1856 2210 1937 2265 sic
1953 2209 2178 2279 quidem

601 2308 777 2354 totum
811 2315 1078 2356 canonem
1107 2303 1340 2372 implere
1367 2311 1624 2373 possunt.

672 2391 785 2461 Ego
819 2407 950 2446 vero
988 2393 1212 2462 prolixae
1250 2394 1568 2464 scriptionis
1611 2395 1827 2450 veniam
1862 2411 1893 2450 a
1929 2404 1980 2450 te
2022 2404 2172 2463 peto,

605 2492 862 2552 tuamque
911 2499 1012 2538 oro
1040 2484 1526 2555 magniﬁcentiam,
1557 2496 1617 2541 ut
1650 2489 1898 2557 conjecta
1929 2486 1985 2540 in
2015 2485 2180 2541 misc-

607 2591 700 2630 ros
722 2577 1016 2632 collatores
1038 2578 1323 2632 mendacia
1342 2594 1592 2648 respuas,
1616 2588 1672 2634 et
1689 2579 1924 2634 infelicis
1943 2579 2182 2650 regionis

597 2669 968 2723 calamitatem
1014 2671 1317 2740 reprimas,
1380 2670 1809 2741 inclinatamque
1851 2672 2069 2741 erigas,
2125 2679 2182 2725 et

595 2761 827 2830 gloriam
854 2761 1224 2816 immortalem
1243 2762 1312 2824 ad
1335 2771 1587 2832 posteras
1606 2771 1796 2818 aetates
1815 2762 2178 2817 transmittas.

597 2851 723 2907 Ilaec
767 2867 936 2920 porro
996 2853 1291 2908 nobiscum
1343 2863 1506 2908 orant
1553 2855 1650 2923 qui
1705 2853 1852 2923 apud
1916 2869 2020 2907 nos
2053 2863 2182 2909 sunt

597 2943 796 3006 sancti,
833 2958 897 2996 ac
928 2943 1204 3012 praecipue
1233 2944 1689 3013 religiosissimus
1707 2954 1765 2999 et
1799 2945 2181 3000 sanctissimus

597 3033 684 3086 vir
705 3033 826 3098 Dei,
851 3032 1114 3088 dominus
1141 3034 1404 3101 Jacobus,
1429 3035 1524 3104 qui
1557 3051 1683 3090 cum
1714 3035 1923 3090 silentii
1971 3035 2180 3090 studio-

597 3124 850 3179 sissimus
885 3125 977 3189 sit,
1001 3125 1201 3180 adduci
1226 3127 1455 3195 quidem
1480 3143 1593 3181 non
1640 3127 1825 3196 potuit
1853 3137 1914 3181 ut
1959 3128 2177 3183 scribe-

599 3225 707 3280 ret,
740 3224 893 3285 optat
915 3225 1097 3271 tamen
1124 3227 1185 3272 ut
1219 3217 1561 3289 benignitate
1600 3219 1706 3273 ista
1726 3219 1943 3273 fruatur
1959 3220 2174 3280 civitas.

597 3323 760 3377 quam
784 3309 1004 3365 vicinus
1028 3309 1286 3376 illustrat,
1313 3321 1370 3366 et
1397 3311 1658 3381 precibus
1675 3311 1791 3366 suis
1812 3313 2066 3380 protegit.

947 3627 1135 3683 XLIII.
1153 3657 1224 3668 —-
1246 3626 1542 3681 Pulcheriw
1568 3626 1838 3696 Augusta’.

668 3743 808 3809 Quia
840 3741 1136 3814 imperium
1167 3741 1375 3810 pietate
1401 3740 1634 3804 ornatis,
1669 3748 1724 3793 et
1748 3752 2048 3809 purpuram
2074 3736 2176 3792 fide

600 3834 910 3898 illustratis,
929 3833 1174 3887 scribere
1185 3832 1913 3901 audemus,tenuitatemque
1933 3838 2176 3885 nostram

599 3943 711 3981 non
738 3926 1043 3992 intuemur,
1077 3925 1206 3996 quia
1240 3925 1550 3980 sacerdotio
1577 3925 1865 3980 decentem
1910 3924 2177 3977 honorem

597 4017 939 4088 impenditis.
967 4017 1091 4072 llaec
1123 4019 1308 4072 animo
1331 4025 1613 4086 reputans,
1632 4015 1888 4079 obsecro,
1925 4015 2178 4084 majesta-

598 4125 710 4168 tem
740 4113 757 4132 ‘
788 4123 962 4175 tuam,
994 4120 1054 4165 ut
1091 4112 1304 4165 misera:
1340 4110 1549 4180 regioni
1578 4119 1782 4162 nostrm
1827 4121 2056 4176 parcere
2095 4104 2178 4158 di-

595 4212 818 4274 gnetur,
839 4218 904 4256 ac
924 4201 1124 4271 saepius
1147 4201 1398 4256 iteratam
1432 4199 1829 4270 inspectionem
1857 4196 2174 4251 conﬁrmari

596 4297 810 4370 jubeat,
842 4311 944 4353 nec
980 4294 1150 4364 recipi
1186 4295 1352 4349 falsas
1400 4293 1766 4364 quorumdam
1807 4299 1998 4346 contra
2029 4290 2174 4343 illam

593 4388 999 4458 suggestiones,
1058 4401 1163 4440 nec
1219 4385 1325 4440 ﬁde
1369 4386 1597 4458 dignum
1639 4385 1831 4439 haberi
1889 4401 2038 4447 eum,
2081 4383 2176 4454 qui

589 4477 839 4549 episcopi
863 4476 1089 4546 quidem
1111 4491 1314 4530 nomen
1344 4477 1688 4542 circumfert,
1731 4491 1796 4530 ea
1826 4486 2008 4531 autem
2040 4474 2172 4543 agit,

591 4583 715 4636 qua:
737 4567 824 4622 νει
858 4581 889 4619 a
925 4565 1066 4620 bene
1119 4567 1346 4620 moratis
1387 4566 1679 4636 mancipiis
1715 4565 1894 4620 aliena
1921 4564 2050 4618 sint.
2075 4561 2176 4616 Hic

590 4658 742 4711 enim
772 4655 1010 4710 diversis
1038 4659 1490 4712 accusationibus
1538 4673 1666 4712 reus
1717 4657 1916 4720 factus,
1949 4665 2114 4724 atque
2145 4670 2175 4708 a

593 4747 692 4800 Dei
751 4747 1135 4803 amantissimo
1202 4749 1666 4818 sanctissimeque
1751 4746 2176 4815 archiepiscopo

593 4839 638 4907 1
652 4837 807 4908 103
821 4854 1031 4909 magna:
1043 4840 1282 4895 civitatis
1291 4841 1762 4894 Antiochenorum
1779 4838 2004 4892 domino
2015 4837 2178 4890 Dom-

2282 587 2339 620 τε
2377 569 2471 622 καὶ
2508 569 2737 638 μεγάλα,
2764 568 2829 621 τὰ
2872 568 2969 637 μὲν
2992 566 3123 636 ψιλὰ
3166 563 3461 627 παντελῶς,
3490 567 3554 619 τὰ
3587 567 3638 620 δὲ
3666 571 3809 640 ἀκάρ.

2285 675 2406 721 ποις
2435 659 2623 726 φυτοῖς
2651 657 3005 727 σκιαζόμενα,
3043 653 3214 707 Τοῦτο
3233 653 3332 723 τῆς
3354 651 3528 725 χώρας
3558 655 3612 708 τὸ
3641 658 3806 728 μέτρον

2283 749 2445 802 πέντε
2485 749 2582 816 μὲν
2609 747 2873 818 μυριάδας
2897 746 3008 816 ἕχει
3034 744 3212 813 ζυγῶν
3245 743 3593 816 ὲλευθερικῶν
3611 789 3624 808 ,
3665 749 3809 820 μύρια

2281 839 2337 891 δὲ
2365 838 2500 909 πρὸς
2537 839 2747 902 τούτοις
2770 841 2933 909 ἕτερα
2951 837 3214 907 ταμιακά.
3240 835 3565 904 Σκοπησάτω
3605 839 3759 892 τοίνυν
3783 844 3808 910 ἡ

2285 931 2527 1001 ὑμετέρα
2559 931 2719 999 σοφία
2765 932 2866 1001 τὴν
2896 929 2991 998 τῆς
3037 928 3248 991 ἀδικίας
3291 926 3605 998 ὑπερὸολήν.
3638 931 3694 982 EI
3721 932 3810 1001 γὰρ

2285 1021 2452 1092 μηδὲν
2480 1017 2547 1092 ἦν
2570 1023 2670 1092 τῆς
2702 1021 2882 1092 χώρας
2919 1021 3201 1090 ἀνήροτον,
3236 1017 3372 1070 ἀλλὰ
3409 1019 3554 1070 πᾶσα
3579 1014 3642 1089 ἦν
3670 1022 3809 1091 ῥᾴστη

2280 1115 2392 1175 τοῖς
2417 1115 2679 1183 γηπόνοις
2707 1114 2784 1175 είς
2815 1111 3114 1183 γεωργίαν,
3159 1108 3412 1161 (υκλασαν
3468 1108 3533 1162 ἂν
3565 1109 3689 1179 πρὸς
3731 1112 3809 1175 τὰς

2282 1203 2562 1274 εἰσφορὰς,
2588 1204 2648 1257 οὐ
2673 1203 2929 1273 φέροντες
2947 1202 3044 1270 τῆς
3070 1198 3393 1269 ἀπογραφῆς
3417 1196 3512 1269 τὴν
3537 1199 3807 1269 στενότητα.

2282 1295 2593 1365 Τεκμήριον
2626 1294 2681 1346 δὲ
2707 1293 3062 1362 σαφέστατον.
3105 1291 3331 1361 Μυρίων
3377 1290 3484 1361 γὰρ
3523 1291 3612 1343 καὶ
3646 1308 3838 1344 muta--

2281 1388 2565 1458 κισχιλίων
2589 1385 2768 1456 ζυγῶν
2793 1387 2885 1439 ἐπὶ
2912 1384 3008 1438 τοῦ
3037 1381 3489 1456 μεγαλοπρεποῦς
3516 1381 3612 1452 τῆς
3631 1383 3808 1453 μνήμης

2293 1479 2563 1553 ’ῐσιδὼρου
2618 1477 2963 1551 χρυσοτελῶν
2993 1475 3304 1545 γενομένων
3331 1515 3344 1537 ,
3394 1476 3491 1528 οὐκ
3542 1475 3810 1541 ἐνεγκόντες

2281 1570 2378 1640 τὴν
2410 1568 2614 1640 ζημίαν
2636 1571 2685 1622 οἱ
2709 1571 2774 1622 ὲκ
2797 1568 2898 1637 τῆς
2921 1568 3272 1637 Κομητιανῆς
3295 1566 3500 1629 τάξεως
3526 1565 3812 1635 πράκτορες,

2281 1663 2640 1733 ἀπωδύραντο
2675 1663 2771 1731 μὲν
2805 1660 3096 1727 πολλάκις,
3146 1661 3430 1713 ἱκέτευσαν
3464 1657 3520 1710 δὲ
3554 1658 3618 1710 δι’
3647 1658 3812 1724 ἀναφο-

2284 1755 2393 1826 ρῶν
2426 1757 2514 1807 τὸν
2545 1754 2749 1825 ὑψηλὸν
2779 1753 2931 1823 ὑμῶν
2957 1753 3166 1824 θρόνον,
3211 1750 3486 1820 δισχιλίων
3529 1750 3710 1812 αὐτοὺς
3743 1751 3817 1801 καὶ

2213 1827 2251 1879 Β
2284 1844 2652 1898 πεντακοσίων
2683 1845 2906 1916 ἀπόρων
2951 1843 3259 1910 ἀπαλλάξαι
3302 1841 3513 1910 ζυγῶν·
3554 1840 3644 1892 καὶ
3683 1855 3817 1909 προᾳ-

2283 1937 2476 2004 έταξαν
2522 1939 2570 1990 οί
2627 1937 2732 2007 πρὸ
2786 1937 2886 2007 τῆς
2939 1936 3215 2006 ὑμετέρας
3258 1932 3624 2005 μεγαλοφυῖας
3651 1931 3820 1992 ταύτας

2281 2029 2664 2092 πιστευθέντες
2713 2029 2813 2092 τάς
2858 2028 3036 2100 ἡνίας,
3087 2025 3428 2097 ἀπολυθῆναι
3475 2025 3585 2095 (5i)
3618 2024 3706 2094 μὲν
3733 2025 3822 2085 τοῖς

2282 2121 2490 2185 ἀθλίοις
2528 2121 2967 2192 πολιτευομένοις
2995 2120 3093 2191 τὴν
3133 2120 3344 2191 ἄπορον
3377 2117 3719 2186 ἱουγατίωνα,
3750 2115 3824 2167 ἀν-

2281 2213 2554 2283 τιδοθῆναι
2591 2213 2647 2265 δὲ
2675 2215 2787 2274 τοῖς
2818 2213 3186 2282 Κομητιανοίς
3232 2208 3505 2281 ἰσάριθμα
3537 2208 3692 2276 ἕτερα
3715 2223 3726 2237 ·
3752 2207 3824 2258 καὶ

2282 2304 2404 2358 οὐδὲ
2434 2303 2606 2366 οὕτως
2643 2303 2885 2374 ἰσχύουσι
2921 2304 3098 2357 πάντα
3124 2303 3217 2356 τὸν
3249 2301 3461 2355 κανόνα
3493 2298 3741 2372 πληροῦν.

2365 2393 2509 2462 Ἐγὼ
2533 2394 2589 2447 δὲ
2623 2392 2958 2465 συγγνώμην
2993 2393 3130 2446 αἱτῶ
3158 2393 3377 2446 πλείοσι
3410 2391 3738 2463 χρησάμενος
3760 2387 3822 2439 i6-

2281 2502 2420 2554 γοις,
2479 2486 2574 2538 καὶ
2626 2485 2726 2556 τὴν
2780 2485 3058 2556 ὑμετέραν
3109 2484 3349 2538 ἱκετεύω
3391 2481 3824 2554 μεγαλοπρέπειαν

2279 2574 2602 2628 ἀπώσασθαι
2640 2574 2739 2644 μὲν
2768 2573 2866 2637 τὰς
2903 2575 3044 2627 κατὰ
3072 2574 3181 2627 τῶν
3220 2573 3430 2627 ἀθλίων
3476 2570 3728 2626 συντελῶν
3762 2586 3826 2636 για

2281 2665 2546 2736 γνομένας
2574 2665 2965 2738 ψευδηγορίας,
2997 2668 3190 2736 στῆσαι
3220 2665 3276 2718 δὲ
3307 2667 3380 2736 τῇ
3411 2662 3728 2733 ταλαιπώρῳ
3744 2658 3829 2731 χώ-

2285 2775 2353 2829 ρᾳ
2400 2757 2498 2822 τὰς
2533 2758 2842 2829 συμφορὰς,
2899 2757 2996 2811 καὶ
3033 2759 3248 2828 ἐγεῖραι
3292 2758 3476 2828 αὐτὴν
3525 2755 3831 2824 κλινομένηνν

2283 2849 2377 2903 καὶ
2423 2850 2581 2914 κλέος
2614 2850 2944 2922 ἀείμνηστον
2988 2853 3110 2914 ταῖς
3142 2849 3505 2920 μετὰ.ταῦτα
3553 2847 3831 2903 καταλιπεῖν

2280 2946 2494 3012 γενεαῖς
2515 2942 2725 2997 ,Ταῦτα
2753 2944 2810 2997 δὲ
2834 2945 2930 2997 σὺν
2960 2945 3084 3013 ἐμοὶ
3114 2943 3506 3014 παρακαλοῦσι
3538 2943 3629 2996 καὶ
3655 2943 3702 2995 οἱ
3725 2939 3830 3010 παρ’

2280 3035 2412 3106 ἡμῖν
2443 3034 2610 3104 ἅγιοι,
2642 3036 2737 3088 καὶ
2770 3035 3136 3106 διαφερόντως
3167 3037 3194 3089 ό
3233 3035 3540 3097 ὁσιώτατος
3581 3033 3671 3087 καὶ
3695 3029 3834 3098 ἁγιώ-

2281 3144 2443 3190 τατος
2463 3127 2559 3181 ἄνθ
2571 3144 2751 3197 ρωπος
2770 3127 2866 3180 τοῦ
2890 3127 3049 3193 Θεοῦ,
3079 3131 3108 3182 ό
3132 3128 3330 3198 κύριος
3373 3127 3626 3190 Ἰάκωϐος
3644 3142 3657 3156 ·
3687 3125 3738 3187 ὃς
3759 3123 3838 3190 τὴν

2284 3217 2515 3286 ἡσυχίαν
2545 3218 2675 3288 περὶ
2709 3217 2964 3272 πλείστου
3006 3219 3359 3290 ποιούμενος,
3406 3217 3736 3272 ἐπιστέλλειν
3761 3213 3838 3284 μὲν

2283 3307 2382 3359 οὐκ
2412 3308 2685 3377 ἀνέχεται,
2714 3306 2934 3378 εὔχεται
2969 3309 3026 3363 δὲ
3051 3309 3257 3380 ταύτης
3277 3308 3596 3363 ἀπολαῦσαι
3621 3307 3714 3376 τῆς
3741 3303 3840 3374 φιλ·

2285 3394 2600 3466 ανθρωπίας
2629 3395 2728 3466 τὴν
2760 3396 2939 3461 πόλιν,
2963 3398 3030 3468 ἣν
3054 3399 3148 3452 καὶ
3176 3397 3514 3466 γειτονεύων
3540 3393 3839 3468 λαμπρύνει.

2284 3486 2378 3538 καὶ
2407 3488 2526 3550 ταῖς
2555 3487 2746 3556 εὐχαῖς
2776 3489 3163 3560 περιφράττει.

2516 3619 2649 3673 Ml".
2672 3649 2743 3659 -—
2762 3621 3102 3689 Πουλχερίᾲ
3119 3623 3454 3692 Αὺγούστῃ
3496 3623 3628 3696 (52).

2367 3733 2584 3804 Ἐπειδῆ
2610 3733 2708 3804 τὴν
2736 3733 3011 3802 βασιλείαν
3049 3736 3308 3809 εὐσεϐείᾳ
3347 3740 3632 3810 κοσμεῖτε,
3657 3735 3742 3790 καὶ
3765 3733 3845 3799 τὴν

2285 3825 2576 3896 ἁλουργίδα
2618 3829 2686 3897 τῇ
2752 3825 2935 3880 πίστει
2985 3827 3364 3899 λαμπρύνετε,
3439 3829 3748 3902 θαρροῦμεν
3794 3830 3852 3879 τὰ

2282 3917 2609 3988 γράμματα,
2639 3917 2732 3970 καὶ
2768 3918 2869 3988 τὴν
2895 3918 3106 3972 οἰκείαν
3145 3919 3244 3989 οὐχ
3291 3919 3525 3992 ὁρῶμεν
3570 3919 3845 3973 εὐτέλειαν·

2283 4013 2346 4080 τῇ
2380 4012 2484 4080 γὰρ
2514 4009 2782 4081 ἱερωσύνῃ
2811 4009 2872 4062 τὸ
2901 4009 3111 4081 πρέπον
3139 4010 3455 4082 ἀπονέμετε
3477 4012 3671 4083 γέρας.
3691 4008 3850 4065 Ταῦτα

2283 4100 2660 4170 λογιζόμενος,
2705 4099 2934 4153 ἱκετεύω
2965 4101 3029 4154 τὸ
3062 4101 3330 4173 ὑμέτερον
3368 4104 3580 4175 κράτος
3602 4144 3616 4166 ,
3664 4097 3850 4170 φειδοῦς

2282 4193 2380 4264 τὴν
2419 4193 2608 4248 ἀθλίαν
2670 4193 2827 4264 ἡμῶν
2865 4191 3092 4258 ἀξιῶσαι
3123 4193 3332 4266 χώραν,
3389 4195 3489 4250 καὶ
3520 4195 3619 4266 τὴν
3651 4191 3854 4262 ὲποψίαν

2281 4286 2381 4358 τὴν
2430 4285 2689 4346 πολλάκις
2726 4285 3105 4356 γεγενημένην
3153 4285 3420 4340 κελεῦσαι
3484 4285 3850 4357 βεϐαιωθῆναι,

2284 4377 2380 4431 καὶ
2411 4376 2487 4448 μὴ
2518 4375 2774 4446 δεχθῆναι
2803 4375 2901 4439 τὰς
2939 4377 3092 4447 παρά
3117 4395 3279 4430 τινων
3311 4380 3441 4432 κατ’
3476 4379 3651 4448 αὐτῆς
3671 4374 3856 4446 γινομέη

2283 4487 2381 4532 νας
2419 4468 2818 4539 ψευδηγορίαςσ
2876 4468 3012 4538 μηδὲ
3069 4468 3374 4540 ἀξιόχρεων
3415 4469 3744 4541 νομισθῆναι
3781 4463 3854 4516 τόν

2279 4560 2584 4613 ἐπισκόπου
2620 4559 2719 4629 μὲν
2751 4558 2924 4629 ὄνομα
2958 4559 3354 4629 περιφέροντα,
3395 4561 3668 4631 ἀλλότρια
3699 4559 3752 4612 δὲ
3783 4554 3857 4608 καὶ

2278 4653 2630 4723 ἀνδραπόδων
2659 4651 2940 4722 εὐτρόπων
2962 4651 3382 4722 ἐπιτηδεύοντα.
3420 4647 3602 4716 Οὗτος
3626 4653 3733 4723 γὰρ
3749 4664 3856 4702 κατι

2277 4744 2534 4814 ηγορίαις
2566 4743 2867 4809 ὑπεύθυνος
2895 4745 3158 4815 γεγονὼς,
3187 4745 3280 4798 καὶ
3303 4749 3427 4809 τοῖς
3457 4749 3566 4818 τῆς
3591 4747 3860 4808 ἀκοινωνη-

2281 4833 2403 4894 σίας
2440 4833 2766 4904 ὑποϐληθείς
2803 4837 3046 4906 δεσμοῖς,
3072 4835 3176 4888 ὑπὸ
3199 4834 3292 4888 τοῦ
3324 4835 3757 4904 θεοφιλεστάτου
3784 4833 3859 4884 καὶ

588 4943 661 4982 no
685 4931 1270 4985 excommunicationis
1283 4929 1520 4984 vinculis
1541 4928 1817 4991 astrictus,
1852 4942 1976 4980 cum
1997 4925 2176 4995 ponti-

2280 4924 2585 4992 ἀγιωτάτου
2613 4926 3044 4998 ἀρχιεπισκόπου
3065 4927 3163 4997 τῆς
3205 4927 3544 4999 Ἀντιοχέων
3575 4921 3858 4999 μεγαλοπό-

589 5019 748 5075 ﬁcale
767 5021 1066 5076 concilium
1083 5019 1503 5076 convocandum
1516 5025 1685 5083 esset,
1701 5017 1837 5071 utde
1850 5017 2082 5088 objectis
2097 5016 2175 5071 illi

585 5112 914 5168 criminibus
936 5121 1313 5182 cognosceret,
1333 5111 1459 5181 fuga
1488 5109 1710 5178 elapsus
1744 5108 1948 5179 regiam
1977 5107 2168 5162 urbem

585 5203 768 5273 petiit,
823 5203 1197 5272 delatorisque
1252 5217 1484 5256 munere
1537 5210 1827 5270 suscepto,
1888 5200 2166 5270 regionem

585 5293 826 5362 impetit,
853 5307 1019 5362 quam
1075 5298 1309 5345 matrem
1349 5300 1531 5355 vocat,
1579 5290 1854 5362 simulque
1897 5306 2167 5361 pauperes

586 5385 908 5438 innumeros
959 5383 1199 5452 impetit,
1269 5391 1326 5438 et
1377 5392 1604 5454 propter
1665 5383 1876 5447 odium,
1929 5382 2076 5451 quod
2107 5382 2163 5436 in

585 5488 761 5526 unum
808 5472 987 5542 gerit,
1051 5473 1296 5545 linguam
1348 5473 1616 5528 adversus
1673 5489 1874 5528 omnes
1921 5473 2162 5527 exacuit.

582 5563 789 5620 Verum
809 5563 990 5635 qualis
1015 5563 1108 5619 ille
1139 5565 1232 5631 sit,
1259 5573 1317 5622 et
1343 5566 1399 5620 in
1430 5565 1634 5635 quibus
1659 5563 1858 5620 studiis
1877 5563 2165 5627 educatus,

801 5720 1183 5792 ἐπιϐληθῆναι.
1211 5719 1380 5789 Neap.

2279 5015 2435 5078 λεως,
2490 5015 2584 5069 τοῦ
2634 5017 2823 5089 κυρίου
2862 5019 3095 5089 Δόμνου,
3152 5017 3246 5071 τοῦ
3296 5018 3715 5090 ἀρχιερατικοῦ
3754 5031 3860 5068 συν·-

2275 5107 2452 5178 εδρίου
2479 5110 2893 5181 συγκροτεῖσθαι
2927 5111 3236 5181 μέλλοντος,
3283 5110 3438 5164 ὥστε
3473 5111 3581 5178 τάς
3630 5111 3753 5166 κατ’
3785 5105 3860 5160 αὑ·

2272 5199 2366 5252 τοῦ
2401 5202 2774 5270 γεγενημένας
2799 5202 3054 5267 ἐξετάσαι
3087 5205 3456 5275 κατηγορίας,
3499 5203 3750 5273 ἀποδρὰς
3781 5199 3860 5267 τὴν

2274 5287 2668 5359 βασιλεύουσαν
2693 5293 2960 5348 κατέλαϐε
2999 5295 3187 5361 πόλιν,
3220 5296 3314 5348 καὶ
3352 5296 3691 5367 δηλάτωρος
3723 5292 3861 5363 ἑργον

2272 5381 2686 5452 ἀναδεξάμενος,
2724 5385 2952 5456 πολεμεῖ
2987 5386 3085 5456 μὲν
3116 5386 3323 5460 χώραν,
3356 5387 3430 5458 ἢν
3472 5387 3740 5458 ὀνομάζει
3768 5398 3861 5452 μη-

2270 5473 2426 5542 τέρα,
2453 5474 2678 5545 πολεμεῖ
2695 5475 2752 5528 δὲ
2791 5477 3015 5546 μυριάσι
3046 5479 3315 5550 πενήτων,
3340 5480 3446 5532 καὶ
3481 5479 3576 5534 διὰ
3609 5477 3713 5548 τὴν
3744 5471 3863 5544 πρδς

2275 5561 2371 5614 ἕνα
2392 5561 2718 5634 δυσμένειαν
2747 5568 2849 5638 τὴν
2870 5568 3120 5636 γλῶτταν
3145 5569 3285 5622 κατὰ
3313 5570 3554 5624 πάντων
3584 5569 3861 5639 ὴκόνησεν-

655 5785 772 5858 (52)
801 5785 1179 5846 Latinaversa
1208 5785 1384 5847 exstat
1414 5789 1529 5843 haec
1569 5789 1799 5857 epistola
1829 5788 1970 5860 apud
2001 5789 2296 5845 Baronium
2329 5789 2395 5843 ad
2426 5806 2487 5860 a.‘
2510 5789 2569 5844 C.
2603 5790 2724 5858 444,
2761 5801 2892 5846 tom.
2923 5794 3010 5860 Vl,
3043 5811 3096 5864 p.
3141 5810 3213 5849 m.
3245 5794 3338 5849 28.
