4056 6422
433 379 566 444 1921

441 491 657 554 ὐποῖος
693 490 794 561 μὲν
848 484 943 546 οὖν
981 491 1189 555 ἐκεῖνος
1216 530 1230 555 ,

428 584 897 654 ἐντεθραμμένος,
927 581 1038 652 ἐγὼ
1072 583 1172 654 μὲν
1215 584 1315 637 οὑκ
1360 585 1490 656 ἐρῶ,
1517 586 1585 639 τὰ
1631 586 1854 657 ἐμαυτῷ
1885 586 2017 655 πρέ-

428 691 602 729 ποντα
623 673 996 744 λογιζόμενος·
1019 678 1316 745 τεκμηριοῖ
1335 676 1391 729 δὲ
1414 676 1599 746 σαφῶς
1629 678 1689 731 τὸ
1715 676 1810 730 νῦν
1841 679 2016 748 ἐγχει-

308 804 315 810 .
428 765 597 838 μηθὲν
639 768 770 837 παρ’
792 765 981 821 αὑτοῦ.
1020 766 1157 833 Περὶ
1185 767 1242 819 δὲ
1271 767 1372 838 τῆς
1405 768 1589 838 χώρας
1624 768 1879 822 τοσοῦτόν
1909 786 2015 837 φη-

428 876 494 928 μι
515 872 529 885 .
563 858 646 912 δτι
677 858 777 927 τῆς
811 858 1086 928 ἐπαρχίας
1123 858 1310 930 πάσης
1348 860 1651 930 κουφισμὸν
1692 860 2014 930 δεξαμένης,

423 950 683 1003 οὑδέποτε
717 948 858 1019 αὓτη
887 949 1302 1019 φιλανθρωπίας
1348 951 1627 1005 ἀπέλαυσε
1647 993 1661 1018 ,
1712 952 1888 1005 καίτοι
1920 951 2017 1022 βα-

429 1041 663 1112 ρύτατον
708 1040 932 1115 φορτίον
980 1042 1333 1113 ἐπικείμενον
1372 1042 1593 1114 ἔχουσα.
1647 1042 1810 1097 Ὅθεν
1844 1042 2017 1099 πολλά

427 1133 532 1203 μὲν
557 1131 668 1186 τῶν
689 1133 986 1203 κτημάτων
1020 1133 1313 1205 ἐστέρηται
1332 1133 1619 1205 γεωργῶν,
1651 1133 1824 1187 πολλὰ
1845 1133 1900 1187 δὲ
1922 1134 2016 1187 καὶ

427 1224 925 1296 τῶνκεκτημένων
953 1223 1137 1296 ἔρημα
1169 1224 1461 1296 γεγένηται
1495 1226 1773 1289 παντελῶς
1795 1243 1810 1257 ο
1845 1225 2015 1279 άπαι-

421 1317 647 1372 τοῦνται
672 1316 729 1370 δὲ
767 1315 910 1387 ὑπὲρ
938 1316 1145 1371 τούτων
1166 1319 1216 1371 οἱ
1246 1319 1550 1390 τρισάθλιοι
1583 1317 2012 1388 πολιτευόμενοι,

424 1410 619 1482 φέρειν
646 1411 703 1466 δὲ
729 1412 832 1482 τὴν
858 1411 1149 1483 εἴσπραξιν
1179 1410 1240 1463 οὑ
1268 1409 1560 1481 δυνάμενοι
1586 1410 1635 1463 οἱ
1659 1410 1757 1480 μὲν
1788 1425 2016 1478 προσαι-

423 1503 635 1569 τοῦσιν,
674 1505 723 1557 οί
757 1503 814 1557 δὲ
837 1502 1258 1576 δραπετεύουσι.
1292 1503 1564 1575 Περιέστη
1613 1501 1670 1555 δέ
1712 1502 1794 1564 είς
1820 1500 1917 1554 ἕνα
1948 1500 2010 1552 τὸ

424 1594 529 1666 τῆς
559 1595 768 1658 πόλεως
800 1595 987 1665 σχῆμα
1007 1612 1020 1625 ·
1052 1594 1113 1658 ὃς
1138 1595 1238 1649 οὑκ
1272 1593 1508 1660 ἀνθέξει,
1557 1593 1632 1666 μὴ
1676 1593 1777 1665 τῆς
1811 1593 2007 1655 ἰάσεως

428 1686 584 1760 παρὰ
608 1687 709 1759 τῆς
740 1687 1017 1758 ὑμετέρας
1048 1687 1332 1751 εὐσεϐείας
1365 1686 1743 1759 ἐπιτεθείσης,
1783 1686 2016 1752 Ἐλπίζω

426 1779 488 1833 δὲ
519 1781 601 1834 ὅτι
629 1781 663 1851 ἠ
703 1780 948 1852 ὑμετέρα
986 1778 1291 1851 γαληνότης
1337 1779 1662 1853 θεραπεύσει
1693 1780 1760 1834 τὰ
1787 1779 1882 1850 τῆς
1912 1780 2012 1832 πό-

1780 386 2143 447 EPISTOLA
2185 390 2351 451 XLV-

1283 492 1378 546 καὶ
1408 491 1551 548 τίσιν
1588 493 2017 565 ἐπιτηδεύμασιν

2123 511 2224 567 ego
2245 500 2467 568 quidem
2515 518 2624 556 non
2662 502 2861 570 dicam,
2892 506 3023 577 quid
3072 523 3158 564 me
3219 509 3414 565 deceat
3451 511 3703 567 conside-

2123 604 2273 653 rans,
2320 590 2526 647 indicat
2560 602 2747 649 autem
2783 596 2834 650 id
2886 608 3097 668 aperte,
3131 601 3277 670 quod
3313 600 3382 656 ab
3436 618 3504 658 eo
3559 618 3702 659 nunc

2120 678 2204 749 agi
2243 690 2482 749 coeptum
2510 693 2614 738 est.
2648 687 2723 740 De
2762 687 2988 762 regione
3026 705 3159 744 vero
3179 691 3286 746 hoc
3322 692 3501 747 solum
3555 692 3701 760 (lluv,

2119 785 2243 824 cum
2303 775 2583 843 provincia
2642 778 2902 834 universa
2956 781 3352 838 relevationem
3403 786 3700 855 acceperit,
3794 774 3797 777 Α

2117 860 2261 916 hanc
2291 879 2455 917 unam
2483 866 2839 938 benignitatis
2863 880 3172 941 compotem
3188 889 3474 944 nunquam
3507 875 3700 941 fuisse,

2118 956 2373 1024 quamvis
2410 956 2487 1010 illi
2519 960 2905 1028 gravissimum
2961 978 3103 1017 onus
3133 964 3437 1021 incumbat.
3469 967 3625 1023 Unde
3648 977 3705 1021 et

2117 1047 2323 1116 praedia
2355 1049 2526 1104 multa
2549 1052 2762 1107 colonis
2786 1052 3050 1109 destituta
3081 1064 3230 1121 sunt,
3257 1057 3428 1112 multa
3468 1058 3633 1113 etiam
3673 1077 3703 1113 a

2116 1139 2529 1208 possessoribus
2560 1142 2783 1212 penitus
2816 1143 3036 1199 deserta
3082 1163 3095 1199 :
3131 1154 3189 1199 et
3219 1162 3322 1216 pro
3356 1148 3443 1203 bis
3492 1150 3700 1203 nihilo-

2125 1230 2312 1286 minus
2386 1233 2685 1304 exiguntur
2753 1235 3123 1291 infelicissimi
3183 1239 3550 1301 decuriones,
3606 1242 3701 1312 qui

2118 1324 2466 1380 exactionem
2500 1326 2645 1383 ferre
2690 1344 2803 1385 non
2828 1330 3099 1398 valentes,
3133 1335 3334 1405 partim
3364 1337 3701 1403 mendicant,

2119 1417 2320 1493 partim
2346 1417 2473 1491 fuga
2498 1436 2556 1475 se
2595 1421 2937 1479 subducunt.
2970 1426 3051 1480 Ad
3075 1444 3248 1483 unum
3277 1428 3521 1499 denique
3564 1432 3703 1485 civi-

2122 1508 2251 1563 tatis
2278 1509 2455 1565 forma
2505 1512 2729 1568 redacta
2762 1524 2868 1574 est.
2893 1516 2988 1586 qui
3024 1533 3134 1573 non
3166 1518 3333 1584 feret,
3362 1521 3470 1575 nisi
3511 1538 3540 1576 a
3588 1523 3706 1592 pie-

2122 1608 2231 1656 tate
2277 1614 2460 1658 vestra
2520 1605 2826 1661 remedium
2887 1608 3237 1666 adhibeatur.
3286 1612 3460 1683 Spero
3518 1624 3702 1670 autem

2123 1690 2243 1747 fore
2288 1701 2350 1747 ut
2378 1696 2651 1751 serenitas
2684 1709 2870 1753 vestra
2916 1700 3158 1756 civitatis
3201 1703 3527 1759 vulneribus
3588 1722 3705 1761 me-

2118 1782 2336 1851 deatur,
2385 1795 2440 1840 et
2499 1786 2566 1841 ad
2615 1796 2845 1845 caeteras
2873 1791 3052 1861 justas
3096 1793 3345 1848 actiones
3400 1810 3527 1849 suas
3561 1794 3704 1850 hanc

424 1872 566 1936 λεως
586 1872 897 1941 τραύματα,
928 1871 1024 1924 καὶ
1050 1874 1173 1935 ταῖς
1200 1870 1389 1935 ἄλλαις
1417 1871 1864 1942 δικαιοπραγίαις
1892 1870 2016 1922 ἐττει⁴

2121 1876 2283 1931 etiam
2313 1878 2552 1949 adjiciat.

427 1964 588 2038 θήσει
613 1966 706 2019 καὶ
724 1963 951 2035 ταύτην.

770 2078 901 2133 MA'.
933 2107 1003 2116 —
1028 2076 1321 2146 Σενάτωρι
1352 2076 1658 2146 πατρικίῳ.

498 2190 675 2262 Χάρις
713 2187 792 2260 τῷ
829 2189 1043 2261 Σωτῆρι
1063 2188 1173 2243 τῶν
1198 2189 1358 2255 ὅλων,
1401 2189 1486 2242 ὅτι
1524 2187 1605 2260 τῷ
1634 2186 1886 2260 ὑμετέρῳ
1915 2205 2015 2259 με»

426 2284 581 2355 γέθει
604 2287 691 2340 ἀεὶ
717 2284 1044 2357 προστίθησι
1064 2284 1166 2349 τὰς
1190 2284 1300 2339 τῶν
1320 2283 1652 2355 ἀξιωμάτων
1672 2284 1857 2354 τιμάς
1873 2281 2017 2353 Ἐγὼ

426 2376 489 2432 δὲ
521 2378 687 2449 μέχρι
718 2375 815 2431 τοῦ
852 2377 1124 2447 παρόντος
1153 2377 1216 2430 οὑ
1251 2375 1533 2447 γέγραφα,
1562 2375 1659 2430 καὶ
1688 2375 1788 2447 τὴν
1820 2376 1911 2428 ἐπὶ
1937 2373 2016 2446 τῷ

427 2466 812 2538 κολοφῶνιτοῦ
838 2467 1023 2539 γέρως
1054 2466 1424 2537 ἐγγενομένην
1442 2482 1533 2536 μοι
1552 2464 1823 2536 θυμηδίαν
1845 2463 2009 2527 εὐθὺς

426 2565 491 2617 οὑ
522 2563 800 2635 δεδήλωκα
819 2602 835 2627 ,
864 2561 1102 2633 ἐνοχλεῖν
1131 2559 1194 2613 οὑ
1234 2558 1559 2630 βουλόμενος
1594 2559 1693 2630 τὴν
1738 2556 2015 2629 ὑμετέραν

432 2655 930 2728 μεγαλοπρέπειαν.
966 2652 1079 2708 Καὶ
1112 2652 1208 2705 νῦν
1229 2651 1289 2705 δὲ
1319 2650 1480 2705 τοῦτο
1503 2652 1664 2717 ποιῶ,
1701 2651 1802 2721 τῆς
1830 2650 2013 2705 θεόθεν

427 2747 873 2820 ἐγχειρισθείσης
918 2762 1010 2817 μοι
1050 2743 1236 2816 χώρας
1282 2743 1377 2797 ἐπὶ
1417 2741 1581 2813 ξυροῦ
1622 2742 1829 2813 ἀκμῆς,
1856 2743 1919 2795 τὸ
1950 2741 2016 2813 δὴ

428 2842 748 2912 λεγόμενον,
771 2837 1091 2908 ἑστηκυίας.
1122 2837 1233 2908 Τῆς
1259 2837 1370 2907 γὰρ
1401 2836 1632 2906 ἐποψίας
1659 2836 1781 2889 κατ’
1807 2836 2015 2889 ἐκεῖνον

427 2934 522 2988 τὸν
547 2933 737 3005 καιρὸν
765 2930 1086 3002 γενομένης,
1119 2929 1242 2984 καθ’
1263 2928 1323 2983 ὃν
1344 2929 1444 3001 τῆς
1478 2929 1747 3000 ὑμετέρας
1782 2928 1843 2982 τὸ
1864 2927 2017 3000 πρῶ-

426 3043 524 3081 τον
547 3024 843 3096 ἐπιδημίας
875 3021 1291 3093 ἀπελαύσαμεν,
1316 3021 1412 3075 καὶ
1437 3021 1591 3093 μόλις
1616 3019 2013 3093 κρατυνθείσης

428 3119 525 3173 ἐπὶ
547 3116 641 3171 τοῦ
662 3113 1252 3188 μεγαλοπρεπεστάτου
1278 3114 1528 3185 ὑπάρχου
1545 3112 1641 3167 τοῦ
1662 3112 1853 3185 κυρίου
1877 3111 2018 3165 Φλωο

2472 2085 2658 2142 XLIV.
2683 2118 2754 2127 —
2783 2086 3038 2143 Senatori
3093 2084 3342 2159 patricio.

2186 2196 2374 2253 Gratia
2399 2198 2648 2252 omnium
2695 2198 3002 2265 Servatori,
3049 2198 3152 2270 qui
3192 2201 3546 2270 amplitudini
3593 2209 3703 2257 tua:

2120 2286 2452 2358 dignitatum
2496 2289 2736 2346 honores
2788 2306 3010 2360 semper
3038 2292 3371 2347 accumulat.
3421 2293 3536 2363 Ego
3566 2309 3704 2347 vero

2118 2378 2385 2435 hactenus
2417 2396 2529 2437 non
2585 2382 2806 2453 scripsi,
2851 2391 2908 2437 et
2932 2397 3096 2453 quam
3146 2397 3216 2437 ex
3276 2384 3507 2439 honoris
3555 2386 3705 2440 colo-

2116 2469 2298 2539 phone
2327 2471 2512 2527 animo
2539 2474 2659 2543 cepi
2686 2474 2931 2528 laetitiam
2966 2488 3076 2528 non
3117 2474 3307 2529 statim
3336 2474 3594 2541 iudicavi,
3631 2491 3707 2531 ne

2117 2559 2382 2615 molestus
2412 2575 2591 2616 essem
2643 2563 3068 2634 magniﬁcentiae
3115 2573 3242 2618 tum.
3293 2563 3452 2619 Nunc
3515 2575 3701 2621 autem

2114 2660 2407 2722 propterea
2453 2653 2618 2719 facio,
2663 2654 2812 2725 quod
2869 2654 3082 2726 1104
3120 2655 3272 2725 regio
3328 2657 3466 2711 mihi
3517 2669 3549 2710 a
3587 2658 3702 2713 Deo

2116 2744 2409 2799 commissa
2442 2745 2498 2799 in
2527 2746 2667 2810 acie,
2699 2746 2846 2816 quod
2883 2747 3060 2812 aiunt,
3084 2755 3169 2801 est
3218 2748 3521 2803 novaculae.
3565 2748 3700 2804 Nam

2117 2849 2246 2889 cum
2288 2836 2562 2906 inspectio
2595 2836 2738 2892 facta
2772 2837 2940 2892 fuerit
2972 2836 3069 2893 illo
3118 2845 3387 2907 tempore,
3433 2854 3544 2909 quo
3584 2840 3702 2910 pri-

2116 2928 2576 2982 mum‘adventu
2629 2936 2816 2982 vestro
2865 2930 3101 2984 recreati
3153 2944 3382 2996 sumus,
3438 2938 3499 2985 et
3547 2945 3695 3001 aegre

2119 3018 2473 3074 constabilita
2491 3019 2596 3075 sub
2617 3019 3168 3090 magniﬁcentissimo
3195 3021 3455 3092 praefecto
3478 3021 3707 3077 domino

2118 3110 2424 3177 Florentio,
2471 3125 2536 3165 ac
2579 3127 2731 3167 nunc
2780 3113 2946 3167 etiam
3011 3113 3081 3168 ab
3128 3129 3195 3170 eo
3247 3114 3573 3171 conﬁrmata
3605 3116 3701 3186 qui

431 3209 669 3283 ρεντίου,
705 3206 1099 3279 βεϐαιωθείσης
1127 3205 1185 3260 δὲ
1218 3206 1311 3260 καὶ
1343 3205 1440 3259 νῦν
1466 3205 1572 3259 ὑπὸ
1603 3206 1695 3259 τοῦ
1724 3207 1823 3270 τάς
1848 3203 2017 3267 αὑτάς

2123 3202 2373 3258 habenas
2405 3202 2626 3258 easdem
2677 3210 2845 3267 tenet,
2900 3203 2986 3258 vir
3012 3203 3258 3274 quidam,
3296 3205 3545 3278 episcopi
3580 3206 3704 3277 qui-

429 3301 754 3372 κατέχοντος
797 3298 989 3369 ἡνίας,
1033 3299 1175 3369 ἀνήρ
1210 3307 1316 3362 τις,
1362 3295 1663 3349 ἐπισκόπου
1715 3296 1814 3366 μὲν
1843 3294 2015 3364 ὄνομα

429 3393 766 3466 περιφέρων,
800 3391 1057 3464 ἀλλότρια
1076 3391 1132 3444 δὲ
1161 3390 1254 3443 καὶ
1281 3388 1390 3442 τῶν
1417 3389 1511 3441 ἐπὶ
1542 3388 1641 3460 τῆς
1665 3387 1871 3459 σκηνῆς
1895 3388 2017 3440 ἐπι-

428 3484 697 3557 τηδεύων,
737 3481 926 3552 φυγὼν
959 3481 1020 3535 τὺ
1067 3479 1176 3533 τῶν
1209 3476 1513 3551 ἀρχιερέων
1558 3476 1839 3548 συνέδριον
1862 3516 1877 3541 ,
1920 3476 2017 3529 καὶ

428 3577 605 3631 ταῦτα
637 3575 746 3630 τῶν
774 3576 870 3647 τῆς
906 3571 1301 3642 ἀκοινωνησίας
1332 3570 1698 3638 ἐπικειμένων
1741 3568 1890 3638 αὑτῷ
1926 3569 2015 3621 δε·-

432 3668 613 3740 σμῶν,
646 3667 1001 3737 συκοφαντεῖν
1035 3663 1293 3736 πειρᾶται
1331 3662 1427 3716 καὶ
1466 3659 1774 3715 διαϐάλλειν
1799 3661 1898 3730 τὴν
1922 3676 2016 3728 γε·

430 3760 670 3832 νομένην
697 3758 948 3828 ἐποψίαν,
981 3759 1048 3828 τῇ
1080 3756 1209 3827 περὶ
1242 3755 1332 3809 τὸν
1359 3752 1723 3825 περίϐλεπτον
1748 3751 2017 3805 Φίλιππον

435 3853 710 3924 ἀπεχθείᾳ.
754 3851 854 3920 τὴν
896 3849 1154 3922 ἀλήθειαν
1203 3847 1433 3919 βάλλων.
1488 3845 1580 3899 Διὸ
1622 3846 1722 3918 τὴν
1745 3845 2017 3916 ὑμετέραν

436 3942 813 4018 μεγαλοφυταν
845 3941 1131 4006 ἀντιϐολῶ,
1164 3941 1262 4004 τάς
1285 3940 1384 4012 μὲν
1416 3939 1629 3994 ἐκείνου
1652 3937 2018 4009 ψευδηγορίας

436 4035 724 4106 ἀποφῆναι
758 4033 1011 4104 ματαίας,
1047 4031 1147 4103 τὴν
1171 4031 1227 4085 δὲ
1264 4031 1640 4103 γεγενημένην
1679 4029 1910 4099 ἐποοᾲίαν
1931 4030 2019 4109 hv-

432 4127 603 4190 δίκως
629 4124 1019 4197 βεϐαιωθεῖσαν
1040 4123 1335 4178 ἀσάλευτον
1363 4122 1660 4191 διαμεῖναι.
1683 4121 1890 4189 Πρέπει
1910 4119 2020 4190 γὰρ

436 4217 594 4288 ὑμῶν
618 4214 694 4286 τῷ
734 4213 976 4285 μεγέθει,
1009 4212 1104 4265 καὶ
1143 4209 1349 4283 ταύτην
1390 4210 1527 4281 μετὰ
1557 4209 1665 4262 τῶν
1693 4207 1868 4263 ἄλλων
1918 4206 2019 4278 τὴν

430 4307 859 4378 δικαιοπραγίαν
894 4301 1313 4374 καρπώσασθαι,
1353 4301 1448 4354 καὶ
1481 4299 1581 4363 τὰς
1612 4298 1762 4369 παρὰ
1794 4297 1901 4351 τῶν
1927 4296 2018 4350 εὑ-

439 4420 470 4456 ε
477 4418 670 4474 ργετου
681 4400 857 4471 μένων
875 4395 1126 4465 εὐλογίας
1147 4394 1441 4466 τρυγῆσαι,
1460 4392 1553 4447 καὶ
1569 4391 1903 4462 θεραπεῦσαι
1921 4389 2021 4459 μὲν

2120 3295 2244 3350 dem
2273 3310 2477 3350 nomen
2509 3311 2730 3366 gerens,
2764 3295 2869 3350 sed
2905 3311 2971 3351 ea
3026 3312 3195 3367 agens
3233 3314 3356 3368 qua:
3403 3314 3435 3353 a
3470 3300 3703 3354 scenicis

2121 3384 2258 3456 ipsis
2277 3386 2456 3442 aliena
2488 3387 2619 3451 sint,
2650 3386 3034 3457 episcoporum
3095 3388 3390 3444 concilium
3421 3388 3704 3446 subterfuo

2120 3478 2297 3549 giens,
2328 3478 2495 3549 idque
2526 3494 2653 3535 cum
2706 3480 3299 3536 excommunicationis
3339 3481 3577 3537 vinculis
3625 3481 3699 3537 sit

2120 3570 2423 3626 obstrictus
2478 3572 2806 3627 calumniari
2851 3581 3105 3639 conatur,
3158 3572 3468 3644 factamque
3517 3573 3702 3645 inspe-

2120 3664 2359 3719 ctionem
2382 3662 2688 3729 criminari,
2712 3664 2840 3720 odio
2889 3664 3207 3735 spectabilis
3267 3665 3507 3736 Philippi
3548 3668 3697 3723 veri-

2120 3766 2290 3812 tatem
2314 3756 2660 3828 impugnans.
2684 3755 2951 3824 Quocirca
2979 3756 3444 3828 magniﬁcentiam
3463 3767 3701 3816 vestram

2122 3847 2746 3912 obsecro,utmendacia
2768 3849 2888 3919 ejus
2918 3847 3079 3903 irrita
3110 3848 3324 3913 reddat,
3356 3849 3705 3919 etinspectio

2121 3954 2244 4009 quae
2277 3938 2419 3992 facta
2447 3947 2532 3994 est
2558 3938 2819 4011 legitime.
2851 3937 3175 3993 conﬁrmata
3221 3937 3553 3994 inconcussa
3576 3954 3704 4009 per-

2122 4037 2365 4084 maneat.
2411 4030 2582 4085 Decet
2632 4030 2782 4085 enim
2838 4030 3262 4100 amplitudinem
3329 4038 3477 4085 tuam
3538 4030 3709 4101 hujus

2121 4120 2289 4175 etiam
2341 4136 2468 4175 cum
2520 4121 2643 4175 aliis
2686 4124 2853 4193 justae
2906 4121 3140 4176 actionis
3188 4119 3430 4175 fructum
3482 4136 3703 4191 capere,

2122 4220 2288 4281 atque
2321 4226 2515 4265 eorum
2550 4227 2692 4281 quos
2742 4210 3014 4267 beneﬁcio
3064 4211 3321 4266 aﬁ‘eceris
3355 4211 3706 4266 acclamatio-

2122 4317 2224 4357 nes
2277 4301 2572 4372 colligere,
2627 4318 2691 4358 ac
2740 4304 2916 4359 Deum
2971 4303 3360 4357 universorum
3414 4305 3705 4363 venerari.

2122 4394 2377 4449 venerari
2402 4408 2624 4464 quoque
2648 4395 2950 4463 genuinum
2981 4396 3103 4466 ejus
3128 4410 3372 4460 servum,
3419 4396 3705 4451 sanetissi-

431 4495 530 4551 τὸν
556 4492 667 4545 τῶν
696 4491 833 4544 ὅλων
854 4488 1008 4552 Θεὸν,
1040 4484 1377 4558 θεραπεῦσαι
1405 4483 1462 4537 δὲ
1494 4483 1586 4536 τὸν
1607 4483 1829 4554 γνήσιον
1849 4479 2016 4537 αὑτοῦ

2126 4501 2278 4541 mum
2320 4486 2601 4541 hominem
2632 4486 2751 4550 Dei,
2805 4485 3095 4541 dominum
3127 4484 3417 4551 Iacobum,
3443 4486 3539 4557 qui
3594 4502 3709 4543 una

433 4584 660 4647 δοῦλον,
708 4582 800 4635 τὸν
835 4578 1135 4649 ἁγιώτατον
1165 4574 1451 4646 ἄνθρωπον
1473 4571 1568 4627 τοῦ
1593 4572 1751 4636 Θεοῦ,
1788 4571 1881 4625 τὸν
1915 4570 2017 4626 κύ-

2122 4592 2340 4633 mecum
2371 4592 2568 4648 preces
2613 4577 2798 4633 offert.
2827 4577 3151 4648 Scripsisset
3174 4586 3359 4635 autem
3386 4586 3443 4634 et
3461 4552 3625 4649 ipse,
3657 4580 3711 4633 si

441 4693 560 4750 ριον
598 4672 874 4737 Ἰάκωϐον,
903 4671 962 4734 ὃς
990 4669 1148 4740 τήνδε
1178 4666 1482 4739 προσφέρει
1510 4666 1607 4720 σὺν
1637 4665 1762 4735 ἐμοὶ
1784 4662 1882 4735 τὴν
1912 4679 2021 4717 παο

440 4771 731 4843 ράκλησιν.
766 4765 1013 4838 Ἔγραψε
1046 4764 1091 4819 δ’
1130 4762 1197 4818 ἂν
1226 4766 1320 4818 καὶ
1361 4763 1555 4828 αὐτὸς,
1584 4763 1749 4833 εἴπερ
1778 4756 1928 4829 αὑτῷ
1962 4759 2024 4812 τὸ

436 4864 676 4937 γράφειν
719 4858 954 4928 σύνηθες
982 4852 1073 4928 ἦν.

769 4978 904 5031 ME'.
932 5005 1002 5018 -ο
1043 4974 1358 5038 Ἆνατολίφ
1380 4973 1687 5042 xor-cptum).

506 5095 636 5149 ’Ὅτι
660 5091 913 5161 καθάπερ
938 5086 1127 5150 παῖδες
1158 5086 1252 5140 ἐπὶ
1280 5085 1494 5154 πατέρα
1536 5084 1910 5154 φιλόστοργον,
1943 5084 2023 5137 δι-

436 5174 709 5257 ετέθησᾶν
739 5200 804 5236 πε
816 5182 868 5252 pi.
894 5180 993 5250 τὴν
1027 5175 1298 5249 ὑμετέραν
1339 5175 1817 5247 μεγαλοπρέπειαν
1849 5174 2025 5228 άπαν-

438 5296 535 5341 τες
580 5278 632 5331 οἱ
677 5274 776 5346 τὴν
825 5271 966 5343 ἑῴαν
998 5268 1298 5334 οἰκοῦντες,
1331 5264 1470 5320 οἶδεν
1508 5266 1664 5338 ὑμῶν
1707 5266 1769 5320 τὸ
1797 5266 2025 5337 μέγεθος

439 5369 709 5442 ἀκριϐῶς.
748 5365 887 5420 ’Δνθ’
917 5365 1041 5418 ὅτου
1068 5362 1249 5416 τοίνυν
1281 5362 1624 5432 μεμισήκατε
1647 5359 1773 5423 τοὺς
1805 5358 2025 5429 φιλοῦν-

439 5478 567 5526 τας,
595 5462 693 5514 καὶ⁸
726 5459 826 5528 τῆς
859 5454 1132 5528 ὑμετέρας
1188 5453 1386 5516 αὑτοὺς
1426 5451 1762 5523 ἐστερήσατε
1806 5468 2027 5522 προμη-

444 5550 620 5619 θείας,
645 5551 740 5604 καὶ
776 5548 993 5620 θρηνεῖν
1040 5544 1284 5608 ἅπαντας
1319 5541 1415 5597 καὶ
1451 5541 1740 5614 ὀδύρεσθαι
1794 5544 2028 5615 πεποιήκ-

445 5660 605 5708 κατε,
635 5641 733 5711 τὴν
759 5638 967 5693 οίκείαν
987 5634 1282 5708 θεραπείαν
1307 5635 1409 5705 τῆς
1429 5633 1535 5688 τῶν
1561 5632 1735 5688 ἄλλων
1762 5635 2029 5705 προτιμή-

449 5752 644 5799 σαντες
672 5732 970 5804 ὠφελείας;
994 5729 1084 5802 Τῷ
1111 5729 1226 5784 δντι
1247 5727 1357 5800 γὰρ
1380 5728 1477 5799 οὑχ
1499 5726 1739 5798 ἡγοῦμαί
1769 5744 1892 5781 τινα
1918 5727 2030 5780 τῶν

447 5819 803 5893 φοϐουμένων
839 5819 931 5874 τὸν
971 5817 1175 5887 Κύριον
1224 5816 1299 5888 μὴ
1341 5816 1462 5870 λίαν
1491 5815 1781 5887 ἀσχάλλειν
1821 5818 1911 5871 ἐπὶ
1959 5823 2017 5889 τῇ

2133 5831 2291 5878 ctura
2312 5830 2495 5878 vestra
2518 5821 2796 5893 privatum
2828 5834 2886 5875 se
2922 5818 3282 5876 vehementer
3334 5818 3536 5876 doleat.
3568 5818 3719 5887 Quin

2121 4672 2172 4727 ei
2198 4670 2443 4726 scribere
2468 4684 2595 4725 mos
2621 4679 2788 4725 esset.

2505 4972 2667 5029 XLV.
2689 5004 2759 5013 —
2784 4973 3035 5028 Anatolio
3081 4975 3329 5046 patricio.

2200 5088 2359 5157 Quod
2389 5096 2449 5142 ut
2488 5087 2585 5143 ﬁlii
2616 5087 2883 5143 adversus
2908 5097 3183 5144 amantem
3206 5097 3441 5159 patrem,
3464 5090 3545 5147 sic
3577 5107 3714 5164 erga

2127 5180 2592 5252 magniﬁcentiam
2629 5187 2874 5235 vestram
2929 5180 3113 5237 aﬁecti
3144 5182 3256 5238 sint
3289 5198 3482 5239 omnes
3514 5181 3713 5240 Orien-

2129 5271 2288 5335 tales,
2315 5271 2565 5340 apprime
2585 5270 2740 5325 novit
2785 5270 3099 5328 sublimitas
3152 5282 3359 5330 vestra.
3416 5273 3533 5340 Qua
3576 5288 3717 5343 ergo

2128 5364 2197 5419 de
2222 5378 2388 5419 causa
2413 5363 2541 5418 odio
2579 5362 2855 5417 habuistis
2910 5373 3179 5431 amantes,
3243 5374 3535 5434 vestraque
3587 5365 3714 5418 illos

2129 5456 2482 5528 providentia
2509 5455 2772 5521 orbastis,
2804 5463 2863 5509 et
2891 5455 3084 5527 lugere
3110 5470 3304 5510 omnes
3349 5469 3416 5510 ac
3451 5455 3715 5526 plangere

2130 5544 2410 5617 eoegistis.
2457 5544 2672 5616 1105
2740 5545 3027 5616 proprium
3080 5544 3429 5600 commodum
3474 5545 3713 5601 aliorum

2130 5638 2356 5693 utilitati
2410 5638 2846 5708 anteponentes?
2896 5636 3107 5692 Revera
3164 5636 3312 5691 enim
3364 5650 3559 5691 eorum
3612 5638 3715 5708 qui

2130 5730 2305 5784 Deum
2345 5731 2548 5785 timent
2569 5729 2849 5783 neminem
2887 5741 3008 5781 esse
3029 5726 3293 5792 arbitror,
3333 5726 3468 5798 quin
3511 5727 3712 5799 praefe-

3565 400 3706 468 19.22
