4056 6428
515 348 651 414 1223

1499 346 1984 406 TIIEODORETI
2018 348 2354 409 EPISCOPI
2395 351 2755 411 CYRENSIS

3625 358 3741 421 12%

513 471 569 515 et
603 469 828 516 αξιοι-οε
856 473 1048 513 omnes
1081 457 1356 520 existimo,
1379 454 1632 526 quamvis
1667 455 1964 525 perfectam
1992 457 2080 510 Dei

2195 459 2447 529 στερήσει
2494 459 2592 528 τῆς
2626 458 2902 529 ὑμετέρας
2944 458 3306 530 στρατηγίας.
3357 459 3520 534 υῐμαι
3561 466 3611 520 δὲ
3660 475 3740 524 καὶ

518 552 886 624 cognitionem
903 566 1014 604 non
1034 548 1294 611 habeant,
1322 547 1486 601 simili
1527 546 1717 600 dolore
1747 549 1917 618 tangi,
1954 549 2086 602 dum

2195 545 2321 607 τοὺς
2369 545 2561 608 ἄλλους
2612 546 2878 609 ἅπαντας,
2936 547 2983 598 εί
3020 547 3111 600 καὶ
3152 548 3227 618 μὴ
3254 549 3354 620 τὴν
3393 553 3514 623 περὶ
3553 556 3615 609 τὰ
3638 554 3739 611 θεῖα

516 641 783 700 beneﬁcia
820 650 1001 696 vestra
1038 639 1420 694 recordantur.
1450 638 1562 708 Ego
1615 654 1748 693 vero
1801 656 1914 709 pra:
1965 641 2080 694 aliis

2196 635 2397 703 γνῶσιν
2424 635 2638 707 ἔχουσιν
2664 637 2889 707 ἀκριϐῆ,
2920 636 2980 690 τὸ
3009 639 3106 707 τῆς
3127 637 3366 708 ἀθυμίας
3397 642 3588 710 ὁμοίως
3610 645 3742 717 δέχε-

518 749 698 804 gemo,
735 748 947 786 memor
1008 731 1233 785 honoris
1268 735 1324 782 et
1379 727 1608 784 sincera:
1667 729 2086 794 benevolentiae,

517 825 920 894 Dominumque
958 824 1346 878 universorum
1374 839 1592 892 precor,
1621 831 1682 876 ut
1715 823 1916 877 invicta
1953 822 2086 876 dex-

514 925 627 970 tera
661 930 878 984 semper
902 930 1000 969 vos
1025 914 1256 976 muniat,
1295 914 1675 983 bonorumque
1703 913 1949 968 omnium
1997 928 2090 967 co-

509 1005 655 1075 piam
674 1004 833 1058 vobis
855 1004 1140 1074 largiatur.
1160 1002 1618 1073 Magniﬁcentiam
1640 1014 1822 1058 autem
1848 1012 2086 1058 vestram

509 1111 787 1165 rogamus,
818 1103 878 1149 ut
913 1095 1112 1148 absens
1136 1095 1287 1148 velut
1318 1110 1561 1164 praesens
1613 1101 1929 1150 consuetam
1989 1109 2088 1148 cn-

509 1203 626 1241 ram
683 1197 858 1258 gerat,
928 1201 1096 1254 atque
1132 1185 1280 1238 illius
1333 1184 1542 1254 indigni
1602 1183 1847 1253 episcopi
1910 1183 2087 1238 nostri

507 1280 719 1334 rabiem
755 1279 989 1348 frangat,
1043 1279 1199 1348 cuius
1222 1278 1348 1331 vitae
1397 1275 1714 1331 institutum
1777 1276 2085 1337 sublimitas

505 1381 693 1426 vestra
741 1377 1091 1440 perspectum
1140 1368 1325 1422 habet.
1382 1367 1626 1422 Conatur
1660 1367 1831 1432 enim,
1882 1376 1941 1421 ut
1994 1383 2086 1421 ac-

508 1463 653 1533 cepi,
699 1463 976 1533 regionem
1005 1469 1249 1515 nostram
1281 1460 1531 1515 funditus
1565 1468 1841 1524 evertere,
1877 1459 2086 1513 delato-

505 1555 586 1609 ris
633 1568 864 1608 munere
901 1561 1176 1621 suscepto,
1239 1560 1625 1621 peractamque
1687 1550 2085 1620 inspectionem

507 1645 868 1701 calumnians.
932 1643 1098 1712 quue
1143 1657 1265 1696 cum
1304 1642 1482 1696 sciant
1531 1657 1754 1706 omnes,
1792 1652 1851 1698 ut
1913 1642 2086 1697 verbo

507 1734 710 1799 dicam,
749 1733 1124 1804 gravissimam
1179 1747 1301 1786 esse
1345 1731 1584 1802 regionis
1641 1741 1845 1787 nostra:
1880 1733 2086 1787 descri-

2198 727 2322 780 σθαι
2349 728 2540 791 πάθος,
2581 727 2680 791 τὰς
2716 728 2990 798 ὑμετέρας
3019 729 3402 799 λογιζομένους
3428 733 3740 803 εὐεργεσίας.

2208 816 2349 886 Ἐγὼ
2379 817 2436 870 δὲ
2469 819 2837 889 διαφερόντως
2885 820 3220 890 ὀλοφύρομαι
3244 861 3259 884 ,
3309 822 3403 874 καὶ
3451 823 3549 893 τῆς
3579 828 3745 898 τιμῆς,

2195 910 2414 979 καὶτῆς
2441 910 2765 983 εἰλικρινοῦς
2799 911 3094 975 διαθέσεως
3131 915 3508 982 μεμνημένος·
3545 920 3632 969 καὶ
3667 918 3747 971 τὸν

2192 999 2303 1052 τῶν
2337 999 2472 1052 ὅλων
2499 1001 2726 1054 ἱκετεύω
2755 1003 3054 1070 Δεσπότην,
3086 1006 3152 1074 τῇ
3187 1004 3386 1073 ἀμάχῳ
3421 1004 3566 1076 δεξιᾷ
3596 1009 3751 1078 τειχί-

2193 1090 2307 1153 ζειν
2342 1091 2485 1161 ὑμᾶς
2515 1091 2621 1156 ἀεὶ,
2642 1092 2859 1145 καὶτῶν
2883 1094 3240 1148 παντοδαπῶν
3267 1095 3487 1164 ἀγαθῶν
3517 1103 3752 1168 χορηγεῖν

2193 1181 2323 1251 ὑμῖν
2356 1182 2456 1249 τὴν
2491 1182 2684 1249 φοράν.
2715 1183 2826 1251 Τὴν
2857 1183 2914 1237 δὲ
2949 1185 3223 1256 ὑμετέραν
3257 1187 3626 1257 μεγαλοφυῖαν
3663 1209 3756 1244 πα-

2197 1271 2560 1343 ρακαλοῦμεν,
2591 1274 2687 1325 καὶ
2717 1274 2962 1327 ἀποῦσαν
2987 1275 3062 1339 ώς
3091 1276 3374 1348 παροῦσαν
3393 1279 3503 1332 τῶν
3528 1283 3755 1352 συνήθων

2194 1363 2499 1433 φροντίσαι,
2537 1365 2630 1416 καὶ
2661 1363 2754 1416 τοῦ
2782 1365 2954 1429 δεῖνος
2986 1365 3082 1419 τοῦ
3106 1367 3327 1433 ἀναξίου
3360 1369 3523 1440 ἡμῶν
3547 1373 3757 1426 ἐπισκό-

2194 1471 2295 1506 που
2334 1453 2637 1506 καταλῦσαι
2665 1454 2761 1525 τὴν
2798 1454 3016 1522 λύτταν,
3056 1452 3118 1512 οὗ
3150 1459 3248 1530 τὴν
3291 1461 3386 1514 τοῦ
3421 1460 3538 1532 βίου
3579 1464 3755 1534 προαί-

2196 1563 2344 1616 ρεσιν
2377 1533 2766 1618 ἀκριϐέστερον
2793 1549 2854 1602 τὸ
2894 1550 3161 1622 ὑμέτερον
3186 1553 3482 1607 ἐπίσταται
3525 1556 3756 1624 μέγεθος.

2203 1639 2502 1708 Ἑπιχειρεῖ
2531 1637 2658 1709 γὰρ,
2697 1639 2773 1702 ώς
2819 1639 3027 1709 ἔγνων,
3074 1643 3356 1706 παντελῶς
3395 1645 3554 1715 ἡμῶν
3582 1647 3760 1700 ἀπολέ-

2195 1744 2282 1780 σαι
2315 1727 2410 1798 τὴν
2445 1727 2651 1799 χώραν,
2685 1729 2992 1800 δηλάτωρος
3026 1734 3186 1802 ἔργον
3224 1733 3645 1802 ἀναδεξάμενος,
3679 1739 3762 1790 καὶ

505 1825 774 1896 ptioncm,
813 1823 951 1877 adeo
973 1833 1034 1877 ut
1062 1822 1210 1877 illius
1236 1839 1400 1878 causa
1425 1823 1804 1892 possessiones
1832 1823 2080 1892 plurimm

2187 1818 2286 1886 τὴν
2315 1818 2691 1888 γεγενημένην
2723 1819 2949 1889 ἐποψίαν
3001 1824 3379 1891 συκοφαντῶν.
3445 1827 3555 1878 Καὶ
3603 1827 3761 1880 ταῦτα

505 1917 717 1972 colonis
751 1916 1027 1970 destituta:
1052 1915 1185 1970 sint.
1227 1915 1431 1969 Verum
1472 1915 1582 1978 hic,
1636 1915 2083 1968 excommunica-

505 2009 656 2064 tione
701 2015 1051 2076 contempta,
1119 2012 1324 2059 sanctae
1374 2004 1584 2075 synodo
1635 2019 1692 2058 se
1747 2003 2081 2059 subducens.

505 2110 697 2158 contra
739 2099 975 2152 miseros
1011 2111 1288 2166 pauperes
1327 2096 1570 2166 linguam
1597 2096 1859 2150 exseruit.
1905 2095 2084 2160 Quare

504 2210 698 2251 curam
733 2201 1271 2254 rerum.nostrarum
1321 2205 1514 2259 gerere
1545 2187 1951 2257 magniﬁcentia
1993 2201 2087 2240 ve-

505 2293 619 2339 stra
675 2283 950 2354 dignetur,
1015 2298 1085 2336 ne
1134 2280 1422 2335 veritatem
1471 2279 1656 2334 vincat
1711 2277 2080 2333 mendacium.

509 2375 747 2430 Easdem
771 2373 939 2428 etiam
963 2387 1063 2443 pro
1095 2369 1365 2426 Cilicibus
1391 2385 1584 2439 preces
1616 2369 1809 2424 oﬁero.
1843 2369 1903 2424 In
1929 2370 2081 2423 luctu

502 2467 650 2522 enim
673 2473 938 2537 perpetuo
960 2478 1249 2518 versamur
1262 2461 1440 2516 donec
1459 2459 1724 2530 iniquitas
1737 2460 2078 2514 destruatur.

505 2555 682 2626 Ilujus
715 2570 846 2609 vero
897 2552 1066 2608 studii
1107 2552 1608 2621 compensationem
1643 2550 1914 2605 retribuet
1961 2549 2086 2604 uni-

503 2661 790 2704 versorum
823 2645 1109 2708 Dominus,
1141 2643 1237 2713 qui
1270 2650 1326 2697 et
1357 2643 1567 2713 exiguae
1591 2657 1746 2712 aquae
1772 2640 2084 2696 mercedem

497 2753 563 2796 se
585 2736 840 2792 daturum
891 2734 1163 2806 promisit.

2190 1908 2428 1972 πάντων,
2462 1906 2537 1970 ώς
2573 1907 2700 1972 ἔπος
2731 1911 2927 1976 είπεῖν,
2961 1912 3346 1983 ἐπισταμένων
3387 1913 3485 1984 τὴν
3537 1915 3761 1986 βαρυτά-

2187 2015 2287 2066 την
2318 1999 2417 2068 τῆς
2449 1999 2725 2068 ἡμετέρας
2753 2000 2936 2071 χώρας
2966 2002 3295 2074 ἀπογραφὴν
3316 2044 3330 2068 ,
3384 2005 3480 2058 καὶ
3507 2005 3582 2069 ὡς
3613 2006 3764 2059 πολλὰ

2187 2087 2297 2140 τῶν
2330 2090 2625 2158 κτημάτων
2655 2089 2838 2160 ἔρημα
2875 2090 2963 2145 δίὰ
3002 2093 3208 2164 ταύτην
3242 2095 3356 2148 τῶν
3388 2096 3764 2166 γεωργούντων

2189 2181 2429 2248 ἐγένετο.
2475 2181 2612 2234 Ἀλλ’
2661 2174 2836 2246 οὗτος,
2876 2183 2972 2236 καὶ
3018 2185 3119 2254 τῆς
3161 2187 3569 2257 ἀκοινωνησίας
3613 2205 3764 2240 κατα-

2191 2274 2488 2343 φρονήσας,
2517 2275 2611 2327 καὶ
2637 2275 2736 2344 τὴν
2769 2275 2929 2342 ἁγίαν
2961 2276 3178 2331 σύνοδον
3207 2279 3478 2350 ἀποδράς,
3507 2281 3646 2333 κατὰ
3669 2280 3765 2333 τών

2189 2361 2392 2416 ἀθλίων
2427 2366 2676 2434 πενήτων
2727 2366 2979 2436 ἐπαφῆκε
3025 2367 3124 2439 τὴν
3159 2368 3436 2436 γλῶτταν.
3491 2371 3764 2441 Φροντίσαι

2187 2455 2371 2508 τοίνυν
2409 2458 2437 2526 ἡ
2469 2457 2711 2528 ὑμετέρα
2749 2461 3195 2531 μεγαλοπρέπεια
3225 2463 3663 2534 παρακληθήτω,
3692 2465 3768 2516 ἵνα

2195 2546 2270 2617 μὴ
2306 2549 2661 2620 περιγένηται
2684 2550 2782 2619 τῆς
2813 2549 3073 2620 ἀληθείας
3103 2553 3164 2606 τὸ
3203 2554 3428 2622 ψεῦδος.
3479 2556 3591 2626 Τὴν
3615 2555 3766 2622 αὐτὴν

2190 2637 2249 2690 δέ
2297 2639 2555 2710 καὶπερὶ
2600 2638 2708 2692 τῶν
2759 2641 3003 2696 Κιλίκων
3052 2645 3354 2716 προσφέρω
3406 2646 3763 2718 παράκλησιν.

2192 2728 2533 2800 Θρηνοῦντες
2578 2731 2689 2804 γάρ
2733 2732 3083 2805 διατελοῦμεν
3122 2735 3226 2799 ἓως
3269 2737 3340 2792 ἂν
3378 2741 3412 2808 ή
3467 2738 3769 2810 παρανομία

502 2833 804 2904 καταλυθῇ.
831 2829 1125 2901 Ταύτηςδέ
1145 2829 1248 2899 τῆς
1279 2828 1512 2900 σπουδῆς
1546 2828 1645 2892 τὰς
1671 2827 1906 2900 ἀμοιϐάς
1934 2823 2218 2882 ἀντιδώσει
2259 2824 2368 2880 τῶν
2395 2825 2531 2880 ὅλων
2565 2828 2594 2880 6
2633 2827 2856 2899 Κύριος,
2892 2830 2921 2884 ὁ
2959 2829 3054 2884 καὶ
3094 2831 3288 2898 ὓδατος
3343 2833 3552 2906 μικροῦ
3591 2833 3768 2888 δώσειν

508 2927 700 3001 μισθὸν
731 2928 1125 2996 ὑποσχόμενος.

754 3035 967 3107 1106
996 3035 1182 3090 XLVI.
1206 3063 1278 3075 -—
1297 3035 1456 3090 Petro
1499 3034 1825 3089 scholastica.

2513 3037 2664 3104 Μετ’.
2698 3067 2766 3077 -
2791 3037 2992 3107 Πέτρῳ
3042 3043 3473 3111 σχολαστικῷ.

575 3153 778 3207 Eorum
843 3150 935 3220 qui
994 3150 1140 3220 quod
1184 3151 1394 3221 justum
1443 3157 1528 3204 est
1581 3149 1807 3220 plurimi
1849 3145 2079 3214 faciunt,

2257 3145 2379 3199 Τῶν
2404 3147 2464 3200 τὸ
2488 3147 2697 3202 δίκαιον
2718 3151 2847 3222 περὶ
2871 3152 3067 3206 πολλοῦ
3097 3172 3299 3226 ποιουμ
3315 3158 3462 3210 ἐνων
3489 3158 3640 3226 οὑδέν
3670 3161 3777 3211 ίκα-

502 3244 642 3301 nihil
687 3251 772 3298 est
805 3243 949 3312 quod
977 3242 1255 3297 laudabile
1315 3243 1421 3297 hoc
1450 3242 1695 3296 studium
1725 3241 1897 3310 possit
1932 3257 2081 3296 com-

505 3350 751 3402 pescere.
813 3335 1008 3390 Verbis
1064 3333 1226 3388 ﬁdem
1273 3334 1476 3388 astruit
1511 3332 1917 3402 magniﬁcentia
1965 3342 2076 3397 tua,

504 3442 627 3498 quae
655 3435 710 3481 et
739 3427 986 3482 dolorem
1007 3427 1154 3496 cepit
1179 3442 1246 3481 ex
1272 3427 1339 3480 iis
1373 3440 1496 3495 quae
1528 3426 1780 3478 nuntiata
1822 3432 1973 3489 sunt,
2025 3432 2081 3479 et

504 3518 1110 3590 oppressamjustitiam
1152 3516 1435 3587 aspernari
1477 3515 1687 3569 noluit:
1737 3515 1830 3569 sed
1879 3529 2082 3569 mcero-

417 3645 440 3662 ρ
507 3626 622 3666 rem
654 3612 710 3666 in
731 3618 984 3681 tempore
1020 3611 1306 3681 abjiciens,
1354 3609 1606 3664 veritatis
1655 3609 1800 3664 hosti
1829 3624 1892 3663 os
1933 3611 2079 3679 juste

503 3703 795 3759 obstruxit.
853 3701 1066 3768 Quibus
1111 3701 1367 3771 cognitis,
1421 3700 1883 3770 magniﬁcentiam
1929 3708 2078 3754 tuam

503 3794 788 3850 ardentius
819 3793 1216 3856 adamavimus,
1253 3791 1492 3847 oratoria
1537 3790 1797 3846 facultate
1871 3800 2080 3861 tempe-

501 3895 678 3940 ratam
706 3884 850 3939 nacti
881 3899 1070 3937 veram
1109 3883 1538 3953 philosophiam,
1596 3899 1929 3953 oramusque
1977 3884 2079 3937 im-

499 3977 748 4048 pensius,
783 3982 854 4029 ut‘
869 3974 1063 4044 optimi
1099 3975 1264 4045 hujus
1292 3975 1396 4030 viri
1434 3975 1778 4030 mendacium
1825 3975 2078 4030 destruas

500 4077 558 4124 et
589 4075 825 4133 evertas,
860 4068 1295 4140 miserorumque
1318 4084 1620 4140 pauperum
1643 4068 2076 4124 consolationem

499 4160 826 4217 conﬁrmes.

567 4277 777 4334 XLVII.
798 4307 866 4316 —
883 4276 1076 4332 Proclo
1103 4279 1342 4350 episcopo
1385 4276 1998 4347 Constantinopolitano.

572 4388 869 4459 Superiore
929 4404 1076 4443 anno
1118 4388 1380 4444 sanctitas
1423 4397 1515 4444 tua
1559 4387 1914 4457 spectabilem
1947 4385 2076 4441 Phi-

2182 3235 2271 3290 νόν
2303 3239 2551 3310 ἐπισχεῖν
2594 3241 2687 3293 τὸν
2731 3245 3128 3315 ἐπαινούμενον
3182 3247 3389 3301 τοῦτον
3425 3225 3652 3304 σκοπόν.
3696 3251 3781 3302 Βε-

2181 3327 2329 3381 6αιοῖ
2355 3329 2413 3382 δὲ
2444 3330 2534 3383 τὸν
2573 3330 2730 3398 λόγον
2764 3333 2796 3403 ἡ
2828 3334 2895 3404 σὴ
2944 3334 3431 3408 μεγαλοπρέπεια,
3461 3339 3778 3410 ἀχθεσθεῖσα

2184 3420 2282 3490 μὲν
2313 3422 2407 3473 ἐπὶ
2430 3421 2498 3475 τά
2528 3425 2718 3494 πρώην
2757 3427 3186 3493 ἀναγγελθέντα,
3211 3429 3319 3483 οὑκ
3349 3431 3779 3503 ἀνασχομένηδέ

2181 3511 2428 3582 παριδεῖν
2466 3513 2526 3566 τὸ
2576 3514 2784 3569 δίκαιον
2824 3518 3268 3586 πολεμούμενον,
3307 3521 3434 3574 ἀλλ’
3468 3525 3550 3585 είς
3598 3522 3780 3592 καιρὸν

2179 3609 2278 3680 τὴν
2326 3609 2565 3680 ἀθυμίαν
2627 3611 3001 3684 ἀπορρίψασα,
3055 3616 3150 3667 καὶ
3203 3615 3295 3668 τὸν
3357 3621 3464 3689 τῆς
3525 3617 3780 3688 ἀληθείας

2180 3700 2371 3770 ἐχθρὸν
2409 3702 2632 3767 ἐνδίκοις
2675 3704 3100 3776 ἐπιστομίσασα.
3137 3706 3328 3762 Ταῦτα
3373 3710 3776 3780 μεμαθηκότες,

2185 3791 2514 3864 θερμότερον
2570 3797 2698 3866 περὶ
2749 3796 2848 3867 τὴν
2901 3798 2999 3868 σὴν
3033 3799 3362 3870 διετέθημεν
3397 3805 3781 3873 μεγαλόνοιαν,

2179 3881 2446 3953 δεινότητι
2497 3887 2760 3958 ῥητορικῇ
2804 3889 3127 3958 φιλοσοφίαν
3190 3892 3377 3962 ἀληθῆ
3432 3896 3781 3968 κεκραμένην

2179 3975 2450 4046 εὑρόντες,
2489 3979 2581 4031 καὶ
2606 3980 3038 4053 παρακαλοῦμεν
3072 3985 3534 4058 σπουδαιότερον,
3569 3987 3781 4043 καὶτοῦ

2180 4067 2464 4138 βελτίστου
2493 4072 2799 4126 καταλῦσαι
2828 4074 2892 4126 τὺ
2915 4074 3134 4144 ψεῦδος,
3174 4079 3264 4131 καὶ
3293 4079 3403 4149 τὴν
3441 4081 3556 4135 τῶν
3585 4081 3781 4135 ἀθλίων

2179 4161 2426 4232 πενήτων
2463 4163 2729 4236 κρατῦναι
2763 4165 3118 4238 παραψυχήν.

2176 4275 2310 4329 MZ'.
2337 4304 2404 4316 —
2421 4277 2670 4344 Πρόκλῳ
2697 4277 3016 4342 ἐπισκόπῳ
3036 4283 3780 4350 Κωνσταντινουπόλεως.

2248 4383 2453 4453 Πέρυσι
2483 4385 2582 4454 μὲν
2611 4387 2644 4457 ή
2680 4386 2906 4458 ἀγιότης
2950 4389 3105 4459 ὑμῶν
3140 4390 3234 4443 τοῦ
3272 4392 3536 4461 χαλεποῦ
3575 4395 3781 4450 κλύδω-

494 4481 706 4559 lippum
722 4481 962 4535 civitatis
983 4489 1187 4535 nostrae
1204 4480 1496 4550 primatem
1515 4478 1667 4550 gravi
1682 4477 2070 4534 ﬁuctulibera-

2187 4492 2265 4538 νος
2290 4475 2634 4547 ἠλευθέρωσε
2684 4479 2776 4532 τὸν
2823 4479 3183 4550 περίϐλεπτον
3211 4483 3496 4539 Φίλιππον
3543 4487 3642 4540 τὸν
3691 4489 3784 4557 τῆς

494 4575 578 4628 vit
600 4593 612 4627 :
635 4573 779 4628 unde
799 4572 1252 4641 tranquillitatem
1265 4571 1573 4627 sanctitatis
1591 4578 1696 4626 tua;
1711 4571 1916 4636 studio,
1941 4585 2077 4625 con—

497 4673 720 4720 secutus
743 4663 1003 4718 laudibus
1028 4665 1139 4718 tuis
1158 4678 1324 4717 aures
1341 4671 1562 4718 nostras
1583 4662 1836 4732 replevit.
1854 4661 1962 4716 Sed
1997 4668 2079 4715 to-

497 4766 612 4811 tum
634 4755 784 4809 hunc
820 4755 1068 4808 laborem
1100 4753 1550 4823 religiosissimus
1579 4753 1672 4806 ille
1705 4752 1790 4806 vir
1826 4751 2077 4805 inutilem

494 4847 727 4903 reddere
753 4855 1017 4901 conatur:
1035 4845 1128 4915 qui
1157 4844 1447 4898 duodecim
1471 4844 1676 4898 abhinc
1691 4843 1850 4897 annis
1875 4843 2074 4911 saepius

493 4940 691 4996 factam
751 4938 993 5009 regionis
1029 4937 1428 5007 inspectionem
1491 4936 1858 5000 calumnians,
1907 4949 2074 4989 accu-

494 5031 765 5086 sationem
800 5045 961 5083 orsus
995 5035 1211 5082 estnec
1257 5028 1420 5097 paulo
1468 5027 1811 5096 aequioribus
1865 5025 2074 5081 manci-

496 5121 601 5193 piis
627 5120 1071 5175 convenientem.
1102 5118 1282 5183 Quare
1325 5135 1541 5174 sacrum
1573 5128 1739 5189 caput
1769 5127 1924 5172 tuum
1975 5119 2072 5173 ob-

497 5221 688 5277 testor,
758 5217 816 5263 nl
878 5211 998 5280 ejus
1052 5209 1366 5279 falsiloquio
1405 5209 1631 5264 modum
1686 5210 1968 5280 imponas,
2015 5218 2072 5265 et

503 5303 804 5362 Illustribus
837 5299 1109 5372 praefectis
1143 5302 1495 5372 persuadeas,
1545 5310 1607 5356 ut
1643 5309 1818 5356 ratam
1865 5302 2070 5357 faciant

494 5394 842 5456 sententiam,
909 5392 1074 5463 quani
1125 5394 1271 5464 juste
1317 5409 1380 5448 ac
1421 5394 1657 5465 benigne
1696 5395 2065 5462 protulerunt.

494 5483 702 5537 Revera
729 5481 878 5535 enim
911 5481 1293 5552 gravissimam
1345 5497 1513 5553 supra
1546 5498 1739 5537 omnes
1766 5484 2064 5553 provinciae

490 5573 741 5629 civitates
767 5572 927 5642 110
947 5572 1427 5644 7descriptionem
1445 5575 1640 5630 civitas
1668 5583 1854 5629 nostra
1869 5579 1884 5593 '
1907 5591 2066 5645 passa

2177 4575 2450 4646 ἡμετέρας
2477 4577 2835 4648 πρωτεύοντα
2871 4579 3101 4645 πόλεως,
3149 4583 3242 4636 καὶ
3279 4586 3547 4658 γαλήνης
3574 4589 3665 4641 διὰ
3692 4588 3788 4656 τὴν

2175 4674 2273 4745 τῆς
2309 4675 2411 4746 σῆς
2437 4676 2719 4746 ὁσιότητος
2743 4679 3063 4744 ἀπολαύσας
3090 4683 3433 4753 κηδεμονίαν
3458 4727 3473 4750 ,
3509 4687 3627 4742 τῶν
3658 4689 3786 4758 ὑμε-

2173 4775 2348 4846 τέρων
2406 4777 2696 4848 εὐφημιῶν
2747 4781 2848 4844 τὰς
2891 4782 3164 4855 ἡμετέρας
3211 4785 3534 4858 ἐνέπλησεν
3593 4793 3785 4852 ἀκοάς.

2173 4875 2318 4929 Ἀλλ’
2341 4877 2558 4947 ἐκείνην
2575 4879 2792 4934 ἅπασαν
2810 4885 2908 4954 τὴν
2934 4885 3168 4955 σπουδὴν
3188 4887 3216 4939 6
3234 4887 3658 4954 εὑλαὸέστατος
3677 4891 3786 4963 (55)

2176 4979 2204 5030 ό
2235 4977 2382 5031 δεῖνα
2421 4978 2694 5051 ἄχρηστον
2739 4983 3018 5054 ἀποφῆναι
3055 4990 3333 5059 πειρᾶται,
3379 4995 3490 5062 τὴν
3542 4994 3656 5065 πρὸ
3701 4992 3788 5046 δύο

2175 5077 2269 5130 καὶ
2299 5077 2430 5131 δέκα
2478 5080 2590 5151 (54)
2623 5081 2759 5135 ἐτῶν
2805 5085 3070 5150 πολλάκις
3108 5091 3504 5164 γεγενημένην
3551 5093 3790 5164 ἐποψίαν

2171 5177 2270 5247 τῆς
2307 5177 2490 5251 χώρας
2516 5183 2894 5250 συκοφαντῶν,
2927 5187 3020 5239 καὶ
3051 5188 3395 5259 κατηγορίαν
3435 5172 3790 5261 ἀναδεξάμε-

2173 5295 2263 5340 νος
2289 5279 2409 5332 οὑδέ
2452 5283 2564 5343 τοῖς
2606 5284 2874 5339 ἐπιεικέσι
2911 5287 3019 5341 τῶν
3073 5290 3435 5361 ἀνδραπόδων
3476 5295 3790 5367 ἁρμόττου-

2179 5397 2296 5434 σαν.
2335 5381 2497 5435 Ἀλλά
2543 5400 2634 5436 σου
2670 5385 2860 5457 δέομαι
2912 5390 3011 5460 τῆς
3044 5392 3197 5461 ἱερᾶς
3241 5394 3530 5466 κεφαλῆς,
3577 5398 3790 5451 παῦσαι

2179 5480 2279 5550 μὲν
2317 5482 2418 5552 τὴν
2459 5485 2666 5538 ἐκείνου
2697 5487 3067 5559 ψευδολογίαν,
3102 5497 3286 5548 πεῖσαι
3319 5493 3384 5548 δὲ
3425 5499 3567 5562 τοὺς
3620 5501 3794 5570 ὑπερ-

2177 5577 2464 5652 λάμπρους
2489 5584 2765 5655 ὑπάρχους
2795 5587 3060 5658 κρατῦναι
3084 5591 3180 5662 τὴν
3207 5594 3420 5664 ψῆφον,
3456 5597 3528 5668 ἣν
3561 5598 3793 5657 ἐνδίκως

704 5709 1000 5827 tagione-no;
1033 5710 1184 5793 addit
1212 5712 1380 5782 Neap.
1426 5723 1482 5768 et
1509 5713 1686 5770 Vatic.
1725 5712 1870 5783 apud
1911 5713 2080 5768 Baren

744 5795 843 5830 ,κα
869 5779 963 5834 καὶ
993 5779 1106 5833 δυο.
1139 5782 1307 5839 Neap.

2187 5732 2210 5770 ιι
2242 5717 2308 5772 ad
2336 5735 2465 5774 ann.
2499 5723 2561 5777 tl.
2589 5723 2714 5789 444,
2751 5733 2788 5779 ι.
2823 5726 2911 5791 Vl,
2937 5743 2990 5798 p.
3025 5729 3095 5783 27
3125 5745 3277 5801 seqq.

711 5776 843 5830 δέκα
869 5779 963 5834 καὶ
993 5779 1106 5833 δύο.
1139 5782 1307 5852 Neap.
