4056 6426
385 367 529 434 1225

1795 365 2155 428 EPISTOLA
2189 368 2260 431 L.

3518 367 3654 434 1226

383 492 480 547 καὶ
507 488 906 561 φιλανθρώπως
953 486 1273 557 ἐξήνεγκαν.
1310 484 1401 555 Τῷ
1431 484 1544 537 δντι
1579 482 1688 554 γὰρ
1727 482 1958 555 papa-rd.

2068 497 2127 537 sa
2154 474 2355 549 est;'et
2394 498 2520 537 eum
2555 484 2810 539 relevata:
2839 483 3049 540 fuerint
3093 484 3320 555 singulae
3375 484 3647 549 civitates,

382 602 485 655 την
517 583 621 653 μὲν
656 583 984 652 ἀπογραφὴν
1007 581 1146 652 ὑπὲρ
1180 579 1362 642 πάσας
1401 577 1500 647 τῆς
1544 573 1815 647 ἐπαρχίας
1866 574 1968 638 τὰς

384 676 569 740 πόλεις
595 678 628 746 ἡ
661 677 906 747 ἡμετέρα
948 673 1105 736 πόλις
1146 669 1400 735 ἐδέξατοο
1453 667 1636 747 πάσης
1666 665 1722 719 δὲ
1762 666 1970 729 πόλεως

382 740 797 837 κουφισθείσης,
837 740 1161 836 ’μεμένηκεν
1215 760 1353 832 αὕτη
1399 740 1561 830 μέῖρι
1595 757 1691 812 καὶ
1728 757 1969 828 τήμερον

383 858 527 930 ὑπὲρ
560 856 621 923 ἕξ
646 857 921 929 μυριάδων
954 857 1050 911 καὶ
1088 853 1363 924 δισχιλίων
1394 850 1726 921 εἰσφέρουσα
1765 846 1967 917 ζυγῶν.

392 949 526 1019 ὐψὲ
549 949 607 1003 δέ
638 965 768 1002 ποτε
790 947 943 1019 μόλις
969 946 1287 1010 πεισθέντες
1310 945 1360 998 oi
1403 943 1496 997 τὸν
1526 941 1734 1013 ὑψηλὸν
1759 942 1970 996 ἐκεῖνον

382 1040 576 1111 θρόνον
617 1039 893 1110 λαχόντες,
940 1040 1184 1100 ἐπόπτας
1226 1036 1329 1107 τῆς
1378 1033 1564 1107 χώρας
1610 1034 1965 1089 ἀπέστειλαν·

378 1132 477 1185 καὶ
504 1130 603 1203 τὴν
636 1134 767 1202 παρ’
804 1131 1028 1185 ἐκείνων
1057 1126 1470 1199 ὲκπεμφθεῖσαν
1509 1125 1712 1195 γνῶσιν
1750 1123 1969 1189 ἐδέξατο

383 1223 483 1293 μὲν
522 1222 737 1294 πρῶτος
775 1224 805 1276 ὁ
839 1222 941 1291 τῆς
980 1218 1435 1291 μεγαλοπρεποῦς
1489 1217 1711 1288 μνήμης
1774 1213 1971 1267 Ἰσίδωο

382 1330 503 1385 ρος,
531 1311 832 1365 ἐϐεϐαίωσε
854 1312 912 1365 δὲ
936 1313 964 1364 ὁ
987 1310 1332 1375 ἐνδοξότατος
1363 1308 1460 1362 καὶ
1495 1306 1840 1377 φιλόχριστος
1868 1301 1965 1356 xti-

382 1422 499 1474 ριος
528 1403 881 1474 Φλωρέντιος.
930 1399 1427 1473 ’Δκριὸέστερονδὲ
1473 1400 1654 1453 πᾶσαν
1692 1396 1791 1468 τὴν
1836 1393 1968 1448 ὑπό-

379 1499 532 1550 θεσιν
560 1495 824 1561 ἐξετάσας
861 1497 889 1549 ὁ
909 1494 1005 1550 νῦν
1044 1494 1248 1558 ταύτας
1272 1493 1520 1564 κατέχων
1545 1490 1645 1555 τὰς
1671 1489 1851 1561 ἡνίας,
1874 1484 1968 1542 καὶ

377 1586 697 1659 δικαιοσύνῃ
732 1587 823 1641 τὸν
874 1587 1060 1667 θρόνον
1111 1587 1358 1659 κοσμῶν,
1413 1584 1719 1657 βασιλικαῖς
1760 1579 1967 1650 ταύτην

378 1677 628 1748 ἐκύρωσε
662 1679 883 1748 ψήφοις.
916 1680 976 1732 '0
991 1679 1047 1733 δὲ
1071 1677 1375 1749 φιλαλήθης
1394 1676 1557 1748 ἀνὴρ,
1590 1674 1681 1729 διὰ
1702 1671 1801 1743 τὴν
1830 1669 1967 1742 πρὸς

376 1767 479 1822 ἕνα
504 1768 847 1840 δυσμένειαν,
872 1768 964 1824 τὸν
992 1769 1359 1839 περίϐλεπτον
1391 1768 1537 1836 λέγω
1568 1764 1857 1825 Φίλιππον,
1876 1760 1967 1813 τὸν

2073 574 2337 628 remansit
2360 573 2477 644 ipsa
2496 591 2670 644 usque
2707 576 2762 629 in
2815 575 2965 630 hunc
2989 575 3135 630 diem
3179 576 3306 646 jnga
3358 576 3656 633 conferens

2074 678 2240 734 supra
2268 665 2547 737 sexaginta
2565 665 2674 721 duo
2700 665 2891 721 millia.
2928 667 3030 722 Vix
3058 666 3278 723 tandem
3310 675 3493 722 autem
3523 683 3654 739 per-

2073 754 2220 809 suasi
2247 756 2342 825 qui
2376 756 2650 811 excelsam
2681 757 2868 831 sedem
2906 758 3053 825 illam
3086 757 3371 829 regebant,
3412 758 3665 830 regionis

2074 844 2425 916 inspectores
2448 848 2810 919 delegarunt:
2866 852 3197 921 missamque
3242 851 3311 905 ab
3368 852 3456 907 his
3509 853 3655 907 noti-

2066 936 2209 991 tiam
2237 938 2450 1007 primus
2468 938 2723 1008 probavit
2754 940 3058 1011 magniﬁca:
3078 944 3358 999 memoria:
3383 944 3651 1010 Isidorus,

2072 1026 2424 1083 confirmavit
2450 1040 2633 1085 autem
2659 1029 3091 1102 gloriosissimus
3138 1041 3193 1087 et
3216 1031 3422 1089 Christi
3460 1050 3651 1089 amans

2074 1115 2334 1172 dominus
2386 1117 2736 1174 Florentius:
2775 1121 3086 1175 accuratius
3138 1137 3356 1192 quoque
3392 1137 3509 1177 rem
3564 1130 3653 1178 to-

2073 1217 2182 1263 tam
2217 1210 2538 1266 examinans
2569 1212 2664 1282 qui
2722 1228 2871 1268 nunc
2914 1213 3136 1268 easdem
3184 1214 3430 1270 habenas
3476 1223 3649 1281 tenet,

2071 1299 2370 1369 sedemque
2431 1310 2593 1357 ornat
2622 1304 2858 1374 justitia,
2888 1304 3040 1375 regio
3072 1305 3223 1359 illam
3270 1305 3492 1361 decreto
3524 1322 3655 1362 con-

2089 1392 2379 1450 stabilivit.
2424 1394 2496 1450 At
2545 1396 2790 1464 viriste,
2826 1398 3077 1453 veritatis
3123 1406 3371 1463 amator,
3428 1409 3656 1468 propter

2070 1478 2260 1539 odium
2305 1502 2416 1557 quo
2450 1504 2621 1543 unum
2662 1491 3038 1561 prosequitur,
3095 1491 3454 1561 spectabilem
3502 1491 3658 1546 vide-

2070 1575 2200 1632 licet
2221 1577 2558 1649 Philippum,
2583 1580 2849 1637 adversus
2888 1597 3161 1652 pauperes
3207 1582 3413 1637 bellum
3466 1597 3657 1639 susce-

2069 1666 2170 1737 pit.
2205 1666 2389 1734 Quare
2416 1669 2766 1726 sanctitatem
2833 1682 2983 1727 tuam
3008 1686 3109 1727 oro
3139 1680 3201 1726 ut
3221 1671 3424 1741 iniqua:
3449 1671 3654 1744 lingua

2069 1763 2220 1814 tuam
2235 1774 2502 1831 oppones,
2530 1770 2587 1818 et
2628 1763 3001 1836 impugnatam
3033 1765 3326 1821 veritatem
3358 1764 3649 1831 defendas,

375 1856 524 1910 κατά
555 1857 664 1910 τῶν
694 1859 945 1929 πενήτων
975 1858 1265 1924 ἀνεδέξατο
1295 1858 1553 1928 πόλεμον.
1586 1848 1664 1909 Οὖ
1698 1852 1763 1922 δὴ
1810 1849 1958 1922 χάρικ

2068 1858 2238 1919 atque
2288 1852 2431 1908 hanc
2496 1854 2930 1925 insuperabilem
2991 1871 3113 1913 esse
3159 1856 3539 1924 demonstres,
3591 1864 3653 1914 et

375 1946 477 2017 τὴν
525 1948 623 2016 σὴν
673 1949 981 2020 ἁγιωσύνην
1006 1948 1296 2012 ἀντιϐολῶ,
1350 1946 1634 2011 ἀντιτάξαι
1680 1946 1749 2015 τῇ
1796 1939 1966 2010 ἀδίκῳ

2074 1938 2348 1995 mendacii
2375 1943 2677 1999 vanitatem
2695 1944 3010 2014 patefacias.

375 2042 595 2116 γλώττῃ
626 2043 725 2115 τὴν
755 2043 970 2099 δικαίαν
1002 2061 1096 2097 σου
1159 2044 1408 2112 γλῶτταν
1428 2082 1445 2106 ,
1511 2043 1608 2095 καὶ
1638 2040 1737 2109 τῆς
1770 2034 2032 2106 ἀληθείας
2068 2034 2486 2109 πολεμουμένης
2523 2039 2918 2112 ὑπερασπίσαι,
2961 2043 3057 2097 καὶ
3087 2043 3292 2116 ταύτης
3339 2048 3438 2117 μὲν
3477 2044 3651 2112 δεῖξαι

373 2138 440 2192 τὸ
472 2138 682 2208 ἄμαχον
709 2178 723 2199 ,
764 2137 858 2191 τοῦ
888 2135 943 2190 δὲ
962 2136 1190 2207 ψεύδους
1224 2136 1442 2204 ἐλέγξαι
1470 2134 1531 2188 τὸ
1564 2134 1816 2205 μάταιον.

551 2252 690 2308 Mll'.
722 2282 793 2293 —
811 2253 1123 2318 Εὑσταθίῳ
1155 2251 1470 2318 ὲπισκόπφ
1490 2245 1779 2318 Βηρυτοῦ.

447 2362 719 2433 Δέδεγμαι
745 2363 845 2432 τὴν
876 2362 1217 2434 κατηγορίαν
1249 2360 1525 2429 ἀσμένως,
1562 2357 1742 2413 καίτοι
1780 2354 1960 2409 διαλῦ-

374 2474 470 2512 σαι
504 2457 704 2528 ῥᾳδίως
733 2457 1032 2528 δυνάμενος
1047 2456 1149 2525 τὴν
1179 2455 1420 2526 γραφήν.
1466 2450 1726 2523 Ἔγραψα
1755 2449 1863 2521 γὰρ
1896 2448 1959 2503 οὐ

376 2551 500 2620 τρὶς
527 2550 706 2619 μόνον,
730 2549 871 2603 ἀλλὰ
895 2550 990 2603 καὶ
1018 2548 1294 2619 τετράκις.
1320 2547 1477 2601 Δυοίν
1496 2545 1552 2598 δὲ
1574 2544 1802 2615 θάτερον
1827 2544 1960 2595 ὐπο-

375 2641 601 2696 πτεύω·
633 2641 666 2711 ἢ
696 2642 822 2703 τοὺς
854 2641 922 2693 τὰ
946 2640 1261 2711 γράμματα
1303 2636 1553 2709 κομίζειν
1586 2633 1960 2706 ὑπισχνουμέ-

374 2748 503 2796 νους
526 2733 654 2802 περὶ
677 2731 774 2804 τὴν
795 2732 1052 2785 ἀπόδοσιν
1080 2731 1306 2797 ἀδικεῖν,
1337 2731 1371 2802 ἢ
1395 2729 1493 2801 τὴν
1517 2728 1618 2800 σὴν
1649 2725 1961 2780 θεοσέϐειαν

370 2823 676 2894 δεχομένην
695 2861 711 2885 ,
747 2819 865 2876 εἶτα
896 2824 1158 2878 πλειόνων
1200 2821 1580 2894 ὀριγνωμένην
1603 2859 1618 2884 ,
1676 2816 1960 2891 ῥᾳστώνης

374 2914 501 2968 καθ’
526 2916 683 2986 ήμῶν
712 2916 959 2984 ὑφαίνειν
984 2917 1224 2986 γραφήν.
1271 2914 1424 2986 Ἐμὲ,
1447 2914 1521 2977 ὡς
1539 2911 1697 2984 ἔφην,
1729 2912 1831 2966 οὐκ
1857 2911 1958 2965 ἀλ-

373 3006 534 3075 γύνει
560 3008 622 3061 τὸ
663 3008 1031 3079 κατηγόρημα
1057 3025 1068 3036 ·
1106 3007 1332 3078 φίλτρου
1358 3008 1468 3077 γὰρ
1500 3003 1836 3079 ὲμπύρευμά
1865 3019 1956 3072 μοι

371 3096 700 3168 παραδηλοῖ.
736 3098 899 3168 Ἔχου
926 3097 1106 3151 τοίνυν
1133 3099 1234 3168 τῆς
1260 3097 1458 3169 τέχνης
1478 3136 1494 3161 ,
1533 3095 1626 3150 καὶ
1655 3093 1731 3168 μὴ
1772 3093 1956 3163 παύσῃ

2278 2244 2512 2301 XLVIII.
2545 2278 2615 2287 —
2640 2252 2921 2306 Eustathio
2952 2253 3191 2322 episcopo
3231 2251 3433 2323 Beryti.

2141 2360 2569 2419 Aceusationem
2597 2379 2757 2434 aequo
2785 2363 2971 2419 animo
3013 2365 3224 2436 accepi,
3278 2365 3385 2420 etsi
3437 2367 3648 2423 crimen

2066 2462 2314 2523 poteram
2345 2455 2499 2521 nullo
2531 2455 2755 2527 negotio
2780 2457 3054 2512 refellere.
3094 2457 3301 2528 Scripsi
3346 2458 3495 2513 enim
3533 2475 3646 2514 non

2066 2552 2150 2599 ter
2194 2545 2377 2613 modo,
2439 2562 2633 2601 verum
2681 2548 2850 2603 etiam
2904 2557 3121 2618 quater.
3168 2542 3421 2603 Duorum.
3460 2559 3645 2605 autem

2065 2637 2300 2693 alterum
2332 2638 2605 2709 suspicor,
2657 2640 2743 2695 vel
2787 2655 2885 2695 eos
2919 2640 3013 2712 qui
3041 2639 3258 2695 litteras
3286 2640 3649 2711 perferendas

2065 2737 2411 2798 receperant,
2462 2745 2575 2786 non
2625 2731 2910 2787 reddendo
2964 2732 3222 2803 injuriam
3270 2731 3488 2798 fecisse,
3558 2735 3645 2789 vel

2064 2820 2326 2891 pietatem
2351 2830 2525 2888 tuam,
2550 2822 2638 2878 his
2664 2823 2925 2893 acceptis,
2944 2823 3091 2894 quod
3122 2824 3309 2894 plures
3339 2823 3642 2889 desideret,

2068 2911 2422 2983 negligentia:
2452 2913 2616 2969 nobis
2661 2914 2839 2968 dicam
2868 2915 3195 2986 impingere.
3246 2914 3329 2969 Me
3390 2931 3545 2981 vero,
3584 2926 3647 2971 ut

2066 3004 2201 3069 dixi,
2242 2994 2369 3060 non
2397 3005 2550 3076 angit
2601 3006 2911 3061 accusatio:
2948 3005 3271 3077 flagrantem
3314 3007 3462 3061 enim
3505 3008 3644 3064 mihi

2065 3111 2310 3151 amorem
2344 3096 2569 3152 indicat.
2619 3095 2967 3168 Quapropter
2998 3106 3114 3153 arte
3163 3098 3243 3153 uti
3306 3114 3490 3170 perge,
3540 3116 3645 3154 nec

370 3189 746 3261 γραφόμενος,
780 3189 875 3244 καὶ
897 3190 998 3260 τὴν
1020 3189 1277 3245 ἐντεῦθεν
1312 3191 1448 3261 ήμῖν
1488 3186 1957 3260 πραγματευόμε-

2064 3185 2255 3241 desine
2307 3202 2586 3253 accusare,
2628 3196 2683 3242 et
2714 3204 2878 3258 quam
2911 3188 3039 3244 inde
3090 3190 3339 3260 capimus
3394 3192 3645 3263 volupta-

368 3297 465 3345 νος
501 3264 718 3353 ἡδονήν.

551 3411 689 3467 MB'.
737 3442 808 3455 --
836 3410 1108 3481 Δαμιανῷ
1143 3411 1457 3476 ἐπισκόπῳ
1496 3408 1775 3473 Σιδῶνος.

443 3526 530 3578 Τὰ
564 3523 849 3597 κάτοπτρα
881 3523 989 3578 τῶν
1015 3522 1354 3595 είσορὼντων
1376 3524 1476 3585 τὰς
1508 3520 1659 3591 ὄψεις
1692 3519 1959 3590 ἐκμάττε-

368 3616 503 3671 σθαι
555 3616 819 3685 πέφυκεν.
873 3616 936 3668 Οἱ
987 3614 1170 3667 τοίνυν
1212 3616 1293 3677 εἰς
1326 3613 1504 3668 ταῦτα
1533 3611 1824 3684 βλέποντες
1856 3608 1956 3673 τὰς

362 3708 581 3771 οἰκείας
606 3705 776 3779 ὁρῶσι
820 3705 1053 3777 μορφάς.
1085 3704 1262 3760 Tauro
1296 3704 1352 3757 δὲ
1380 3703 1541 3758 τοῦτο
1583 3702 1678 3757 καὶ
1705 3703 1763 3755 αί
1793 3701 1955 3774 κόραι

366 3799 590 3854 ποιοῦσι
621 3798 731 3852 τῶν
764 3797 1059 3868 ὀφθαλμῶν
1081 3814 1095 3828 ο
1135 3798 1262 3860 τοὺς
1288 3796 1399 3867 γὰρ
1430 3794 1746 3866 ἀλλοτρίους
1782 3809 1959 3865 χαρα-

360 3890 583 3959 κτῆρας
612 3890 669 3942 ἐν
704 3889 923 3951 ἑαυταῖς
952 3885 1272 3940 ὲκτυποῦσι.
1322 3884 1545 3939 Τοιοῦτό
1573 3901 1626 3937 τι
1675 3883 1772 3936 καὶ
1820 3884 1854 3953 ή
1888 3880 1957 3953 σή

362 3978 640 4034 πέπονθεν
677 3978 911 4049 ὁσιότης.
938 3977 1017 4032 0-3
1048 3976 1157 4048 γὰρ
1177 3977 1238 4030 τὸ
1268 3975 1540 4046 ἡμέτερον
1569 3974 1818 4045 ἑώρακεν
1842 3972 1955 4026 είδ-

360 4067 550 4138 εχθὲς,
580 4066 716 4121 ἀλλά
737 4067 835 4139 τὴν
861 4067 1070 4120 οἰκείαν
1095 4065 1246 4135 ῶραν
1276 4063 1414 4118 εἶδεν
1438 4064 1535 4118 καὶ
1580 4061 1953 4132 τεθαύμακεν.

377 4158 541 4229 Ἐμοὶ
567 4157 677 4230 γὰρ
705 4158 857 4212 οὐδὲν
888 4157 1113 4211 ἐκείνων
1135 4151 1211 4211 ὢν
1244 4157 1478 4226 εἴρηκας
1503 4154 1818 4224 πρόσεστιν.
1847 4150 1951 4205 Εὖ-

359 4268 539 4325 χομαι
560 4251 616 4305 δὲ
639 4253 789 4321 ὅμως
813 4251 939 4310 τοὺς
970 4250 1159 4318 λόγους
1176 4249 1422 4311 ἐκείνους
1453 4244 1819 4325 εεϐαιωθῆναι
1836 4246 1954 4307 τοῖς

360 4312 583 4416 ἔργοις*
612 4312 878 4396 ἀντιϐολῶ
902 4340 962 4393 δὲ
993 4312 1089 4393 καὶ
1113 4339 1213 4403 τὴν
1242 4338 1343 4408 σὴν
1372 4312 1653 4406 φιλδθεϊαν
1706 4312 1950 4406 ἐπαρκέ-

365 4455 461 4492 σαι
488 4439 607 4497 ταῖς
638 4436 986 4506 προσευχαῖς,
1019 4434 1107 4488 ἵνα
1137 4432 1213 4504 μὴ
1246 4430 1557 4502 χωλεύωσιν
1594 4430 1650 4483 αί
1682 4428 1951 4499 εὐφημίαι

360 4529 468 4600 τῆς
497 4526 754 4599 ἀληθείας
781 4528 1223 4596 γεγυμνωμέναι.

665 4660 748 4715 Ν’.
778 4688 849 4701 -
879 4658 1173 4729 Γεροντίῳ
1202 4656 1651 4729 ἀρχιμανόρίτῃ.

441 4779 803 4851 Ζωγραφοῢσι
825 4778 1088 4841 πολλάκις
1108 4777 1234 4841 τοὺς
1250 4775 1358 4831 τῶν
1379 4774 1566 4846 ψυχῶν
1590 4772 1950 4845 χαρακτῆρας

363 4874 422 4928 οἱ
446 4872 617 4941 λόγοι,
649 4872 743 4925 καὶ
783 4871 883 4934 τὰς
916 4870 1184 4942 ἀοράτους
1223 4868 1451 4922 ἐκείνων
1491 4866 1634 4930 ἰδέας
1667 4863 1950 4919 ἀποκαλύ-

365 4980 629 5019 πτουσιν·
665 4960 854 5032 ὥσπερ
880 4961 1073 5033 ἀμέλει
1101 4961 1195 5015 καὶ
1239 4959 1335 5013 νῦν
1374 4958 1475 5030 τῆς
1524 4958 1627 5025 σῆς
1656 4958 1953 5022 εὐσεϐείας

360 5056 440 5111 τὰ
470 5056 775 5127 γράμματα
818 5051 920 5122 τῆς
949 5052 1102 5124 ἱερᾶς
1154 5068 1249 5103 σου
1293 5050 1474 5122 ψυχῆς
1514 5049 1799 5119 παρέδωκε
1846 5048 1949 5118 τὴν

364 5147 676 5202 εὐσέὸειαν.
703 5145 778 5199 Τὸ
801 5143 910 5215 γὰρ
937 5142 1270 5214 προσμένειν
1319 5142 1497 5195 έκεῖνο
1532 5141 1593 5194 τὸ
1638 5141 1945 5212 κριτήριον,

367 5242 467 5296 καὶ
515 5238 835 5310 δειμαίνειν,
882 5236 977 5290 καὶ
1033 5234 1363 5305 συνηγόρους
1418 5235 1798 5302 περισκοπεῖν,
1851 5232 1949 5285 καὶ

367 5332 729 5405 προῦφαίνειν
753 5328 1073 5400 ἀπολογίαν,
1109 5327 1368 5398 κηρύττει
1400 5323 1587 5393 σαφῶς
1616 5326 1718 5396 τῆς
1765 5323 1948 5394 ψυχῆς

368 5428 471 5499 τὴν
503 5424 729 5498 περὶτὰ
762 5423 882 5477 θεῖα
921 5419 1180 5490 σπουδήν.
1222 5418 1415 5489 Ὶιμεῖς
1454 5417 1510 5470 δὲ
1559 5414 1750 5477 νωθεῖς
1799 5431 1949 5479 τινες

370 5517 467 5571 καὶ
493 5513 742 5583 ὑπνηλοὶ,
765 5512 860 5566 καὶ
891 5507 1142 5583 ῥᾳστώνῃ
1174 5504 1664 5577 συντεθραμμένοι,
1697 5506 1793 5558 καὶ
1816 5503 1949 5558 πολ-

369 5605 469 5677 λῆς
502 5602 820 5675 προσευχῶν
848 5600 1169 5672 ἐπικουρίας
1194 5598 1457 5670 δεόμενοι.
1498 5597 1724 5671 ὐρεξον
1764 5596 1948 5652 τοίνυν

371 5697 600 5761 ταύτας,
651 5693 1054 5764 θεοφιλέστατε,
1086 5691 1172 5747 ἵνα
1211 5690 1597 5755 διαναστάντες
1636 5689 1732 5744 νῦν
1791 5691 1943 5762 γοῦν,

374 5786 687 5859 ἐπιμέλειάν
724 5801 846 5838 τινα
877 5784 977 5853 τῆς
1010 5782 1189 5853 ψυχῆς
1216 5782 1594 5853 ποιησώμεθα.

610 5881 879 5944 Ριιτιιοι..
923 5879 1038 5941 Gn.
1083 5877 1396 5942 LXXXIII.

1981 4524 2028 4580 D

2066 3284 2176 3330 tem
2208 3277 2430 3333 elicere.

2171 3409 2387 3481 1108
2406 3409 2596 3466 XLIX.
2623 3443 2692 3452 ——
2716 3412 2984 3468 Damiano
3015 3417 3255 3488 episcopo
3291 3416 3526 3473 Sidonis,

2147 3521 2339 3578 Solent
2363 3524 2586 3594 specula
2627 3523 2960 3581 intuentium
3011 3527 3198 3583 vultus
3222 3542 3636 3599 repraesentare.

2060 3613 2251 3684 Itaque
2274 3615 2368 3684 qui
2396 3615 2587 3670 oculos
2616 3614 2673 3669 in
2700 3615 2793 3671 illa
2826 3617 3150 3689 conjiciunt,
3204 3634 3331 3674 suas
3375 3621 3480 3690 ipsi
3528 3621 3643 3677 for-

2060 3721 2180 3761 mas
2209 3706 2418 3763 vident.
2448 3707 2565 3763 Hoc
2592 3707 2738 3763 idem
2765 3709 2933 3766 etiam
2958 3718 3223 3781 praestant
3243 3712 3465 3782 pupillae
3501 3727 3640 3768 ocu-

2057 3797 2275 3864 lorum;
2319 3798 2528 3855 alienas
2574 3799 2777 3870 quippe
2838 3799 3040 3871 ﬁguras
3094 3801 3150 3855 in
3181 3816 3239 3856 se
3290 3801 3425 3872 ipsis
3456 3805 3641 3874 expri-

2058 3898 2234 3944 munt.
2261 3889 2395 3945 Tale
2425 3890 2711 3962 quidpiam
2736 3892 2923 3948 evenit
2950 3899 3007 3948 et
3041 3893 3320 3949 sanctitati
3351 3902 3476 3949 tuae.
3516 3895 3637 3950 Non

2058 3979 2206 4036 enim
2234 3980 2640 4038 deformitatem
2692 3992 2936 4038 nostram
2985 3983 3302 4053 conspexit:
3352 3983 3447 4039 sed
3479 4000 3634 4040 suam

2060 4073 2233 4143 ipsius
2280 4074 2754 4143 pulchritudinem
2776 4076 2918 4130 vidit
2971 4084 3029 4130 et
3056 4075 3325 4131 admirata
3353 4086 3457 4133 est.
3497 4078 3635 4135 Nam

2057 4164 2193 4218 mihi
2226 4165 2451 4235 quidem
2478 4166 2619 4221 nihil
2648 4181 2844 4222 eorum
2866 4167 3011 4221 inest
3041 4182 3163 4237 quae
3197 4168 3406 4223 vidisti.
3457 4169 3635 4241 Cupio

2057 4266 2239 4313 tamen
2267 4257 2437 4313 verba
2485 4258 2591 4313 ista
2647 4258 2816 4314 rebus
2870 4257 3206 4323 confirmari,
3260 4260 3634 4331 pietatemque

2058 4358 2205 4405 tuam
2226 4365 2344 4412 oro,
2379 4358 2441 4405 ut
2470 4348 2731 4420 precibus
2769 4347 2992 4415 efﬁciat,
3029 4366 3101 4405 ne
3150 4350 3461 4407 claudicent
3507 4352 3628 4407 lau-

2056 4442 2154 4497 des
2184 4442 2418 4497 veritate
2448 4440 2744 4496 destituta).

2362 4668 2423 4722 L.
2455 4696 2526 4707 -—
2550 4674 2566 4687 '
2600 4664 2851 4722 Gerontio
2868 4664 3325 4719 archimandritae.

2127 4783 2449 4840 Animarum
2502 4790 2663 4837 notas
2691 4793 3073 4851 sarpenumero
3122 4776 3386 4848 exprimit
3432 4781 3631 4845 oratio,

2054 4887 2110 4934 et
2133 4879 2310 4933 visum
2346 4874 2619 4948 fugientes
2640 4874 2858 4929 illarum
2901 4873 3119 4929 formas
3149 4873 3451 4944 patefacit:
3487 4874 3634 4929 sicut

2057 4983 2204 5023 nunc
2232 4966 2484 5037 profecto
2517 4963 2793 5035 religiosa:
2819 4963 3017 5019 littera:
3052 4971 3157 5018 tuae
3184 4964 3446 5033 pietatem
3476 4972 3628 5019 tuam

2054 5061 2447 5116 exhibuerunt.
2476 5057 2696 5114 Etenim
2734 5057 2976 5113 tribunal
3010 5056 3145 5111 illud
3186 5066 3533 5127 exspectare,
3574 5066 3633 5112 et

2055 5150 2272 5215 timere,
2299 5158 2354 5204 et
2389 5149 2687 5204 advocatos
2712 5163 2986 5217 (puer-ere,
3024 5158 3078 5203 et
3126 5147 3506 5204 defensionem
3534 5162 3630 5216 pa-

2055 5256 2197 5304 rare,
2257 5240 2550 5296 sollicitam
2598 5237 2668 5293 de
2702 5238 2872 5293 rebus
2906 5238 3110 5293 divinis
3161 5239 3400 5293 animam
3440 5247 3628 5308 aperte

2055 5334 2459 5389 demonstrant.
2488 5331 2600 5387 Nos
2652 5345 2786 5387 vero
2829 5346 3025 5402 segnes
3057 5340 3114 5384 et
3168 5327 3520 5391 somnolenti,
3560 5342 3626 5381 ac

2052 5426 2265 5482 inertiae
2286 5425 2514 5488 assueti,
2550 5431 2608 5479 et
2634 5439 2837 5497 magno
2869 5436 3097 5494 precum
3133 5419 3340 5475 auxilio
3373 5425 3623 5489 egentes.

2050 5513 2231 5581 Quare
2275 5511 2374 5569 has
2407 5513 2571 5568 nobis
2625 5513 2939 5584 suppedita,
2988 5510 3085 5565 Dei
3121 5506 3519 5568 amantissime,
3562 5518 3624 5562 ut

2050 5621 2199 5663 nunc
2221 5606 2418 5664 saltem
2450 5607 2776 5679 evigilantes
2798 5605 3034 5675 aliquam
3063 5602 3259 5655 anima:
3311 5612 3499 5654 curam
3519 5612 3605 5673 ge-

2049 5712 2254 5755 ramus.

3162 5874 3234 5939 39
