4056 6426
487 367 622 435 122'?

887 483 972 537 LI.
1001 515 1069 522 —-
1101 483 1302 555 Agapto
1329 484 1628 554 presbytero
1694 502 1700 505 '

558 596 895 649 Admiranda
953 595 1174 664 quidem
1214 605 1341 649 sunt
1390 596 1506 665 ipsa
1564 611 1661 664 per
1692 609 1749 648 se
1800 593 2058 663 praeclara

483 700 650 753 opera
687 685 939 739 virtutis:
977 685 1074 739 sed
1116 683 1846 759 admirabiliora'videntur,
1874 683 1919 737 si
1949 683 2056 736 lin-

487 790 646 842 guam
683 781 840 827 nacta
907 775 1119 844 1109
1168 775 1296 841 sint,
1328 792 1450 844 quae
1500 783 1694 829 ornate
1738 775 1828 828 illa
1872 771 2056 841 eloqui

488 865 679 933 possit.
716 865 960 928 Quorum
988 874 1244 919 neutrum
1309 867 1483 920 defuit
1533 865 1913 919 amantissimo
1962 864 2057 917 Dei

484 957 743 1024 episeopo
791 956 1018 1010 domino
1063 958 1308 1013 Thom-.e.
1357 960 1492 1013 Nam
1546 968 1602 1013 et
1646 968 1930 1026 susceptos
1960 972 2058 1026 pro

484 1050 687 1116 pietate
722 1049 937 1102 labores
965 1049 1080 1119 ipse
1123 1051 1379 1115 contulit,
1433 1059 1490 1104 et
1518 1067 1639 1120 qua:
1701 1049 1916 1103 labores
1959 1063 2058 1117 pro

486 1140 754 1208 dignitate
835 1140 1123 1203 laudaret,
1187 1142 1498 1210 religiosam
1567 1141 1761 1194 habuit
1815 1139 2056 1208 linguam

487 1241 660 1284 luam.
697 1232 851 1284 Illum
893 1248 1024 1284 vero
1058 1249 1157 1286 nos
1188 1234 1278 1286 tali
1327 1249 1450 1286 cum
1489 1232 1805 1287 testimonio
1835 1229 2059 1284 venien-

485 1330 593 1371 tem
623 1321 861 1373 vidimus
887 1322 1206 1390 jucundius,
1257 1324 1486 1392 ejusque
1535 1321 1688 1375 brevi
1743 1321 1811 1375 ad
1841 1329 2058 1390 tempus

485 1412 568 1462 usi
598 1426 916 1481 congressu,
947 1412 1013 1465 ad
1037 1413 1139 1466 sibi
1166 1414 1512 1468 commissam
1549 1413 1878 1468 dimisimus.

862 1633 972 1687 Lll.
1005 1664 1073 1673 —
1100 1635 1208 1688 Iba:
1237 1636 1472 1706 episcopo
1500 1636 1703 1691 Edesaz.

550 1742 866 1807 Communi,
889 1743 1106 1812 opinor,
1133 1746 1378 1799 oiunium
1405 1747 1565 1800 saluti
1611 1747 1904 1802 consulens
1930 1749 2054 1802 uni-

1478 370 1963 466 THEODORETI
2005 368 2341 428 EPISCOPI
2381 367 2746 428 CYRENSIS

3577 376 3701 444 1228

2472 481 2601 533 NA'.
2633 509 2701 518 —
2746 478 2994 548 Ἀγαπίῳ
3016 479 3416 548 πρεσϐυτέρῳ.

2247 593 2578 661 Ἀξιάγαστα
2631 592 2728 662 μὲν
2777 591 2918 644 αὐτὰ
2969 591 3092 644 καθ’
3123 591 3262 644 αὐτὰ
3294 595 3390 662 τῆς
3415 594 3604 664 ἀρετῆς
3647 599 3707 649 τὰ

2162 681 2590 752 κατορθώματα·
2631 682 3070 756 ᾁξιαγαστότερα
3111 682 3168 735 δέ
3201 683 3444 751 φαίνεται
3484 685 3707 757 γλώττης

2162 773 2509 843 ἐπιτυχόντα,
2544 771 2853 844 διηγεῖσθαι
2885 771 3159 842 λαμπρῶς
3215 771 3352 824 αὐτὰ
3398 773 3708 846 δυναμένης.

2159 861 2379 915 Τούτων
2417 861 2696 932 οὐδετέρου
2739 861 3038 932 διήμαρτεν
3083 863 3112 913 ὁ
3163 860 3565 929 θεοφιλέστατος
3607 865 3713 916 ἐπί-

2162 971 2364 1016 σκοπος
2392 956 2418 1006 ὁ
2475 953 2663 1022 κύριος
2703 952 2938 1022 Θωμᾶς·
2993 951 3131 1005 ἀλλὰ
3176 952 3301 1014 τοὺς
3341 952 3439 1020 μὲν
3469 953 3603 1023 ὑπὲρ
3623 959 3713 1024 τῆς

2161 1045 2441 1108 εὐσεϐείας
2460 1045 2619 1106 αὐτὸς
2642 1043 2953 1113 εἰσενήνοχε
2976 1043 3170 1106 πόνους
3187 1059 3199 1072 ·
3227 1041 3349 1112 ἔσχε
3369 1041 3424 1094 δὲ
3447 1043 3538 1095 καὶ
3559 1043 3716 1112 γλῶτο

2159 1155 2254 1191 ταν
2296 1136 2623 1190 ἐπαινοῦσαν
2681 1134 3014 1199 ἀξίωςκτούς
3063 1135 3282 1198 πόνους,
3320 1133 3420 1202 τῆς
3450 1137 3544 1203 σῆς
3581 1137 3718 1203 φιλοο

2161 1230 2330 1292 θεῒας.
2375 1228 2565 1297 Ἡμεῖς
2591 1227 2648 1279 δέ
2669 1227 2829 1278 αὐτὸν
2850 1225 3000 1294 ἥδιον
3029 1225 3377 1294 ἐθεασάμεθα
3401 1226 3535 1292 μετά
3553 1229 3720 1278 τοιαύο

2159 1339 2259 1390 της
2312 1321 2644 1389 ἀφικόμενον
2675 1319 3012 1389 μαρτυρίας·
3047 1317 3142 1370 καὶ
3188 1317 3322 1387 πρὸς
3363 1317 3540 1384 ὀλίγον
3567 1318 3719 1370 αὐτοῦ

2163 1412 2524 1485 μετασχόντες
2553 1412 2650 1480 τῆς
2700 1410 3008 1473 συνουσίας,
3056 1411 3136 1472 είς
3159 1409 3258 1480 τήν
3305 1409 3724 1479 ἐγχειρισθεῖσαν

2162 1503 2370 1573 προεπέ
2377 1501 2492 1572 μψα
2501 1519 2599 1572 μεν
2625 1502 2757 1570 (55).

2426 1632 2550 1687 NB'.
2589 1664 2658 1672 —
2693 1634 2812 1701 Ἰϐᾳ
2839 1590 3148 1698 ἐπισκόπῳ
3191 1629 3469 1698 Ἐὃέσης.

2229 1749 2565 1820 Τῆςκοινῆς,
2597 1741 2770 1817 οἶμαι,
2796 1743 3247 1816 προμηθούμενος
3272 1745 3546 1818 σωτηρίας
3568 1748 3598 1800 ὁ
3631 1747 3728 1801 τῶν

477 1847 764 1885 versorum
801 1834 941 1888 Deus
979 1836 1318 1890 calamitates
1359 1838 1570 1907 aliquas
1611 1838 1889 1907 aliquibus
1920 1840 2050 1893 irro-

2164 1837 2302 1892 ὅλων
2333 1838 2464 1903 Θεὸς
2509 1836 2797 1908 συμφορὰς
2840 1836 3092 1904 ἐπιφέρει
3125 1836 3235 1888 τισί
3270 1853 3426 1900 τινας
3449 1877 3465 1900 ,
3509 1838 3596 1891 ἵνα
3627 1842 3729 1901 tot;

481 1930 591 1990 gat,
632 1933 693 1976 ut
734 1923 821 1976 his
851 1923 1073 1993 quidem
1101 1927 1195 1996 qui
1226 1935 1526 1996 peccarunt
1559 1929 1864 1983 remedium
1908 1930 2058 1984 salu-

475 2023 596 2068 tare
623 2016 695 2068 sit
717 2017 1014 2086 correptio,
1039 2017 1266 2073 virtutis
1289 2035 1421 2073 vero
1447 2020 1710 2075 studiosis
1739 2022 2059 2077 constantiae

479 2117 886 2178 argumentum,
910 2112 1287 2179 spectantibus
1311 2113 1546 2182 denique
1573 2115 1704 2167 utile
1726 2116 2056 2184 exemplum.

481 2199 731 2254 Solemus
756 2201 902 2254 enim
929 2210 1078 2256 metu
1104 2203 1510 2272 quodammodo
1531 2206 1750 2274 repleri,
1773 2222 1895 2260 cum
1921 2206 2060 2262 alios

478 2291 645 2360 plecti
693 2293 991 2347 cernimus.
1045 2293 1170 2348 Haec
1217 2295 1402 2348 animo
1449 2297 1820 2362 considerans,
1861 2298 2057 2353 Africa:

479 2381 620 2433 mala
672 2397 962 2436 commune
1013 2383 1226 2436 lucrum
1270 2383 1545 2438 existimo.
1595 2385 1837 2439 Primum
1882 2388 2052 2452 enim,

475 2469 765 2540 pristinam
807 2472 1026 2526 illorum
1061 2473 1308 2542 cogitans
1349 2473 1688 2539 felicitatem,
1718 2485 1773 2529 et
1809 2477 2055 2546 repenti-

475 2576 602 2613 nam
662 2562 884 2616 intuens
924 2563 1306 2629 mutationem,
1344 2564 1616 2619 volubiles
1661 2566 1824 2621 video
1872 2583 2056 2622 rerum

475 2651 842 2705 humanarum
875 2653 1287 2718 conversiones,
1316 2663 1372 2708 et
1404 2654 1606 2709 doceor
1641 2671 1744 2710 nec
1782 2658 2057 2726 prosperi-

475 2743 680 2796 tatibus
708 2743 863 2813 quasi
908 2745 1192 2814 perpetuis
1224 2745 1521 2809 confidere,
1555 2761 1656 2799 nec
1698 2747 2056 2802 adversitates

474 2833 930 2888 velut‘molestas
975 2850 1117 2904 aegre
1166 2834 1331 2887 ferre.
1382 2834 1587 2888 Deinde
1633 2835 2052 2890 commissorum

473 2925 801 2978 delictorum
834 2940 1040 2978 renovo
1067 2926 1410 2990 memoriam,
1431 2934 1486 2980 et
1507 2937 1693 2979 metuo
1718 2943 1787 2980 ne
1813 2928 1868 2980 in
1895 2943 2055 2996 pares

471 3033 747 3071 aerumnas
793 3016 1052 3070 incidam.
1095 3017 1251 3072 Nunc
1293 3028 1474 3072 autem
1509 3017 1574 3071 ad
1618 3017 1734 3071 haec
1763 3019 2053 3072 scribenda

472 3126 595 3162 sum
643 3109 942 3177 impulsus,
993 3117 1055 3165 ut
1108 3109 1204 3163 Dei
1248 3110 1684 3164 amantissimum
1733 3112 2050 3179 episcopum

471 3201 806 3272 Cyprianum
857 3200 1128 3255 insinuem
1169 3201 1445 3254 sanctitati
1487 3210 1592 3255 tua:
1626 3219 1638 3254 :
1673 3201 1767 3271 qui
1802 3201 2049 3258 celeber-

475 3294 612 3347 rima
634 3298 647 3310 ‘
675 3301 828 3346 ortus
857 3308 923 3346 ex
953 3292 1155 3354 Africa,
1183 3302 1398 3347 exteras
1423 3308 1548 3348 oras
1581 3293 1874 3348 circumire
1900 3294 2050 3365 cogi-

473 3395 562 3438 tur
606 3393 852 3453 propter
911 3384 1306 3438 immanitatem
1377 3385 1759 3438 Barbarorum.
1816 3384 2052 3440 Litteras

458 3491 636 3544 porro
685 3474 844 3528 nobis
893 3474 1076 3528 attulit
1138 3475 1467 3529 sanctissimi
1521 3475 1735 3544 1110
1781 3475 2048 3544 episcopi,

467 3564 681 3618 domini
734 3565 979 3628 Eusebii,
1013 3565 1105 3634 qui
1139 3565 1454 3619 Galatarum
1506 3573 1723 3635 gentem
1775 3566 2053 3635 sapienter

469 3655 629 3724 regit.
660 3656 817 3709 Hunc
841 3657 998 3710 solita
1029 3656 1410 3711 benevolentia
1440 3665 1729 3726 exceptum
1760 3657 1935 3726 pietas
1956 3666 2050 3712 tla

470 3741 672 3794 litteris
703 3757 921 3810 quoque
960 3743 1075 3797 suis
1113 3743 1181 3796 ad
1219 3743 1376 3806 alios,
1418 3760 1557 3812 quos
1587 3745 1755 3811 volet,
1797 3745 2050 3802 dominos

471 3829 678 3898 Deique
729 3833 1143 3912 [amantissimos
1197 3833 1490 3902 episcopos
1539 3844 1953 3904 prosequatur:
1989 3845 2050 3892 ut

470 3921 756 3989 temporali
787 3923 1008 3990 quidem
1043 3923 1240 3978 solatio
1271 3924 1488 3979 fruatur
1519 3926 1655 3994 ipse,
1693 3927 1838 3983 Deus
1867 3937 2046 3984 autem

468 4011 711 4066 caelestia
738 4013 846 4067 illis
877 4021 933 4067 et
966 4013 1184 4068 stabilia
1212 4015 1430 4084 praemia
1458 4017 1745 4073 retribuat.

642 4339 777 4392 Llfl.
800 4369 869 4378 —
887 4337 1187 4410 Sophronia
1214 4341 1450 4413 episcopo
1477 4341 1858 4398 Constantium.

535 4450 845 4505 Munificam
885 4460 942 4506 et
982 4453 1210 4522 largam,
1241 4453 1354 4509 Deo
1383 4454 1726 4519 charissime,
1762 4455 2042 4510 dexteram

2163 1930 2266 2001 μὲν
2288 1932 2667 2002 ἡμαρτηκόσιν
2689 1927 3010 1994 ἀλεξίκακον
3042 1927 3075 1997 ἡ
3101 1927 3324 1980 παιδεία
3349 1928 3574 1998 γένηται
3600 1929 3730 2000 φάρ-

2162 2038 2359 2092 μακον,
2397 2023 2508 2086 τοῖς
2536 2021 2592 2074 δὲ
2622 2021 2727 2089 τῆς
2752 2019 2954 2091 ἀρετῆς
2990 2018 3256 2090 ἀθληταῖς
3287 2019 3595 2090 καρτερίας
3615 2022 3735 2074 ὑπό-

2159 2113 2328 2178 θεσις,
2359 2116 2470 2174 τοῖς
2495 2110 2551 2163 δέ
2575 2126 2638 2178 γε
2676 2109 2881 2173 ταύτας
2923 2109 3220 2180 θεωμένοις
3263 2109 3585 2179 ἀρχέτυπον
3627 2110 3740 2181 ὁνη-

2162 2205 2405 2273 σιφόρον.
2444 2205 2779 2273 Πεφύκαμεν
2796 2202 2906 2272 γάρ
2933 2219 3053 2265 πως
3081 2201 3554 2271 ἀναπίμπλασθαι
3575 2202 3737 2266 δέους,

2159 2296 2352 2359 ἄλλους
2387 2296 2836 2367 τιμωρουμένους
2862 2294 3117 2365 ὁρῶντες.
3148 2292 3348 2346 Ταῦτα
3378 2293 3738 2364 λογιζόμενος,

2156 2387 2228 2439 τὰ
2256 2387 2354 2457 τῆς
2399 2384 2606 2452 Λιϐύης
2663 2384 2808 2437 κακά
2858 2383 3049 2454 κέρδος
3104 2383 3492 2454 ὑπολαμϐάνω
3550 2385 3738 2439 κοινόν.

2159 2478 2381 2548 Πρῶτον
2424 2478 2521 2546 μὲν
2558 2477 2666 2546 γὰρ
2691 2477 2790 2546 τὴν
2821 2475 3094 2546 προτέραν
3130 2475 3368 2528 ἐκείνων
3412 2475 3739 2545 ἐνθυμούμε-

2157 2587 2246 2632 νος
2274 2568 2596 2640 εὐπραξίαν,
2630 2569 2723 2622 καὶ
2771 2569 2982 2638 βλέπων
3028 2567 3128 2638 τὴν
3164 2567 3384 2636 ἀθρόαν
3418 2566 3736 2636 μεταϐολὴν,

2155 2661 2267 2732 όρῶ
2295 2660 2402 2714 τῶν
2436 2660 2794 2730 ἀνθρωπίνων
2826 2659 3168 2730 πραγμάτων
3191 2657 3298 2721 τὰς
3343 2658 3739 2728 ἀγχιστρόφους

2154 2752 2363 2823 τροπὰς
2390 2792 2404 2816 ,
2450 2753 2543 2805 καὶ
2575 2752 2902 2820 διδάσκομαι
2955 2751 3095 2820 μήτε
3141 2751 3261 2812 ταῖς
3307 2750 3640 2819 εὐημερίαις
3671 2749 3739 2810 ὡς

2154 2841 2400 2912 διαρκέσι
2429 2841 2674 2912 θαρρεῖν,
2715 2841 2851 2910 μήτε
2891 2839 2991 2900 τὰς
3019 2838 3365 2908 δυσκληρίας
3405 2838 3483 2900 ὡς
3507 2837 3741 2908 χαλεπὰς

2153 2931 2550 3002 δυσχεραίνειν.
2574 2927 2708 2984 Εἶτα
2736 2931 2846 2983 τῶν
2885 2929 3462 2999 πεπλημμελημένων
3491 2929 3742 2983 ἀνανεοῦ-

2157 3039 2255 3092 μαι
2282 3021 2379 3091 τὴν
2417 3022 2657 3092 μνήμην,
2682 3021 2776 3074 καὶ
2802 3020 3015 3072 δέδοικα
3038 3019 3111 3090 μὴ
3141 3019 3254 3082 τοῖς
3292 3021 3437 3083 ῐσοις
3469 3020 3744 3091 περιπέσω

2154 3113 2461 3182 παθήμασι.
2505 3111 2691 3166 Ταῦτα
2728 3111 2784 3163 δὲ
2817 3110 3024 3180 γράψαι
3076 3109 3170 3162 νῦν
3221 3111 3619 3179 ἠναγκάσθην,
3654 3111 3740 3162 τὸν

2155 3204 2563 3275 θεοφιλέστατον
2584 3204 2878 3258 ἐπίσκοπον
2913 3200 3230 3274 Κυπριανὸν
3259 3200 3556 3272 γνώριμον
3579 3200 3739 3258 ποιῶν

2152 3301 2219 3369 τῇ
2249 3301 2313 3368 σῇ
2353 3299 2592 3369 ὁσιότητι
2618 3313 2630 3326 ·
2660 3297 2718 3360 ὃς
2745 3297 2982 3369 ὁρμᾶται
3016 3296 3112 3365 μὲν
3135 3296 3197 3347 ἐκ
3224 3294 3332 3365 τῆς
3365 3291 3744 3366 πολυθρυλλή-

2151 3407 2245 3443 του
2279 3389 2514 3459 Λιϐύης,
2549 3389 2896 3459 ἠνάγκασται
2944 3387 3001 3439 δέ
3032 3386 3128 3456 τήν
3172 3384 3345 3456 ξένην
3379 3389 3744 3456 περινοστεῖν,

2151 3481 2240 3534 διὰ
2265 3480 2363 3552 τὴν
2395 3480 2502 3533 τῶν
2537 3479 2828 3551 βαρϐάρων
2860 3477 3137 3545 ὠμότητα.
3172 3475 3510 3545 Γράμματα
3544 3476 3600 3528 δέ
3624 3477 3753 3546 ἡμῖν

2151 3574 2447 3644 κεκόμικεν
2483 3572 2577 3625 τοῦ
2610 3571 2907 3624 ὁσιωτάτου
2933 3569 3236 3621 ἐπισκόπου
3270 3567 3378 3620 τοῦ
3420 3569 3620 3638 κυρίου
3651 3568 3751 3619 Εὐ-

2153 3666 2333 3718 σεϐίου
2367 3665 2500 3735 (56),
2528 3664 2585 3727 ὃς
2616 3663 2676 3716 τὸ
2705 3661 2960 3715 Γαλατῶν
2981 3659 3132 3722 ἔθνος
3163 3658 3340 3713 ἰθύνει
3378 3659 3592 3724 σοφῶς.
3625 3657 3756 3711 Τοῦ-

2149 3775 2239 3812 τον
2272 3757 2412 3828 μετά
2456 3758 2554 3827 τῆς
2587 3755 2852 3826 συνήθους
2899 3751 3308 3823 φιλοφροσύνης
3359 3749 3752 3820 ὑποδεξαμένη

2151 3867 2246 3903 σου
2275 3851 2307 3918 ἡ
2333 3847 2600 3918 φιλοθεῖα,
2633 3845 3015 3918 προπεμψάτω
3048 3843 3185 3912 μετὰ
3210 3842 3587 3912 γραμμάτων
3624 3839 3758 3911 πρὸς

2148 3941 2241 4007 οὒς
2295 3943 2360 3996 ἂν
2410 3940 2571 4012 ἐθέλῃ
2625 3939 2848 4010 κυρίους
2895 3937 2990 3989 καὶ
3024 3932 3498 4002 θεοφιλεστάτους
3527 3932 3756 3985 ἐπισκό-

2151 4053 2286 4100 πους
2307 4051 2320 4063 ⁸
2357 4034 2424 4088 ἵν’
2457 4033 2620 4095 αὐτὸς
2657 4031 2755 4101 μὲν
2789 4029 2886 4100 τῆς
2912 4026 3125 4096 ἀγαθῆς
3153 4015 3465 4096 ἀπολαὺσλη
3503 4022 3760 4094 παραψυ-

2151 4128 2271 4198 χῆς,
2330 4124 2528 4194 ἀντιδῷ
2586 4123 2642 4176 δὲ
2692 4122 2874 4183 αὐτοῖς
2919 4117 2990 4172 τά
3023 4117 3330 4187 ἐπουράνια
3395 4116 3499 4170 καὶ
3553 4115 3760 4186 μόνιμα

2149 4217 2336 4287 κέρδη.

2220 4347 2346 4400 Nl".
2378 4376 2451 4386 —
2471 4344 2786 4414 Σωφρονίῳ
2812 4342 3123 4408 ἐπισκόπῳ
3159 4341 3690 4408 Κωνσταντινης.

2217 4455 2330 4508 Καὶ
2373 4455 2433 4508 τὸ
2469 4453 2765 4524 φιλόδωρον
2813 4451 2997 4506 καὶτὸ
3033 4449 3430 4521 μεγαλόδωρον
3478 4450 3589 4520 τῆς
3640 4448 3761 4517 σῆς,

2147 4547 2554 4616 θεοφιλέστατε,
2592 4545 2774 4610 δεξιᾶς
2811 4543 3211 4613 ἐπιστάμενος,
3244 4541 3526 4610 προξενῶ
3568 4559 3670 4595 σου
3699 4542 3766 4611 τῇ

2146 4636 2382 4707 ὁσιότητι
2413 4634 2746 4704 ποθούμενον
2798 4635 3008 4704 κέρδος.
3047 4633 3258 4702 Ὠσπερ
3309 4632 3436 4711 ηὰρ
3467 4635 3608 4697 τοὺς
3639 4637 3768 4700 περὶ

2146 4723 2217 4776 τὰ
2254 4725 2497 4794 παρόντα
2525 4723 2844 4793 κεχηνότας,
2875 4723 2924 4774 οί
2959 4725 3057 4792 τῆς
3096 4721 3182 4773 διὰ
3227 4723 3567 4792 χρημάτων
3602 4724 3745 4794 θερα

2148 4814 2304 4878 πείας
2335 4815 2578 4883 δεόμενοι
2611 4814 2832 4866 ἀνιῶσιν
2849 4813 3113 4884 ὁρώμενοι
3135 4827 3149 4840 '
3189 4811 3341 4864 οὕτω
3381 4814 3770 4884 εὐφραίνουσι

2147 4906 2271 4967 τούς
2302 4904 2616 4973 φιλοτίμους
2646 4905 2693 4956 οἱ
2725 4903 2955 4956 τοιοῦτοι
2991 4901 3313 4971 φαινόμενοι
3348 4945 3364 4967 ,
3401 4903 3615 4975 ἐπειδὴ
3660 4903 3772 4956 τῶν

2146 4994 2488 5063 ἐπουρανίων
2532 4995 2870 5064 πραγμάτων
2924 4995 3184 5062 ἐφίενται.
3247 4987 3356 5056 Εἷς
3417 4996 3622 5047 τοίνυν
3663 4994 3774 5046 τῶν

2143 5086 2329 5139 ἐκεῖνα
2355 5085 2763 5157 προξενούντων
2795 5086 2942 5138 ἐστὶν
2966 5087 2994 5138 ό
3035 5081 3481 5152 θεοφιλέστατος
3537 5086 3772 5138 ἐπίσκο-

2142 5196 2243 5242 πος
2261 5178 2577 5250 κυπριανός
2599 5194 2612 5210 ’
2638 5177 2696 5240 ὃς
2727 5176 2895 5230 πάλαι
2921 5175 3016 5247 μὲν
3033 5174 3142 5228 τῶν
3166 5172 3376 5236 ἄλλους
3413 5174 3774 5245 θεραπευόν-

2141 5289 2250 5324 των
2277 5246 2568 5341 ἐτύγχανεν
2599 5267 2692 5334 ὢν,
2721 5268 2816 5322 νῦν
2845 5269 2903 5322 δὲ
2935 5267 3036 5330 τὰς
3065 5266 3163 5336 τῆς
3185 5266 3418 5336 Λιϐύης
3451 5267 3774 5340 τραγῳδῶν

2146 5360 2452 5429 συμφορὰς,
2492 5362 2571 5422 είς
2599 5359 2696 5423 τὰς
2723 5359 2897 5412 ἄλλων
2925 5357 3225 5411 ἀποϐλέπει
3246 5361 3493 5428 χεῖρας,
3530 5364 3635 5413 καὶ
3665 5359 3776 5412 τῶν

2146 5452 2408 5520 φιλοθέων
2461 5451 2648 5522 ψυχῶν
2701 5448 3152 5521 τὴνφιλοτιμίαν
3186 5451 3545 5519 προσμένει.
3607 5453 3775 5504 Ἀπο-

466 4551 614 4595 tuam
671 4558 782 4595 non
833 4541 1125 4612 ignorans,
1177 4545 1548 4600 desideratum
1599 4544 1814 4600 lucrum
1869 4547 2043 4602 otl'ero

466 4635 742 4688 sanctitati
781 4643 905 4689 tuae.
943 4636 1416 4702 Quemadmodum
1449 4636 1595 4689 enim
1629 4637 1752 4690 illos
1786 4637 1880 4705 qui
1909 4654 2047 4706 prae-

466 4724 719 4778 sentibus
762 4725 998 4787 inhiant,
1037 4735 1296 4796 torquent
1328 4726 1363 4779 ii
1397 4726 1489 4794 qui
1520 4727 1879 4795 pecuniarum
1913 4729 2046 4782 sub-

464 4817 606 4871 sidio
634 4827 814 4886 egent,
841 4834 964 4872 cum
1007 4818 1060 4870 in
1093 4819 1283 4871 oculos
1314 4817 1607 4870 incurrunt
1636 4834 1647 4868 :
1678 4817 1758 4870 sic
1790 4818 2047 4874 liberales

462 4918 716 4962 recreant
752 4909 846 4978 qui
888 4908 1158 4978 ejusmodi
1204 4916 1352 4970 sunt,
1394 4921 1520 4960 cum
1549 4916 1874 4970 cernuntur,
1909 4924 2045 4977 quo-

444 5001 608 5054 niam
650 5002 894 5057 coelestia
923 5003 1343 5072 concupiscunt.
1386 5003 1465 5055 Ex
1508 5001 1576 5054 iis
1607 5017 1736 5055 vero
1778 5019 1874 5072 per
1901 5020 2041 5073 quos

463 5091 554 5144 illa
580 5103 986 5163 comparantur,
1015 5109 1157 5146 unus
1187 5102 1270 5146 est
1298 5093 1408 5146 Deo
1438 5091 1794 5146 cbarissimus
1825 5094 2038 5162 episco-

463 5198 563 5250 pus
595 5183 920 5253 Cyprianus,
949 5183 1043 5250 qui
1077 5182 1205 5236 olim
1237 5183 1459 5251 quidem
1486 5181 1610 5236 aliis
1641 5182 1782 5237 inter
1811 5193 2038 5240 caeteros

461 5263 822 5329 subveniebat
851 5290 862 5324 ι
893 5288 1039 5326 nunc
1079 5290 1210 5327 vero
1253 5274 1448 5328 Africae
1497 5273 1702 5328 deﬂens
1743 5289 2034 5338 aerumnas,

461 5367 694 5419 aliorum
744 5379 940 5417 manus
991 5364 1235 5432 respicit,
1273 5374 1330 5418 et
1369 5365 1480 5418 Deo
1524 5363 1844 5418 devotarum
1881 5381 2035 5418 men—

463 5459 600 5512 tium
642 5453 1028 5508 liberalitatem
1054 5462 1355 5522 exspectat.
1401 5455 1636 5507 Fruetur
1677 5468 1807 5522 ergo
1837 5462 1891 5505 et
1923 5453 2039 5521 ipse

2136 5627 2360 5699 epistola
2388 5637 2582 5699 exstat.
2622 5628 2724 5682 Sed
2760 5629 2878 5699 ejus
2922 5630 3161 5683 nominis
3207 5644 3268 5683 ac
3321 5634 3523 5686 {etatis
3583 5631 3776 5685 nullus

537 5630 647 5700 (55)
680 5631 832 5682 πόλιν
863 5629 1013 5684 addit
1039 5628 1208 5698 Neap.
2136 5628 2360 5698 epistola
2388 5637 2582 5682 exstat.
2622 5628 2724 5682 Sed
2760 5629 2878 5699 ejus
2922 5630 3158 5683 nominis

541 5699 647 5767 (56)
681 5701 938 5753 Εὑλαλὶου
980 5708 1099 5754 erat
1142 5699 1278 5769 forte
1329 5699 1382 5751 in
1413 5698 1532 5769 cod.
1588 5697 1854 5769 Vaticano
1883 5694 2037 5769 apud
2139 5699 2278 5752 inter
2306 5698 2521 5752 Galatas
2551 5700 2838 5768 cpiscopus
2869 5701 3158 5769 reperitur.

541 5694 647 5767 (56)
681 5701 938 5753 Εὐλαλὶου
980 5708 1099 5754 erat
1142 5694 1278 5753 forte
1329 5699 1382 5751 in
1413 5698 1532 5751 cod.
1588 5697 1852 5767 Vaticano
1884 5694 2037 5767 apud

461 5763 662 5820 Baron.
697 5770 889 5824 Annal.
921 5771 987 5824 ad
1019 5785 1144 5822 ann.
1179 5768 1300 5832 ΜΟ,
1333 5777 1369 5821 t.
1405 5768 1490 5832 Vl,
1524 5787 1578 5840 p.
1613 5783 1684 5820 in.
1717 5768 1765 5828 ti,
1806 5766 1896 5818 ubi
1928 5766 2040 5819 haec
