4056 6430
448 391 587 459 1229

1789 401 2154 463 EPISTOLA
2186 405 2399 468 LVIII.

3569 415 3643 478 122
3671 422 3706 480 ll

439 507 692 561 λαυσάτω
725 508 899 564 τοίνυν
933 511 1028 564 καὶ
1053 511 1213 575 αὐτὸς
1243 512 1340 583 τῆς
1379 513 1476 585 σῆς
1516 514 1890 585 φιλαδελφίας,
1926 521 2022 573 καὶ

2125 524 2363 580 fraterna
2388 528 2655 585 cliaritatc
2693 540 2803 591 tua,
2829 539 2883 584 ct
2919 547 3046 585 cum
3095 532 3296 587 litteris
3323 531 3391 586 ad
3414 534 3550 588 alios
3575 553 3661 605 put
3680 565 3704 575 -

442 599 582 667 μετὰ
617 600 960 671 γραμμάτων
990 603 1126 674 πρὸς
1165 604 1386 674 ἑτέριυς
1412 606 1829 678 προπεμφθήτω
1864 609 2022 680 λιμέ-

437 706 557 754 νας.

895 803 1018 857 NA'.
1045 834 1115 844 —
1164 782 1567 874 'Eopt'twttmi.

514 912 582 963 Δί
614 909 756 964 θεῖαι
789 913 885 966 καὶ
920 915 1181 985 σωτήριοι
1225 918 1564 989 πανηγύρεις
1602 919 1699 972 καὶ
1732 920 1858 983 τοὺς
1890 921 2023 975 ἀθυο

441 1004 681 1072 μοῦντας
718 1004 1129 1075 ψυχαγωγοῦσι,
1169 1010 1265 1062 καὶ
1295 1011 1422 1074 τοὺς
1449 1009 1824 1081 εὐθυμοῦντας
1862 1012 2023 1065 εὐθυ-

442 1094 708 1167 μοτέρους
757 1095 1008 1149 ποιοῦσι·
1065 1099 1159 1152 καὶ
1199 1098 1361 1154 τοῦτο
1386 1103 1451 1172 τῇ
1483 1102 1651 1174 πείρᾳ.
1701 1103 2018 1173 μεμάθηκα.

438 1187 568 1248 Τοῖς
600 1187 710 1257 γὰρ
743 1187 841 1257 τῆς
868 1187 1107 1259 ἀθυμίας
1138 1189 1536 1262 βαπτιζόμενος
1570 1194 1802 1266 κύμασι,
1838 1197 2020 1267 κρείτ-

436 1297 550 1333 των
577 1277 671 1331 τοῦ
717 1278 898 1350 ροθίου
948 1281 1254 1352 γεγένημαι
1291 1285 1421 1347 τοὺς
1454 1285 1562 1339 τῶν
1590 1286 1794 1357 ἑορτῶν
1817 1288 2024 1358 ὅρμους

441 1371 587 1425 ἰδών.
616 1370 879 1438 Εὑξάσθω
903 1373 1086 1425 τοίνυν
1112 1375 1145 1444 ὴ
1176 1374 1456 1429 θεοσέϐειά
1481 1393 1598 1439 σου,
1622 1377 1807 1431 τέλεόν
1834 1396 1902 1449 με
1922 1380 2023 1449 τῆς

437 1463 645 1532 πικρᾶς
680 1461 888 1532 ταύτης
937 1463 1108 1534 ζάλης
1155 1464 1564 1537 ἀπαλλαγῆναι,
1612 1470 1706 1522 καὶ
1748 1470 1899 1541 παρὰ
1925 1471 2020 1523 τοῦ

436 1552 825 1622 φιλανθρώπου
878 1556 1153 1610 Δεσπότου
1193 1557 1366 1629 λήθην
1405 1560 1526 1615 τινὰ
1580 1560 1681 1631 τῆς
1729 1561 2022 1633 ἀχθηδόνος

437 1645 643 1699 λαϐεῖν.
1763 1678 1766 1681 -

883 1739 1013 1794 NE'.
1038 1771 1110 1781 —
1158 1740 1568 1811 'Eopmo’ttmi.

508 1855 781 1956 ξαλεπῶς
810 1857 1088 1956 μὲν-ἡμᾶς
1120 1859 1154 1929 ἡ
1182 1858 1390 1930 ἀθυμία
1415 1859 1684 1931 διέθηκεν.
1721 1863 1887 1915 Φύσιν
1914 1863 2022 1933 γὰρ
2055 1902 2097 1956 Β

439 1947 814 2020 ἀνθρωπείαν,
844 1949 958 2002 ἀλλ’
989 1951 1090 2004 οὐκ
1120 1951 1460 2022 ἀδαμαντίαν
1486 1952 1772 2024 ἐλάχομεν.
1805 1955 1916 2022 Τῆς
1966 1955 2024 2009 δὲ

439 2041 1195 2114 ΔεσποτικῆςἘπιφανείαςή
1225 2044 1413 2114 μνήμη
1449 2046 1741 2116 φάρμακον
1772 2046 2025 2112 ἀλεξίκα-

439 2127 539 2180 κόν
566 2144 658 2202 μοι
689 2128 1003 2200 γεγένηται.
1044 2131 1255 2185 Αὐτίκα
1284 2134 1466 2187 τοίνυν
1503 2135 1599 2187 καὶ
1639 2135 1837 2206 γράφω
1884 2135 2028 2189 κατὰ

439 2218 534 2271 τὸν
567 2218 731 2288 νόμον
754 2222 855 2291 τῆς
875 2221 1091 2293 ἑορτῆς,
1114 2224 1209 2276 καὶ
1225 2224 1684 2295 προσφθέγγομαι
1712 2226 1814 2297 τὴν
1832 2227 2029 2297 ὑμετέ-

434 2324 546 2378 ραν
574 2308 1076 2382 μεγαλοπρέπειαν,
1114 2314 1181 2385 ἢν
1221 2315 1531 2388 εὐδοκιμεῖν
1577 2322 1673 2373 καὶ
1702 2320 2028 2393 διαπρέπειν

438 2399 832 2472 προσεύχομαι.

883 2493 993 2561 Νς
994 2499 1029 2547 ⁸.
1055 2524 1127 2534 --
1175 2494 1565 2563 Ἐορταστική
1577 2537 1589 2551 .

523 2604 789 2675 Ἀκμάζει
827 2605 926 2675 μὲν
954 2605 1034 2659 ἔτι
1058 2624 1148 2676 μοι
1186 2607 1255 2661 τὰ
1285 2608 1387 2679 τῆς
1415 2608 1614 2680 λύπης,
1646 2612 1740 2665 καὶ
1775 2613 2025 2682 χαλεπῶς

436 2694 582 2766 αὕτη
617 2695 951 2765 προσϐάλλει
1005 2695 1085 2767 τῷ
1132 2697 1415 2768 λογισμῷ*
1468 2701 1560 2754 τὸν
1589 2701 1649 2754 δὲ
1685 2703 1785 2772 τῆς
1832 2692 2025 2774 ἑορτῆς

416 2786 730 2859 ⁵’πληρῶσαι
760 2786 924 2857 νόμον
955 2785 1226 2841 ὑπέλαϐον
1253 2787 1485 2844 δίκαιον.
1516 2790 1727 2845 Αὐτίκα
1756 2791 1888 2869 γοῦν
1930 2794 2026 2846 καὶ

435 2881 551 2942 τοῖς
607 2877 902 2949 γράμμασι
952 2876 1272 2948 κέχρημαι,
1324 2880 1422 2933 καὶ
1460 2879 1560 2948 τὴν
1584 2881 1881 2938 εὐλάϐειάν
1927 2900 2023 2937 σου

435 2969 920 3043 προσφθέγγομαι,
952 2971 1048 3025 καὶ
1074 2971 1175 3040 τῆς
1203 2970 1425 3043 ἀγάπης
1456 2973 1653 3027 ἐκτίνω
1689 2974 1750 3028 τὸ
1772 2975 1950 3047 χρέος.

793 3083 920 3139 ΝΖ’.
962 3113 1034 3125 —-
1063 3087 1362 3155 Εὐτρεχίῳ
1396 3087 1666 3158 ὑπάρχῳ.

509 3199 750 3253 Δέδωκεν
773 3200 904 3271 ἡμῖν
929 3198 1035 3252 τῶν
1060 3199 1195 3253 ὅλων
1218 3200 1246 3252 ὁ
1275 3200 1549 3271 Πρύτανις
1579 3202 1674 3255 καὶ
1704 3202 1882 3266 τοῦτο,
1917 3204 2016 3275 τῆς

438 3288 717 3360 ὑμετέρας
759 3289 1131 3359 μεγαλοφυΐας
1168 3290 1403 3346 ἀκοῦσαι
1447 3292 1507 3344 τὸ
1544 3292 1735 3364 γέρας,
1769 3295 1861 3347 καὶ
1895 3311 2021 3347 συν·

435 3381 674 3452 ησθῆναι
698 3382 797 3451 μὲν
836 3380 966 3450 ὑμῖν
993 3380 1136 3435 οὕτω
1164 3382 1575 3453 τετιμημένοις,
1612 3385 1941 3455 συνησθῆναι
1963 3386 2021 3439 δὲ

434 3472 551 3532 τοῖς
578 3469 902 3541 ἀρχομένοις
925 3470 1030 3523 ὑπὸ
1049 3470 1309 3542 τοιαύτης
1333 3471 1667 3543 ίθυνομένοις
1690 3474 2016 3546 πραότητος.

447 3559 594 3628 Ἐγὼ
629 3560 686 3613 δὲ
725 3561 909 3614 ἄδικον
937 3560 1125 3633 ᾠήθην
1160 3564 1286 3633 σιγῇ
1340 3563 1547 3633 κρύψαι
1584 3565 1684 3634 τὴν
1729 3566 2018 3638 εὐθυμίαν,

436 3649 533 3702 καὶ
569 3647 643 3718 μὴ
685 3649 924 3718 δηλῶσαι
969 3649 1173 3723 ταύτην
1200 3654 1314 3716 τοῖς
1348 3654 1696 3723 γράμμασιν.
1737 3655 1860 3710 Ὅτι
1911 3657 2020 3727 γὰρ

435 3739 633 3812 θερμοὶ
685 3740 786 3810 τῆς
840 3742 1116 3814 ὑμετέρας
1178 3743 1661 3816 μεγαλοπρεπείας
1700 3740 2022 3820 ύπάρχομεν

437 3832 688 3904 ἐρασταὶ,
726 3836 856 3904 παρ’
891 3835 1046 3905 ὑμῶν
1074 3835 1168 3890 τοῦ
1200 3837 1426 3908 φίλτρου
1458 3838 1559 3914 τάς
1604 3839 1843 3908 ἀμοιϐὰς
1872 3841 2022 3911 είληο

439 3923 621 3991 φότες,
647 3923 939 3978 πέπεισται
964 3926 1180 3990 πάντως
1208 3929 1243 3998 ὴ
1273 3927 1520 3997 ὑμετέρα
1551 3928 2018 4002 μεγαλοπρέπεια.

449 4014 548 4076 Ὦς
582 4014 811 4086 ἐρασταὶ
830 4014 886 4067 δὲ
920 4014 1172 4078 τοιοῦτοι,
1205 4016 1297 4069 τὸν
1319 4017 1425 4071 τῶν
1449 4017 1669 4086 ἀγαθῶν
1703 4019 2021 4091 ἱκετεύομεν

436 4106 696 4178 χορηγὸν,
731 4108 853 4170 ταῖς
880 4107 1251 4171 παντοδαπαῖς
1289 4108 1455 4162 αὑτοῦ
1496 4109 1726 4182 δωρεαῖς
1755 4109 2018 4180 περικλύ-

438 4194 554 4259 ζειν
576 4196 722 4267 ὑμᾶς
745 4197 860 4252 ἀεί.
1165 4209 1168 4212 ’

889 4308 1023 4363 NH’.
1048 4338 1117 4351 -—-
1147 4310 1320 4379 Νόμῳ
1349 4309 1571 4373 ὑπάτῳ.

508 4419 644 4491 Διχῆ
687 4435 776 4490 μοι
809 4417 1024 4491 μερίζει
1052 4418 1151 4491 τὴν
1177 4418 1404 4490 γνώμην
1433 4421 1466 4490 ἡ
1495 4421 1624 4493 περὶ
1668 4421 1762 4475 τοῦ
1809 4423 2016 4494 γράψαι

437 4509 517 4584 τῷ
549 4512 799 4585 ὑμετέρῳ
821 4511 1043 4583 μεγέθει
1081 4512 1265 4585 βουλή.
1301 4513 1422 4568 Τῶν
1457 4515 1557 4585 μὲν
1589 4514 1699 4588 γὰρ
1735 4504 2017 4588 ὑμετέρων

439 4599 656 4672 φρενῶν
708 4601 865 4664 εἰδὼς
910 4599 1258 4673 ἐξηρτημένα
1311 4602 1380 4656 τὰ
1414 4603 1742 4674 πράγματα,
1784 4606 1881 4660 καὶ
1917 4607 2015 4669 τὰς

438 4692 627 4756 κοινάς
678 4692 807 4763 ὑμῖν
841 4692 1194 4764 ἐπικειμένας
1247 4695 1534 4766 φροντίδας
1574 4695 1739 4767 ὁρῶν,
1796 4699 2019 4768 ἄμεινον

439 4782 679 4855 ἡγοῦμαι
727 4782 885 4852 σιγᾷν
907 4797 923 4813 ’
951 4781 1011 4836 τὸ
1044 4784 1176 4854 εὐρὺ
1198 4782 1255 4836 δὲ
1288 4784 1450 4838 πάλιν
1492 4784 1586 4838 καὶ
1632 4785 2019 4860 πολυχώρητον

435 4875 537 4947 τῆς
560 4872 832 4945 ὑμετέρας
852 4874 1216 4945 ἐπιστάμενος
1245 4874 1502 4942 διανοίας,
1556 4879 1767 4950 σιωπᾷν
1799 4879 1900 4933 οὐκ
1924 4881 2024 4933 ἀνα

438 4963 655 5037 έχομαι,
678 4963 864 5028 δεδιὼς
890 4964 965 5036 μὴ
994 4965 1278 5037 ῥᾳστώνης
1307 4968 1530 5038 ὀφλήσω
1558 4970 1800 5041 γραφήν.
1829 4971 2025 5026 Κεντεῖ

435 5056 495 5112 δέ
526 5074 596 5128 με
629 5058 722 5111 καὶ
753 5057 949 5123 πόθος,
978 5057 1036 5111 ὃν
1073 5059 1106 5128 ἡ
1133 5057 1361 5131 βραχεῖα
1387 5059 1576 5129 γεῦσις
1606 5062 1706 5132 τῆς
1743 5063 2016 5134 ὑμετέρας

437 5149 724 5222 ἐνεποίησε
757 5149 907 5214 θέας.
949 5149 1361 5220 Ἐμφορηθῆναί
1390 5167 1458 5222 με
1497 5151 1606 5223 γὰρ
1632 5151 1832 5222 ταύτης
1864 5153 2017 5206 ἐστέ-

441 5259 576 5315 ρησε
596 5242 695 5312 τῆς
720 5242 1131 5314 τρισμακαρίας
1154 5242 1372 5313 ἐκείνης
1406 5242 1650 5313 κεφαλῆς
1674 5244 1705 5313 ὴ
1737 5243 1892 5306 νόσος
1925 5245 2019 5297 καὶ

435 5334 685 5406 τελευτή.
712 5328 789 5389 Οὗ
813 5333 877 5405 δὴ
906 5333 1066 5405 χάριν
1092 5333 1295 5387 ἐπινοῶ
1328 5350 1419 5404 μοι
1448 5333 1738 5405 φάρμακον
1767 5332 2019 5404 ψυχαγω-

437 5428 566 5497 γίας
592 5426 664 5479 τὰ
695 5424 1021 5498 γράμματα.
1055 5424 1159 5479 Τδν
1179 5425 1235 5479 δὲ
1257 5425 1364 5479 τῶν
1400 5425 1537 5478 ὅλων
1565 5425 1794 5479 ἱκετεύω
1821 5426 2020 5478 Δεσπό-

436 5535 562 5589 την,
599 5518 800 5572 ἰθύνειν
853 5517 1010 5589 ὑμῶν
1057 5516 1147 5571 τὸν
1198 5516 1333 5588 βίον,
1363 5517 1459 5571 καὶ
1512 5517 1699 5588 φέρειν
1732 5516 1793 5582 ἐξ
1817 5519 2018 5589 οὐρίων

437 5611 529 5665 ἀεὶ
556 5649 572 5675 ,
623 5610 712 5665 ἵνα
758 5612 857 5681 τῆς
915 5609 1185 5681 ὑμετέρας
1235 5609 1579 5680 προμηθείας
1619 5609 2019 5682 ἀπολαύσωμεν

444 5704 680 5766 ἅπαντες
701 5746 713 5759 .

2130 625 2217 669 tus
2254 619 2672 675 transmittetur.

2600 796 2729 852 LIV.
2764 830 2833 838 --

2195 905 2404 961 Divinaa
2433 922 2496 961 ac
2527 908 2794 965 salutares
2819 913 3197 972 solemnitates
3222 927 3279 972 et
3313 927 3541 975 maestos
3567 937 3705 977 con-

2125 996 2395 1063 solantur,
2427 1007 2483 1052 et
2506 999 2660 1055 laetos
2687 1001 2926 1059 laetiores
2960 1006 3206 1065 eﬂieiunt
3237 1027 3251 1063 :
3278 1019 3442 1081 alque
3472 1012 3579 1065 hoc
3600 1030 3704 1085 ego

2123 1087 2459 1156 experientia
2495 1089 2685 1144 didici.
2716 1092 2852 1146 Nam
2885 1110 3010 1149 cum
3041 1098 3276 1154 tristitia}
3306 1099 3563 1156 ﬂuctibus
3600 1104 3703 1156 ub-

2125 1193 2338 1243 ruerer,
2381 1181 2557 1236 undas
2589 1185 2843 1253 superavi
2881 1187 3042 1241 simul
3088 1203 3152 1243 ac
3193 1190 3407 1245 dierum
3438 1191 3702 1248 festorum

2864 801 3215 859 Ileortastica.

2126 1276 2320 1334 portus
2360 1270 2567 1338 aspexi.
2619 1271 2751 1328 Oret
2789 1275 2975 1345 itaque
3017 1279 3226 1349 1111
3275 1280 3451 1350 pietas
3490 1289 3604 1343 tua,
3645 1294 3708 1339 ut

2124 1359 2274 1427 gravi
2331 1361 2435 1417 hac
2475 1366 2715 1433 procella
2764 1368 2987 1435 penitus
3046 1369 3272 1445 liberer,
3314 1381 3371 1427 et
3408 1389 3438 1427 a
3471 1373 3708 1445 benigno

2075 1495 2085 1504 .
2125 1449 2357 1505 Domino
2386 1455 2641 1509 maeroris
2668 1456 2999 1513 oblivionem
3026 1462 3318 1530 quamdam
3345 1465 3633 1535 accipiam.

2616 1741 2724 1797 LV.
2755 1773 2824 1782 —
2844 1742 3193 1800 Heortastica.

2197 1847 2334 1904 Male
2362 1865 2464 1905 nos
2493 1850 2676 1906 aﬂ'ecit
2706 1851 2951 1907 tristitia.
2985 1854 3245 1910 Naturam
3274 1858 3477 1930 quippe
3506 1860 3706 1917 huma-

2127 1954 2254 1994 nam
2301 1939 2483 1997 sortiti
2528 1957 2753 2007 sumus,
2800 1958 2913 1997 non
2963 1944 3390 2000 adamantinam.
3440 1948 3707 2006 Remedio

2128 2039 2311 2086 autem
2338 2032 2473 2086 mihi
2503 2032 2609 2086 fuit
2637 2033 2952 2088 recordatio
2978 2034 3357 2105 Apparitionis
3383 2039 3703 2097 Dominicae.

2128 2122 2286 2177 Nunc
2324 2123 2491 2193 igitur
2538 2131 2594 2177 et
2633 2123 2818 2178 scribo
2867 2126 3022 2195 juxta
3071 2141 3279 2182 morem
3320 2128 3429 2184 diei
3469 2129 3616 2197 festi,
3651 2142 3710 2187 et

2129 2215 2589 2287 magnificentiam
2620 2223 2770 2270 tuam
2812 2216 3013 2282 saluto,
3037 2234 3201 2287 quam
3239 2219 3387 2276 clara
3418 2229 3473 2276 et
3506 2222 3707 2278 illustri

2127 2306 2271 2362 fama
2301 2307 2487 2364 vivere
2521 2308 2702 2379 cupio.

2584 2500 2715 2557 LVI.
2743 2505 2831 2540 —‘
2856 2501 3211 2558 Heortastica.

2198 2609 2368 2681 Urget
2392 2610 2615 2680 quidem
2642 2610 2829 2667 adhuc
2856 2626 2945 2666 me
2975 2612 3216 2678 tristitia,
3237 2622 3296 2669 et
3319 2624 3556 2669 mentem
3579 2630 3704 2684 gra-

2124 2701 2267 2756 viter
2310 2702 2598 2756 concutit:
2641 2710 2882 2758 attamen
2922 2703 3031 2758 diei
3079 2703 3205 2760 festi
3248 2705 3424 2775 legem
3471 2705 3704 2775 implere

2119 2795 2330 2865 justum
2365 2792 2697 2849 existimavi.
2732 2795 2890 2850 Nunc
2928 2795 3116 2865 itaque
3141 2805 3199 2851 et
3228 2796 3432 2859 scribo,
3458 2805 3515 2851 et
3541 2811 3705 2851 reve-

2125 2882 2362 2937 rentiam
2401 2889 2554 2936 tuam
2600 2882 2808 2950 saluto,
2848 2892 2906 2938 et
2949 2884 3234 2940 ebaritatis
3280 2884 3527 2941 debitum
3579 2901 3708 2956 per—

2125 2973 2298 3028 solvo.

2478 3082 2637 3138 LVII.
2671 3113 2741 3123 —
2772 3082 3054 3138 Eutrechio
3088 3084 3350 3155 prafecto.

2194 3194 2311 3249 Hoc
2352 3194 2518 3249 etiam
2548 3194 2712 3248 nobis
2741 3194 2992 3248 omnium
3030 3194 3232 3249 Rector
3262 3193 3510 3257 indulsit,
3542 3203 3605 3249 ut
3636 3194 3705 3249 de

2123 3285 2459 3343 excellentiae
2488 3292 2597 3339 tuae
2641 3285 2907 3354 dignitate
2949 3285 3289 3349 audiremus,
3320 3286 3533 3356 tibique
3579 3293 3703 3341 tan-

2120 3386 2237 3432 tum
2269 3377 2533 3431 honorem
2559 3376 2759 3446 adepto
2779 3376 3202 3446 gratularemur,
3225 3376 3626 3447 gratularemur
3647 3386 3704 3430 et

2118 3468 2357 3525 subditis
2404 3483 2543 3538 quos
2590 3476 2740 3522 tanta
2784 3468 2927 3538 regit
2978 3468 3364 3523 mansuetudo.
3410 3469 3525 3539 Ego
3567 3483 3704 3523 vero

2121 3561 2375 3630 iniquum
2410 3559 2539 3614 duxi
2568 3559 2814 3615 laetitiam
2838 3558 3064 3613 silentio
3102 3566 3305 3629 tegere,
3344 3567 3402 3613 et
3438 3559 3583 3614 hanc
3608 3560 3703 3613 lit-

2119 3652 2256 3708 teris
2283 3667 2394 3707 non
2420 3650 2684 3706 indicare.
2704 3650 2860 3718 Quod
2885 3650 3032 3705 enim
3064 3649 3524 3722 magniﬁcentiam
3552 3659 3703 3706 tuam

2120 3758 2369 3799 amemus
2400 3741 2776 3807 vehementer,
2808 3748 2865 3796 et
2896 3756 2928 3795 a
2959 3741 3120 3796 vobis
3149 3756 3399 3795 amemur
3434 3740 3700 3803 vicissim,

2123 3843 2230 3891 tuae
2252 3850 2479 3906 prorsus
2503 3830 2922 3904 magniﬁcentia:
2949 3848 3274 3904 persuasum
3300 3841 3403 3888 est.
3433 3831 3539 3899 Qui
3568 3848 3705 3905 ergo

2121 3930 2202 3986 sic
2245 3944 2516 3992 amamus,
2562 3928 2837 3983 bonorum
2878 3925 3194 3997 largitorem
3239 3924 3602 4003 obtestamur,
3641 3933 3705 3979 ut

2120 4021 2368 4077 omnium
2412 4021 2683 4076 donorum
2733 4033 2957 4073 suorum
3003 4016 3317 4072 abluentem
3355 4017 3455 4074 tibi
3485 4016 3580 4071 det
3610 4030 3703 4069 co-

2119 4127 2283 4181 piam.

2335 4337 2549 4407 1112
2590 4334 2701 4408 (57)
2742 4335 2923 4391 LVIII.
2955 4366 3024 4374 —
3061 4334 3229 4389 Nomo
3263 4333 3484 4388 consuli.

2189 4445 2335 4499 Duas
2379 4444 2437 4499 in
2478 4452 2662 4515 partes
2702 4443 2951 4498 animum
2995 4458 3176 4498 meum
3216 4441 3412 4497 dividit
3444 4451 3699 4511 suscepta
3782 4426 3793 4439 ’

2120 4534 2189 4590 de
2231 4535 2428 4591 dandis
2466 4536 2537 4590 ad
2583 4543 2635 4591 te
2679 4535 2879 4590 litteris
2918 4534 3263 4590 deliberatio.
3293 4533 3427 4588 Nam
3458 4549 3582 4588 cum
3633 4550 3703 4588 ex

2120 4629 2366 4684 consiliis
2397 4628 2507 4685 tuis
2541 4627 2784 4698 pendere
2817 4642 2907 4683 res
2937 4641 3129 4682 omnes
3154 4625 3482 4696 intelligam,
3514 4634 3571 4679 et
3597 4642 3700 4694 pu—

2119 4711 2292 4769 blicas
2337 4714 2393 4771 in
2445 4724 2497 4770 te
2536 4730 2698 4770 curas
2747 4714 3101 4779 incumbere,
3153 4722 3412 4785 praestare
3460 4712 3702 4769 arbitror

2121 4805 2304 4862 silere.
2353 4805 2424 4861 At
2470 4822 2595 4861 cum
2649 4808 2850 4863 mentis
2895 4817 3002 4862 tuae
3044 4822 3237 4862 rursus
3284 4806 3701 4877 amplitudinem

2123 4894 2591 4966 capacitatemque
2645 4904 2986 4967 perspectam
3036 4895 3298 4961 habeam,
3354 4904 3538 4951 tacere
3591 4912 3703 4950 non

2124 4984 2321 5049 audeo,
2353 5000 2423 5040 ne
2456 5000 2682 5040 accuser
2714 4985 2942 5040 inertiae.
2986 4984 3243 5041 Stimulat
3278 4985 3445 5041 etiam
3482 5001 3569 5041 me
3603 4986 3709 5040 de-

2120 5075 2408 5140 siderium,
2442 5077 2586 5147 quod
2620 5077 2802 5131 brevis
2843 5086 3173 5148 conspectus
3212 5077 3293 5132 tui
3339 5084 3531 5149 gustus
3562 5077 3701 5147 inje-

2122 5166 2216 5220 cit.
2241 5166 2544 5232 Quominus
2574 5168 2721 5222 enim
2752 5169 2847 5223 illo
2876 5169 3129 5234 satiarcr,
3160 5168 3373 5224 obstitit
3400 5167 3722 5222 beatissimi‘

2122 5250 2269 5306 illius
2298 5253 2399 5307 viri
2438 5255 2664 5311 morbus
2692 5264 2748 5311 et
2786 5256 2989 5312 obitus.
3024 5257 3181 5313 Unde
3212 5273 3359 5319 nunc
3392 5255 3569 5311 solatii
3612 5271 3701 5309 rc-

2122 5344 2365 5400 medium
2396 5362 2464 5400 ex
2498 5346 2696 5404 litteris
2733 5357 2915 5419 capto.
2949 5349 3340 5406 Universorum
3380 5355 3560 5401 autem
3590 5345 3702 5400 Do-

2125 5437 2334 5493 minum
2366 5454 2486 5504 oro,
2516 5449 2575 5494 ut
2597 5440 2725 5496 vitae
2753 5450 2860 5497 tua:
2891 5458 3110 5497 cursum
3143 5448 3312 5512 regat,
3336 5438 3702 5508 secundisque

2125 5545 2342 5598 semper
2388 5531 2569 5586 ventis
2618 5533 2905 5601 provehat,
2944 5542 3003 5586 ut
3056 5530 3398 5601 providentia
3452 5536 3541 5584 tua
3592 5527 3701 5582 frui

2126 5637 2316 5676 omnes
2350 5622 2639 5691 possimus.

513 5815 624 5887 (37)
665 5814 1041 5885 Iutcrprctatio
1099 5814 1258 5885 hujus
1298 5774 1539 5885 cpistola:
1590 5813 1777 5869 Latina
1835 5823 1913 5870 cst
1962 5816 2019 5872 in
2059 5818 2276 5878 Baronii
2306 5793 2613 5882 Annalaad
2645 5843 2772 5883 ann.
2805 5828 2929 5895 μδ,
2959 5834 2997 5882 ι.
3034 5826 3121 5895 Ἦ,
3152 5829 3321 5901 p.50.
