4056 6430
454 419 584 487 1231

953 534 1089 590 ιιι.
1119 565 1185 574 —-
1217 532 1538 591 Claudiano.

522 644 780 702 Sinceras
804 644 1072 701 amicitias
1094 660 1199 700 nec
1220 643 1523 699 dissolvere
1550 643 1801 697 locorum
1828 640 2038 696 distan-

451 736 527 791 tia
561 745 762 807 potest.
796 750 896 790 nec
930 744 1148 806 tempus
1182 745 1490 790 attenuare.
1521 734 1863 804 Corporibus
1888 732 2037 790 enim

451 836 635 892 nocet,
672 826 973 896 lloremque
1008 826 1186 881 aetatis
1219 826 1404 896 eripit,
1440 835 1496 881 et
1529 826 1743 881 senium
1778 825 1990 880 inducit
2020 843 2034 879 :

451 915 709 971 amicitia:
735 925 917 971 autem
956 915 1069 969 vim
1099 924 1283 988 auget,
1311 916 1469 985 plura
1497 930 1798 986 suggerens
1839 916 2037 970 incita.

451 1016 655 1063 menta.
703 1006 998 1079 Propterea
1038 1019 1094 1065 et
1133 1025 1235 1080 ego
1266 1006 1454 1064 multis
1487 1025 1517 1064 a
1555 1020 1646 1066 tua
1685 1009 2039 1080 magniﬁcen-

453 1099 529 1153 tia
558 1098 770 1153 distans
794 1100 1148 1164 stationibus,
1175 1097 1549 1155 salutatoriam
1579 1101 1719 1155 hanc
1749 1101 2035 1171 epistolam

452 1190 659 1256 scribo,
700 1188 959 1245 amicitia:
992 1192 1250 1247 videlicet
1278 1191 1516 1247 stimulis
1543 1192 1822 1246 incitatus.
1853 1192 1870 1210 ‘
1907 1191 2037 1261 Ejus

451 1294 587 1335 vero
621 1281 764 1334 lator
792 1291 876 1335 est
904 1282 1201 1336 Patroinus
1242 1281 1622 1347 draconarius,
1646 1283 1732 1336 vir
1764 1282 1835 1336 ob
1867 1281 2035 1336 animi

448 1370 715 1425 ’virtutcm
757 1371 1067 1425 reverentia
1106 1370 1461 1442 dignissimus
1494 1389 1508 1423 :
1537 1372 1737 1442 quippe
1771 1372 1864 1443 qui
1892 1371 2034 1426 (Ιὶνί-

450 1461 539 1514 nis
583 1460 799 1529 legibus
836 1475 1029 1532 magna
1070 1476 1195 1516 cum
1236 1461 1520 1517 alacritate
1559 1461 1789 1532 obsequi
1828 1462 2031 1517 studet.
2059 1477 2073 1489 '

452 1551 556 1606 Per
598 1552 746 1606 hunc
768 1568 898 1622 ergo
926 1567 994 1607 ne
1022 1568 1186 1623 grave
1206 1553 1297 1620 sit,
1327 1554 1413 1608 v'ir
1437 1554 1906 1624 praestantissime,
1936 1555 2034 1610 de-

452 1641 804 1696 siderabilem
836 1642 997 1697 nobis
1031 1644 1243 1714 1113
1285 1644 1640 1700 sublimitatis
1681 1654 1788 1700 ture
1821 1646 2033 1700 valetu-

451 1733 636 1788 dinem
684 1735 977 1800 nuntiare,
1027 1750 1152 1790 cum
1206 1736 1553 1807 optatissimo
1596 1737 1745 1793 exitu
1794 1739 2033 1809 promis-

449 1840 642 1881 ειοωε.

658 1939 771 1994 LX.
807 1971 876 1980 —
907 1939 1157 1996 Dioscoro
1190 1944 1428 2015 episcopo
1460 1943 1821 1999 Alexandriae.

516 2052 702 2109 Multis
739 2052 961 2125 quidem
1004 2063 1062 2110 et
1106 2056 1228 2111 aliis
1260 2056 1562 2113 virtutibus
1598 2056 1881 2128 praeditam
1911 2073 2033 2114 esse

446 2148 702 2202 audimus
748 2149 1096 2204 sanctitatem
1143 2156 1293 2202 tuam
1343 2148 1525 2221 (velox
1568 2130 1839 2219 siquidem
1892 2149 2034 2204 fama

446 2253 887 2307 quaquaversum
920 2236 1240 2293 discurrens
1267 2239 1513 2293 omnium
1545 2255 1709 2294 aures
1740 2239 1910 2310 gloria
1943 2246 2032 2294 tua

442 2327 757 2400 implevit);
790 2330 1029 2385 maxime
1064 2337 1246 2386 tamen
1292 2329 1591 2401 praedicant
1640 2346 1830 2386 omnes
1866 2332 2034 2386 animi

388 2426 401 2435 ‘
445 2421 794 2486 modestiam,
834 2437 1000 2492 quam
1045 2422 1165 2494 lege
1204 2422 1458 2477 sanciens
1485 2423 1751 2478 Dominus
1792 2423 2032 2494 seipsum

444 2514 606 2569 nobis
647 2515 956 2585 exemplum
993 2514 1281 2585 proposuit
1299 2515 1528 2571 dicens:
1564 2536 1581 2568 ι
1612 2517 1815 2572 Discite
1849 2534 1881 2573 a
1923 2534 2030 2586 me,

438 2602 575 2672 quia
602 2603 754 2658 mitis
782 2617 905 2658 sum
935 2610 991 2657 et
1020 2604 1247 2659 humilis
1282 2604 1452 2660 corde
1479 2605 1543 2660 ⁸⁷.
1584 2626 1602 2657 ι
1648 2606 1852 2662 Natura
1884 2609 2033 2663 enim

442 2708 570 2750 cum
598 2695 668 2749 slt
688 2696 959 2761 excelsus,
992 2697 1078 2751 vel
1105 2697 1291 2767 potius
1315 2697 1724 2754 excelsissimus
1744 2700 1909 2765 Deus,
1934 2701 2035 2755 mi-

444 2797 555 2841 tem
584 2792 642 2841 et
668 2786 934 2841 humilem
977 2787 1222 2842 animum
1263 2798 1517 2859 suscepta
1557 2804 1723 2844 carne
1756 2791 2029 2861 probavit.

445 2876 505 2933 ln
541 2875 700 2933 illum
740 2894 873 2950 ergo
915 2879 1160 2945 intuens,
1194 2880 1437 2945 domine,
1465 2881 1812 2937 subditorum
1843 2884 2032 2938 multi-

446 2971 699 3026 tudinem
742 2987 854 3026 non
898 2972 1151 3041 respicis,
1187 2988 1365 3042 neque
1403 2974 1550 3028 sedis
1591 2974 2029 3031 sublimitatem:

446 3060 545 3117 sed
588 3071 842 3117 naturam
883 3073 1118 3132 spectas,
1143 3071 1200 3119 et
1224 3064 1494 3121 volubiles
1524 3065 1650 3121 vitae
1677 3068 2030 3135 mutationes,

445 3153 761 3224 divinisque
800 3154 1014 3225 legibus
1055 3155 1398 3226 obsequeris,
1439 3174 1675 3228 quarum
1719 3160 2031 3217 observatio

446 3245 602 3316 regni
630 3245 895 3301 caelorum
918 3253 1007 3301 est
1026 3248 1391 3303 conciliatrix.
1419 3249 1529 3304 llac
1557 3266 1659 3322 ego
1681 3251 1750 3307 de
1773 3255 2031 3310 sanctita-

449 3335 521 3390 tis
563 3343 672 3391 tuae
717 3335 1026 3392 humilitate
1062 3338 1269 3393 certior
1306 3338 1505 3405 factus,
1542 3357 1765 3397 sacrum
1806 3344 2030 3414 Deoque

446 3426 675 3482 charum
706 3438 874 3497 caput
904 3437 1059 3483 tuum
1096 3444 1194 3499 per
1219 3429 1432 3486 litteras
1460 3433 1716 3503 amplecti
1746 3434 1944 3501 audeo,
1972 3444 2031 3493 et

442 3533 641 3588 preces
667 3519 842 3574 oﬂ'ero
882 3536 1115 3591 quarum
1156 3519 1368 3577 fructus
1391 3532 1476 3577 est
1507 3524 1673 3578 salus.
1699 3525 1907 3581 Auctor
1929 3542 2029 3581 au-

447 3620 558 3664 tem
608 3601 748 3666 inihi
797 3611 1106 3667 litterarum
1155 3612 1380 3668 istarum
1432 3614 1536 3667 fuit
1586 3616 2032 3686 religiosissimus

448 3700 736 3771 presbyter
778 3702 1053 3758 Eusebius
1099 3720 1113 3755 :
1157 3704 1316 3783 cujus
1361 3704 1505 3761 istuc
1542 3705 1934 3775 profectionem
1971 3719 2032 3765 ut

446 3792 700 3862 cognovi,
732 3792 1022 3861 epistolam
1048 3793 1187 3849 hanc
1209 3794 1435 3860 dictavi,
1465 3804 1611 3850 tuam
1637 3811 1801 3853 orans
1823 3799 2030 3855 sancti-

442 3889 639 3942 tatem,
671 3888 786 3939 tum
837 3889 895 3935 ut
940 3882 1199 3951 precibus
1246 3884 1363 3939 suis
1410 3899 1512 3940 nos
1556 3884 1768 3953 fulciat,
1813 3895 1928 3943 tum
1968 3898 2032 3945 ut

448 3970 650 4027 litteris
692 3971 976 4041 spirituale
1019 3966 1330 4029 convivium
1370 3976 1598 4045 inserat,
1632 3980 2032 4039 esurientibus-

445 4075 553 4131 que
584 4060 932 4117 admirandas
962 4064 1258 4120 verborum
1290 4068 1481 4138 epulas
1512 4070 1711 4125 mittat.

685 4346 784 4417 11
797 4346 901 4421 15.
931 4347 1067 4404 LXI.
1099 4381 1165 4390 —
1193 4351 1436 4407 Archibio
1466 4351 1783 4425 presbytero.

1438 410 1927 478 THEODORETI
1966 408 2305 470 EPISCOPI
2343 413 2710 475 CYRENSIS

2064 531 2114 587 Α

3572 420 3692 490 1232

2610 530 2739 585 ΝΘί.
2770 562 2840 571 -·
2870 527 3245 598 Isi/laudm???»

2211 635 2323 702 Τάς
2351 637 2661 711 εἰλικρινεῖς
2687 641 2870 711 φιλίας
2903 641 3030 696 οὐτε
3059 640 3261 715 τοπικὴ
3292 642 3561 712 διάστασις
3591 646 3692 702 δια-

2141 729 2289 783 λύειν
2326 730 2520 802 ίσχύει,
2553 731 2679 785 οὐτε
2705 733 2895 804 χρόνος
2930 734 3211 806 ὲξιτήλους
3244 736 3549 808 ἐργάζεται.
3582 739 3693 804 Τοῖς

2143 819 2244 890 μὲν
2282 820 2391 891 γὰρ
2414 820 2629 892 σώμασι
2656 823 2998 892 λυμαίνεται,
3032 827 3127 879 καὶ
3150 825 3213 879 τὸ
3260 827 3360 897 μὲν
3389 826 3542 893 ἄνθος
3571 831 3696 885 ἀπο·

2138 911 2295 983 συλᾷ,
2326 912 2387 966 τὸ
2414 913 2471 967 δὲ
2497 917 2567 986 γῆ
2578 932 2677 986 ρας
2707 916 2904 985 ἐπάγει
2932 935 2947 952 ο
2978 918 3083 986 τῆς
3104 918 3163 971 δέ
3187 932 3250 987 γε
3275 919 3454 987 φιλίας
3480 918 3625 986 αὔξει
3645 922 3700 975 τὸ

2136 1002 2320 1066 ἄνθος,
2345 1002 2570 1057 πλείονα
2600 1005 2927 1075 προσφέρων
2947 1007 3016 1059 τὰ
3048 1004 3300 1076 ζώπυρα.
3338 1006 3438 1060 Διά
3451 1023 3531 1059 τοι
3557 1006 3703 1061 τοῦτο

2138 1092 2295 1162 κάγὼ
2316 1094 2533 1158 πολλοῖς
2563 1095 2824 1166 σταθμοῖς
2844 1097 2942 1167 τῆς
2970 1095 3070 1166 σῆς
3108 1097 3582 1169 μεγαλοπρεπείας
3604 1100 3701 1168 ἀφ·-

2136 1184 2408 1256 εστηκὼς,
2438 1187 2539 1259 τὴν
2561 1188 2936 1260 προσρητικὴν
2964 1190 3171 1259 ταύτην
3194 1190 3485 1261 ἐπιστολὴν
3500 1191 3707 1258 γράφω,

2135 1280 2247 1338 τοῖς
2279 1279 2379 1349 τῆς
2409 1279 2592 1346 φιλίας
2611 1278 2853 1349 δηλονότι
2882 1280 3206 1351 νυττόμενος
3249 1280 3518 1349 κέντροις.
3544 1283 3710 1350 Κομί-

2137 1368 2221 1433 ζει
2247 1371 2305 1424 δὲ
2336 1371 2542 1440 ταύτην
2583 1371 2896 1444 Πατρωῖνος
2927 1372 3331 1444 δρακωνάριος,
3367 1370 3509 1441 ἀνὴρ
3542 1370 3715 1437 αἰδοῦς

2134 1460 2432 1527 ἀξιώτατος
2449 1462 2537 1515 διὰ
2556 1462 2653 1533 τὴν
2673 1463 2773 1534 τῆς
2791 1464 2972 1534 ψυχῆς
2996 1463 3198 1535 ἀρετήν
3218 1479 3230 1491 ·
3256 1462 3387 1525 τοὺς
3413 1460 3524 1532 γὰρ
3544 1459 3713 1525 θείους

2135 1551 2333 1622 νόμους
2363 1554 2503 1624 μετὰ
2533 1553 2734 1626 πολλῆς
2760 1556 3050 1624 φυλάττειν
3073 1553 3385 1625 προθυμίας
3420 1552 3713 1621 ἐπείγεται.

2137 1643 2389 1714 Μηνῦσαι
2410 1645 2589 1699 τοίνυν
2609 1649 2743 1716 ἡμῖν
2770 1648 2837 1700 δι’
2863 1646 3050 1710 αὐτοῦ,
3086 1643 3537 1717 θαυμασιώτατε,
3559 1660 3715 1697 κατα-

2138 1732 2330 1797 ξίωσον
2346 1738 2444 1807 τὴν
2460 1737 2792 1806 ἀξιάγαστον
2812 1740 2947 1810 ἡμῖν
2973 1738 3069 1792 τοῦ
3093 1737 3190 1791 σοῦ
3223 1735 3496 1809 μεγέθους
3513 1734 3716 1805 ὑγείαν,

2062 1870 2107 1927 Β
2136 1829 2232 1881 καὶ
2260 1829 2321 1881 τὸ
2349 1830 2676 1902 τριπόθητον
2707 1831 2807 1900 τῆς
2835 1830 3187 1902 ὑποσχέσεως
3218 1828 3429 1896 πέρας,

2169 1941 2248 1996 Ξ’.
2279 1968 2340 1983 -
2367 1944 2669 2013 Διοσκόρφ
2696 1943 3014 2010 ἐπισκόπῳ
3055 1939 3528 2009 Ἀλεξανδρείας
3555 1938 3689 2011 (58).

2207 2054 2431 2121 Πολλοῖς
2464 2057 2560 2127 μὲν
2593 2057 2703 2129 γάρ
2730 2055 2911 2121 ἄλλοις
2938 2056 3137 2110 εἴδεσιν
3170 2054 3378 2127 ἀρετῆς
3405 2051 3721 2124 κοσμεῖσθαι

2133 2147 2233 2218 τὴν
2253 2150 2353 2220 σὴν
2372 2149 2684 2222 ἁγιωσύνην
2705 2149 2976 2220 ἀκούομεν
3014 2149 3351 2218 (ὑπόπτερος
3376 2145 3544 2218 γάρὴ
3573 2144 3722 2214 φήμη

2137 2241 2370 2294 πάντοσε
2391 2241 2765 2313 διαδραμοῦσα
2792 2242 2892 2311 τῆς
2917 2241 3018 2312 σῆς
3049 2239 3304 2303 εὐκλείας
3340 2237 3444 2301 τὰς
3476 2237 3724 2290 ἁπάντων

2136 2333 2432 2406 ἐνέπλησεν
2468 2332 2659 2405 ἀκοάς)
2677 2351 2695 2368 ⁸
2717 2336 2815 2407 οὐχ
2843 2335 3045 2404 ἥκιστα
3072 2332 3131 2387 δὲ
3167 2332 3420 2393 ἅπαντες
3458 2329 3646 2403 ᾄδουσι
3670 2325 3729 2379 et

2133 2423 2229 2477 τοῦ
2262 2426 2611 2495 φρονήματος
2655 2425 2913 2496 μέτριονο
2956 2424 2985 2477 ὃ
3023 2423 3339 2494 νομοθετῶν
3382 2425 3413 2476 ό
3454 2419 3728 2488 Δεσπότης

2135 2513 2333 2568 ἑαυτὸν
2366 2514 2497 2584 ἡμῖν
2534 2513 2839 2583 ἀρχέτυπον
2881 2511 3192 2584 προῦθηκεν
3222 2553 3238 2577 ,
3287 2530 3307 2562 ι
3348 2507 3601 2568 Μάθετε,
3644 2504 3731 2557 λέ-

2133 2621 2265 2673 γων,
2296 2604 2393 2657 ἀπ’
2426 2604 2583 2675 ἐμοῦ,
2614 2606 2697 2658 ὅτι
2732 2606 2907 2677 πρᾶός
2939 2606 3057 2673 είμι
3081 2604 3176 2657 καὶ
3193 2601 3468 2664 ταπεινὸς
3496 2602 3562 2668 τῇ
3598 2613 3729 2665 καρ-

2130 2697 2240 2767 δία.
2272 2714 2292 2748 ι
2331 2695 2496 2749 Φύσει
2517 2697 2626 2767 γὰρ
2648 2696 2723 2749 ὢν
2746 2694 2968 2766 ὑψηλὸς,
2999 2694 3201 2765 μᾶλλον
3226 2694 3287 2747 δὲ
3317 2691 3558 2762 ὕψιστος
3584 2687 3731 2752 Θεὸς,

2131 2788 2193 2840 τὸ
2221 2790 2394 2858 πρᾶον
2421 2787 2516 2841 καὶ
2543 2788 2804 2841 ταπεινὸν
2820 2787 3257 2858 ὲνανθρωπησας
3274 2784 3581 2855 ἠσπάσατο
3609 2780 3734 2851 φρό-

2131 2895 2300 2949 νημα.
2330 2880 2421 2942 Είς
2451 2879 2615 2933 αὑτὸν
2645 2875 2737 2932 οὖν
2767 2879 3010 2950 ἀφορῶν,
3036 2878 3134 2948 οὐχ
3153 2879 3314 2948 ὁρᾷς,
3341 2878 3613 2939 δέσποτα,
3635 2871 3735 2924 τῶν

2131 2970 2453 3040 ἀρχομένων
2484 2970 2545 3023 τὸ
2596 2968 2795 3040 πλῆθος
2829 3009 2845 3035 ,
2900 2969 3021 3022 οὐδὲ
3061 2968 3170 3021 τῶν
3203 2968 3433 3039 θρόνων
3479 2966 3545 3018 τὸ
3588 2963 3737 3033 ὕψος.

2130 3061 2269 3115 ἀλλά
2302 3062 2401 3133 τὴν
2433 3062 2594 3129 φύσιν
2629 3062 2871 3133 βλέπεις,
2904 3062 3000 3115 καὶ
3029 3060 3127 3125 τὰς
3167 3059 3608 3131 ἀγχιστρόφους
3654 3050 3744 3107 τοῦ

2135 3150 2251 3221 βίον
2278 3153 2602 3223 μεταϐολὰς,
2630 3154 2853 3218 καὶτοῖς
2886 3153 3046 3217 θείοις
3070 3153 3251 3223 νόμοις
3295 3152 3652 3215 ἀκολουοεῖς,
3674 3142 3745 3201 ὧν

2057 3218 2100 3277 (ί
2134 3245 2167 3315 ἡ
2203 3244 2418 3315 φυλακὴ
2448 3243 2702 3316 προξενεῖ
2729 3245 2836 3297 τῶν
2859 3244 3103 3317 οὐρανῶν
3124 3245 3222 3316 τὴν
3246 3244 3584 3316 βασιλείαν.
3614 3241 3748 3298 Ταύ-

2130 3355 2231 3409 την
2263 3354 2358 3390 σου
2384 3339 2481 3407 τῆς
2512 3337 2793 3405 ὁσιότητος
2817 3338 2913 3407 τὴν
2942 3339 3477 3409 ταπεινοερςσύνην
3506 3337 3744 3397 ἀκούων,

2133 3426 2320 3498 θαρρῶ
2351 3427 2439 3479 διὰ
2465 3426 2811 3498 γραμμάτων
2842 3424 2941 3497 τὴν
2976 3426 3127 3497 ἱεράν
3157 3443 3249 3478 σου
3292 3428 3399 3481 καὶ
3433 3426 3562 3496 Θεῷ
3590 3445 3614 3493 ς
3634 3423 3751 3494 ἱλην

2140 3515 2586 3588 περιπτύξασθαι
2645 3515 2918 3587 κεφαλὴν,
2952 3516 3044 3569 καὶ
3086 3516 3421 3588 προσευχὰς
3466 3515 3751 3585 ἀπαγγέλ-

2131 3608 2209 3665 λω
2249 3610 2384 3681 (59),
2434 3600 2510 3663 ὧν
2556 3611 2599 3663 ἀι
2631 3611 2842 3682 καρπὸς
2880 3609 3144 3680 σωτηρία,
3199 3609 3498 3680 Πρόξενος
3539 3608 3601 3662 δέ
3665 3624 3751 3680 μοι

2130 3699 2337 3763 τούτων
2375 3700 2666 3772 γεγένηται
2692 3701 2801 3754 τῶν
2846 3700 3194 3773 γραμμάτιον
3231 3702 3263 3752 ὁ
3303 3701 3751 3761 θεοσεϐέστατος

2132 3791 2501 3865 πρεσϐύτερος
2554 3791 2849 3855 Εὐσέϐιοςο
2894 3790 2993 3862 τὴν
3038 3790 3232 3843 αὐτόσε
3270 3790 3394 3862 γὰρ
3427 3788 3754 3859 ἀποδημίαν

2133 3883 2298 3940 αὐτοῦ
2327 3883 2538 3956 μαθὼν,
2562 3883 2875 3954 παραυτίκα
2900 3883 2999 3954 τὴν
3019 3881 3318 3953 ἐπιστολὴν
3345 3883 3753 3953 ὑπηγόρευσα,

2132 3973 2470 4045 παρακαλῶν
2521 3991 2615 4027 σου
2670 3974 2767 4045 τὴν
2826 3974 3089 4044 ἁγιότητα
3116 4016 3130 4040 ,
3198 3977 3330 4038 ταῖς
3396 3975 3505 4045 μὲν
3563 3970 3757 4043 εὐχαίς

2131 4067 2280 4137 ἡμᾶς
2311 4065 2424 4136 (40)
2466 4065 2774 4135 ὑπερεῖσαι,
2801 4068 2911 4129 τοῖς
2940 4064 2993 4117 δὲ
3017 4064 3321 4137 γράμμασι
3344 4064 3457 4135 τὴν
3496 4078 3761 4132 πνευμα-

2129 4154 2289 4227 τικὴν
2337 4155 2661 4210 πανδαισίαν
2709 4154 2961 4220 ἐνθεῖναι,
3010 4155 3106 4208 καὶ
3135 4150 3421 4208 πεινῶσιν
3454 4153 3763 4226 ἐκπέμψαι

2129 4244 2233 4317 τὴν
2264 4243 2596 4313 άξιάγαστον
2618 4244 2727 4297 τῶν
2750 4244 2926 4314 λόγων
2956 4245 3212 4315 εὐωχίαν.

2438 4357 2560 4412 ΞΑ’.
2588 4386 2660 4398 -
2700 4357 2972 4427 Ἀρχιόίῳ
2998 4356 3428 4427 πρεσϐυτέρῳ.

511 4458 648 4514 Cum
687 4458 828 4515 duas
875 4476 1052 4531 nuper
1094 4472 1199 4518 tua:
1236 4462 1458 4534 pietatis
1488 4465 1750 4536 epistolas
1781 4466 2027 4537 accepis-

2200 4468 2316 4525 Οὐκ
2338 4467 2597 4540 ἠμέλησα
2620 4466 2720 4533 τὰς
2746 4466 2840 4522 δύο
2861 4469 3055 4543 πρώην
3085 4464 3401 4539 δεξάμενος
3424 4470 3767 4534 ἐπιστολάς.

441 4565 578 4616 sem,
613 4567 723 4605 non
770 4562 1096 4623 aspernatus
1141 4570 1284 4621 sum,
1328 4556 1425 4612 sed
1466 4558 1663 4628 scripsi
1705 4573 1737 4614 e
1775 4559 2025 4631 vestigio,

2134 4560 2250 4616 ἀλλ’
2291 4560 2582 4615 ἐπέστειλα
2632 4559 2970 4631 παραυτίκα,
3030 4559 3123 4614 καὶ
3175 4558 3253 4629 τῷ
3324 4560 3775 4633 θεοεριλεστάτῳ

441 4648 498 4696 οι
552 4641 648 4696 Dei
706 4644 1083 4701 amantissimo
1134 4646 1459 4718 presbytero
1513 4647 1754 4730 Eusebio
1817 4650 2028 4706 litteras

2134 4651 2490 4724 πρεσϐυτέρῳ
2519 4651 2768 4722 Εὐσεϐίῳ
2796 4649 2863 4705 τὰ
2896 4650 3202 4723 γράμματα
3232 4650 3502 4708 δέδωκα.
3544 4655 3774 4722 Μελλή-

440 4731 590 4787 dedi.
631 4731 996 4791 Cunc'tatione
1038 4748 1222 4792 autem
1256 4738 1495 4809 quadam
1539 4738 1847 4810 interjecta,
1879 4741 2025 4811 quod

2134 4757 2271 4803 σεως
2313 4739 2370 4792 δὲ
2413 4739 2717 4811 γενομένης
2762 4739 2928 4804 τινὸς,
2974 4740 3033 4794 τὸ
3064 4738 3237 4810 παρὸν
3274 4741 3389 4795 νῦν
3422 4744 3775 4799 ἀνεϐάλετο.

439 4839 682 4894 praesens
719 4831 838 4880 erat
884 4826 1113 4883 dilatum
1157 4838 1261 4884 est.
1296 4826 1539 4901 Tempus
1578 4832 1726 4886 enim
1766 4832 2030 4904 deinceps

2139 4830 2205 4883 Ἦ
2248 4830 2358 4900 γὰρ
2400 4829 2521 4901 ὦρα
2574 4830 2763 4883 λοιπὸν
2791 4830 2923 4883 εῐσω
2968 4829 3079 4883 τῶν
3126 4830 3385 4902 λιμένων
3421 4839 3674 4906 κατεῖχε
3707 4834 3777 4887 τὰ

439 4913 584 4969 intra
609 4923 803 4985 portus
830 4918 1047 4989 navigia
1077 4920 1369 4987 continuit,
1397 4922 1562 4977 maris
1588 4923 1857 4977 denotans
1886 4932 2025 4978 tem-

2134 4918 2338 4990 σκάφη,
2374 4917 2468 4972 τοῦ
2524 4918 2798 4988 πελάγους
2835 4916 3199 4973 ὐποδεικνῦσα
3242 4919 3360 4991 τὴν
3417 4920 3647 4995 ζάλην,
3680 4925 3780 4979 κα).

438 5015 737 5078 pestatem,
783 5016 840 5063 et
881 5019 1079 5064 nautas
1124 5011 1632 5083 gubernatoresque
1681 5029 1895 5070 cessare
1931 5013 2026 5085 ju-

2134 5009 2332 5072 ναύτας
2358 5008 2453 5062 καὶ
2483 5009 2824 5081 κυΰερνήτας
2856 5009 3289 5065 διαναπαύουσα.
3362 5012 3633 5070 Ἑκτίνω
3666 5016 3780 5069 τοξ-

436 5098 597 5152 hens.
630 5094 1110 5167 lnpraasentiarum
1158 5118 1291 5173 ergo
1339 5103 1585 5159 debitum
1618 5104 1862 5172 exsolve,
1912 5124 2023 5163 non

2134 5120 2225 5158 νυν
2278 5100 2396 5156 τόδε
2444 5102 2540 5154 ἐπὶ
2587 5101 2681 5155 τοῦ
2736 5104 3004 5173 παρόντος
3037 5101 3099 5154 τὸ
3132 5103 3324 5173 χρέος,
3365 5107 3485 5179 οὐχ
3542 5109 3647 5163 ἵνα
3704 5107 3783 5180 μὴ

439 5196 500 5243 ut
527 5203 639 5242 non
661 5187 915 5253 debeam,
943 5189 1037 5245 sed
1076 5201 1137 5247 ut
1175 5193 1423 5249 debitum
1456 5211 1706 5266 augeam.
1733 5194 1846 5253 Hoc
1873 5199 2023 5255 enim

2134 5194 2347 5265 ὐφείλω,
2399 5192 2514 5246 ἀλλ’
2573 5192 2660 5247 ἵνα
2694 5193 2754 5246 τὸ
2795 5195 2955 5265 χρέος
3006 5193 3244 5263 αὐξήσω.
3302 5193 3515 5251 Τοῦτο
3563 5201 3688 5272 γὰρ
3719 5201 3782 5252 τὸ

436 5278 685 5334 debitum
718 5278 1004 5351 multiplex
1042 5283 1057 5303 ‘
1082 5281 1144 5336 tit
1169 5298 1293 5338 cum
1324 5285 1581 5340 solvitur.
1607 5286 1744 5341 Nam
1766 5289 1858 5359 qui
1887 5286 2026 5344 ami-

2134 5289 2345 5359 5φλημα
2370 5285 2771 5339 πολλαπλάσιον
2803 5285 3215 5357 ἐπιτιννύμενον
3244 5287 3526 5355 γίνεται.
3556 5295 3630 5347 Οἱ
3666 5293 3783 5366 γὰρ

436 5369 579 5424 cilia:
624 5368 774 5439 leges
820 5385 1042 5425 servare
1096 5370 1338 5439 student,
1382 5374 1650 5446 philtrum
1699 5388 1927 5441 acuunt,
1968 5385 2024 5432 et

2134 5379 2417 5449 φυλάττειν
2477 5376 2870 5440 ἐσπουδακότες
2916 5376 3016 5447 τῆς
3068 5376 3248 5445 φιλίας
3316 5381 3472 5445 τοὺς
3535 5385 3781 5455 νόμους,

434 5459 721 5516 ardentius
760 5458 1027 5529 efﬁciunt,
1070 5461 1355 5535 facemque
1389 5464 1630 5524 excitant
1662 5484 1729 5523 ex
1757 5469 2017 5538 scintilla,

2134 5470 2430 5542 ἐρεθίζουσι
2466 5460 2526 5520 τὸ
2558 5467 2799 5540 φίλτρον,
2849 5471 2945 5521 καὶ
2993 5467 3342 5539 θερμότερον
3389 5473 3787 5547 ἁπεργὰζον·

505 5619 551 5657 ³⁷
580 5620 771 5677 Matth.
795 5636 890 5687 xu,
910 5620 1003 5676 29.

511 5772 619 5843 (258)
648 5776 851 5830 Eadem
885 5777 1113 5846 epistola
1140 5775 1306 5832 latine
1337 5783 1422 5831 est
1451 5770 1596 5844 apud
1623 5771 1919 5827 Baronium
1946 5770 2014 5827 ad
2196 5771 2308 5913 (39g
2341 5774 2658 5898 tau-gmw
2683 5775 2854 5858 Neap.

524 5843 648 5910 M4,
679 5854 720 5898 t.
750 5846 838 5912 Vl,
870 5861 925 5913 p.
953 5846 1043 5900 22.
2219 5843 2286 5896 40
2341 5841 2428 5898 Sic
2456 5886 2475 5898 .
2504 5859 2625 5913 eap.
2654 5846 2854 5902 Smnor

439 5854 493 5897 ι.
524 5841 648 5910 444,
679 5854 720 5898 ι.
750 5846 838 5912 Ἦ,
870 5841 1043 5915 ρῙΞΞ.
1487 5841 1505 5844 “

2196 5841 2307 5913 (40)
2341 5841 2428 5898 Sic
2456 5841 2625 5914 Neap.
2654 5841 2978 5902 Sirmondus
3012 5845 3245 5902 habebat
3283 5848 3501 5921 ὑμῶν.
