4056 6428
436 435 579 506 1233

1772 414 2135 509 EPISTULA
2172 448 2389 509 LXIII.

3554 455 3707 523 123%?

429 566 545 619 ται,
574 549 668 607 καὶ
688 548 780 604 τὸν
805 552 1077 625 σπινθῆρα
1094 554 1307 610 ποιοῦσι
1338 558 1545 630 πυρσόν
1567 576 1580 589 ο
1606 559 1708 612 ὑπὸ
1736 558 1792 613 δὲ
1818 559 2002 612 τοῦτον

2111 568 2169 613 et
2193 559 2296 614 hac
2324 558 2441 615 face
2473 560 2690 616 accensi
2724 556 2912 615 amore
2950 569 3164 617 certant
3196 561 3461 628 invicem,
3482 573 3533 619 el
3568 567 3693 620 viu-

429 639 893 713 πυρπολούμενοι,
912 646 1066 716 νικᾷν
1092 646 1358 717 ἀλλήλους
1382 649 1461 719 τῷ
1490 650 1641 720 πόθῳ
1668 651 2012 722 φιλοτιμοῦν-

428 747 543 785 ται.
570 730 729 797 Δέξαι
747 731 927 786 τοίνυν
949 735 1046 802 τὴν
1078 736 1392 805 ἀπολογίαν,
1421 732 1467 791 ὦ
1503 739 1776 811 σεϐασμία
1802 756 1892 811 μοι
1921 757 2012 793 κε-

2112 665 2239 704 cere
2278 658 2564 705 conantur.
2603 650 2804 722 Accipe
2842 668 2974 725 ergo
3015 651 3413 717 defensionem,
3446 654 3531 708 vir
3557 658 3693 712 mihi

2111 738 2447 804 venerande,
2470 748 2526 794 et
2554 740 2623 795 da
2655 742 2892 807 veniam,
2919 742 3316 812 epistolamque
3357 743 3535 808 mitte,
3570 761 3695 816 quas

429 819 598 891 φαλὴ,
656 821 753 875 καὶ⁵
804 822 894 887 δὸς
947 824 1045 897 τὴν
1088 832 1451 901 συγγνώμην,
1483 831 1577 884 καὶ
1625 830 1841 902 πέμψον
1877 833 2002 903 ἡμῖν

2111 831 2181 887 de
2205 830 2580 887 incolumitate
2604 840 2699 888 tua
2721 834 2989 890 certiores
3015 850 3115 889 nos
3138 833 3329 889 iaciat.

427 909 743 982 ἐπιστολὴν,
771 913 872 982 τὴν
899 916 998 986 σὴν
1025 916 1214 986 ὑγείαν
1250 920 1580 991 μηνύουσαν.

747 1024 865 1083 EB’.
896 1060 964 1070 --
1009 1029 1246 1102 Ἰωάννῃ
1286 1035 1687 1104 πρεσϐυτέρῳ.

498 1119 574 1172 Τὸ
590 1117 748 1174 Λάϐε
759 1119 1016 1187 βιώσας,
1045 1124 1232 1195 εἴρηκε
1262 1125 1361 1196 μέν
1385 1142 1469 1191 τις
1491 1127 1599 1181 τῶν
1615 1127 1781 1182 πάλαι
1810 1129 2005 1182 καλου-

428 1209 610 1280 μένων
642 1211 841 1279 σοφῶν.
886 1212 1025 1280 Ἐγὼ
1044 1213 1100 1268 δὲ
1128 1214 1223 1286 τὴν
1247 1216 1474 1289 γνώμην
1504 1219 1817 1283 ἐπαινέσας,
1851 1219 2005 1273 £609-

424 1299 601 1372 λήθην
647 1299 794 1373 ἔργῳ
836 1300 1135 1370 βεϐαιῶσαι
1167 1305 1259 1358 τὸν
1285 1306 1465 1376 λόγον.
1505 1309 1671 1363 Οὐδὲν
1702 1310 1810 1383 γὰρ
1844 1311 2005 1363 ἀπειο

425 1391 523 1455 κὸς
544 1390 731 1462 ᾠήθην
757 1395 953 1459 ποιεῖν,
985 1394 1079 1447 καὶ
1104 1396 1255 1468 παρά
1284 1398 1394 1452 τῶν
1428 1398 1601 1453 ἄλλων
1641 1400 1914 1471 συλλέγων
1944 1401 2005 1455 τὸ

423 1482 720 1553 χρήσιμον.
747 1483 856 1539 Καὶ
886 1484 996 1556 γὰρ
1013 1485 1112 1549 τὰς
1139 1472 1394 1556 μέλίττας
1417 1488 1721 1559 parsimoniis
1751 1492 1860 1546 ἀπὸ
1880 1493 2004 1547 ἐδω-

421 1573 597 1643 δίμων
643 1574 841 1646 μόνον,
869 1575 1005 1641 ἀλλὰ
1052 1578 1147 1632 καὶ
1187 1579 1295 1634 ἀπὸ
1331 1580 1439 1634 τῶν
1497 1582 1708 1654 πικρῶν
1740 1583 1999 1654 βοτανῶν,

423 1666 543 1721 καὶ)
569 1665 635 1720 τὰ
684 1669 853 1740 κηρία
906 1669 1207 1741 συλλέγειν,
1256 1674 1350 1727 καὶ
1397 1674 1498 1747 τὴν
1527 1676 1785 1746 γλυκεῖαν
1810 1677 2003 1749 δρόσον

423 1754 713 1826 ἀρύεσθαι.
743 1754 899 1812 Εἶδον
928 1759 984 1812 δὲ
1010 1759 1188 1829 ἔγωγε
1221 1762 1316 1815 καὶ
1338 1762 1563 1833 πέτραις
1591 1765 1806 1833 ἀγόνοις
1827 1765 2003 1830 ὲνιζα-

421 1845 640 1913 νοὸσας,
698 1849 794 1902 καὶ
853 1850 953 1920 τὴν
1006 1852 1185 1905 νοτίδα
1229 1853 1330 1924 τὴν
1378 1854 1574 1925 ὀλίγην
1625 1856 1999 1927 ἀνιμωμένας.

423 1936 613 2009 Πολλῷ
640 1939 698 1993 δὲ
717 1939 986 2011 δήπουθεν
1017 1941 1374 2016 δικαιότερον,
1420 1947 1543 2009 τοὺς
1571 1946 1649 2017 τῷ
1680 1947 1824 2018 λόγῳ
1854 1965 2003 2000 τετε.

426 2030 709 2101 μημένους
740 2033 1006 2087 πάντοθεν
1039 2036 1384 2106 καρποῦσθαι
1411 2037 1509 2110 τὴν
1538 2038 1828 2109 ὠφέλειαν.
1860 2039 2003 2108 Ἐγὼ

425 2123 530 2194 μὲν
560 2120 673 2187 οῦν,
709 2125 783 2189 ὡς
821 2126 980 2198 ἔφην,
1004 2129 1281 2203 πειρῶμαι
1314 2129 1619 2198 λανθάνειν,
1659 2132 1753 2186 καὶ
1787 2134 2003 2188 πάντων

425 2214 668 2285 μάλιστα
712 2214 814 2287 τὴν
865 2219 1100 2288 ἡσυχίαν
1149 2219 1488 2291 ἀσπάζομαι.
1553 2222 1895 2278 Ἐπανελθὼν
1946 2225 2003 2278 δὲ

421 2304 618 2376 πρώην
648 2306 757 2361 ἀπὺ
778 2307 878 2377 τῆς
907 2309 1180 2381 ὑμετέρας
1207 2311 1236 2363 ό
1255 2310 1675 2374 θεοσεόέστατος
1698 2315 2002 2384 πρεσϐύτε-

423 2415 520 2469 ρος
549 2398 827 2462 Εὐσέϐιος,
857 2401 1161 2470 ἀπήγγειλε
1201 2403 1488 2456 συνουσίαν
1518 2404 1652 2475 ὑμῖν
1680 2422 1802 2459 τινα
1842 2422 2002 2475 γεγε-

419 2491 640 2562 νῆσθαι,
676 2491 772 2544 καὶ
816 2492 1020 2562 μεταξὺ
1057 2492 1217 2562 λόγου
1247 2496 1390 2560 τινὸς
1427 2497 1523 2549 καὶ
1552 2496 1651 2566 τὴν
1676 2497 1806 2569 περὶ
1844 2497 2002 2569 ἡμῶν

419 2582 734 2652 κινηθῆναι,
769 2584 864 2637 καὶ
897 2583 995 2654 τὴν
1022 2584 1121 2656 σὴν
1145 2586 1427 2639 εὐσέϐειαν
1446 2587 1710 2657 εὐφήμως
1733 2592 1830 2660 τῆς
1859 2589 2001 2658 ἐμῆς

421 2667 731 2738 μνησθῆναι
776 2671 1161 2741 σμικρότητος.
1221 2672 1364 2742 Ἐγὼ
1400 2673 1457 2728 δὲ
1504 2675 1760 2746 ἄγνωμον
1789 2677 1998 2748 ᾠήθην,

416 2761 517 2814 καὶ
542 2759 662 2814 λίαν
696 2761 921 2826 ἄδικον,
954 2763 1044 2816 τὸν
1073 2760 1133 2817 εὖ
1187 2766 1283 2818 καὶ
1319 2764 1503 2830 καλῶς
1543 2769 1892 2839 μεμνημένον
1923 2771 1999 2841 μὴ

416 2855 534 2915 τοῖς
569 2853 705 2916 τσοις
734 2854 1093 2924 ἀμείψασθαι,
1114 2858 1177 2909 ΕΞ
1207 2857 1317 2929 γὰρ
1337 2859 1429 2912 καὶ
1464 2841 1631 2930 μηδὲν
1650 2860 1799 2925 ἄξιον
1828 2864 2002 2935 sium-

419 2943 556 3015 μίας
576 2943 941 3015 εἰργάσμεθα,
967 2947 1083 3001 ἀλλ’
1102 2944 1197 3002 οὖν
1213 2948 1386 3014 οὕτως
1410 2952 1777 3006 ἐπαινούντων
1792 2953 2003 3025 θαυμά-

415 3034 592 3105 ζομεν
616 3036 708 3091 τὸν
734 3040 954 3092 σκοπόν.
999 3041 1248 3111 Ἀγάπης
1285 3042 1394 3113 γάρ
1423 3044 1454 3096 ὁ
1493 3043 1733 3107 τοιοῦτος
1780 3045 2003 3112 ἔπαινος

416 3126 663 3194 ἔκγονος.
701 3128 1159 3201 Προσφθέγγομᾳι
1190 3131 1371 3187 τοίνυν
1410 3133 1507 3205 τὴν
1540 3135 1638 3206 σὴν
1667 3136 1999 3206 θεοσέϐειαν,

2479 1062 2642 1118 LXII.
2672 1094 2742 1104 -—
2767 1064 2965 1119 Joanm'
2999 1065 3315 1138 presbytero.

2184 1150 2367 1208 Vivens
2416 1152 2556 1221 late,
2589 1154 2729 1209 dixit
2772 1154 3045 1225 quispiam
3087 1171 3155 1211 ex
3192 1156 3260 1212 iis
3286 1157 3380 1227 qui
3416 1159 3692 1228 sapientes

2107 1242 2241 1299 olim
2291 1253 2420 1300 sunt
2470 1247 2748 1316 appellati.
2802 1232 2978 1314 Quam
3034 1262 3136 1319 ego
3185 1250 3512 1304 sententiam
3564 1266 3693 1308 cum

2106 1331 2449 1401 probassem,
2493 1336 2662 1391 verba
2705 1336 2864 1393 factis
2886 1337 3213 1392 confirmare
3262 1337 3496 1394 institui.
3545 1339 3695 1397 Nihil

2108 1422 2257 1482 enim
2308 1425 2535 1482 absurdi
2584 1426 2766 1484 facere
2814 1444 2903 1485 me
2949 1429 3280 1495 existimavi,
3330 1431 3374 1487 si
3416 1432 3581 1489 etiam
3624 1433 3695 1488 ab

2106 1515 2231 1573 aliis
2271 1532 2487 1574 sumam
2530 1519 2678 1590 quod
2726 1519 2861 1575 utile
2902 1530 3008 1576 est.
3043 1521 3180 1577 Nam
3216 1529 3273 1577 et
3317 1538 3449 1592 apes
3483 1525 3692 1587 ferunt.

2105 1623 2217 1664 non
2240 1624 2309 1665 ex
2333 1610 2402 1666 iis
2429 1611 2597 1667 modo
2618 1628 2740 1683 qua:
2762 1612 2883 1669 esui
2909 1620 3061 1678 sunt,
3083 1613 3178 1669 sed
3202 1629 3273 1669 ex-
3294 1615 3495 1669 amaris
3523 1616 3691 1673 etiam

2104 1698 2294 1755 herbis
2339 1709 2397 1756 et
2440 1702 2593 1758 favos
2633 1703 2926 1775 colligere,
2967 1712 3024 1758 et
3067 1704 3283 1765 dulcem
3345 1721 3524 1760 rorem
3558 1707 3687 1761 hau-

2104 1790 2235 1846 rire.
2269 1791 2389 1848 Vidi
2422 1802 2479 1850 et
2509 1793 2651 1865 ipse,
2676 1810 2802 1849 cum
2849 1794 2904 1850 in
2947 1794 3094 1851 saxis
3132 1793 3445 1853 infccundis
3487 1797 3691 1853 inside-

2105 1890 2247 1947 rent,
2285 1893 2342 1939 et
2370 1884 2629 1957 exiguum
2661 1885 2949 1941 humorem
2978 1886 3309 1945 delibarent.
3350 1886 3469 1953 Quo
3499 1888 3691 1966 utique

2105 1972 2309 2046 iustius
2343 1982 2448 2040 est,
2472 1990 2569 2030 eos
2603 1976 2699 2047 qui
2727 1976 2941 2032 ratione
2967 1976 3179 2048 praediti
3212 1986 3361 2041 sunt,
3394 1978 3687 2032 utilitatem

2109 2065 2477 2136 undecunque
2518 2066 2839 2138 decerpere.
2880 2069 2995 2140 Ego
3037 2079 3207 2133 certe,
3242 2080 3321 2126 ut
3347 2070 3481 2135 dixi,
3516 2070 3690 2126 latere

2108 2154 2326 2220 studeo,
2365 2163 2422 2209 et
2451 2156 2639 2225 quiete
2681 2171 2745 2212 ac
2784 2156 3006 2212 silentio
3039 2173 3151 2227 prae
3180 2157 3392 2228 1115
3431 2158 3690 2214 omnibus

2108 2244 2373 2300 delector.
2428 2245 2670 2300 Rediens
2724 2254 2908 2301 autem
2950 2263 3130 2317 nuper
3173 2263 3240 2301 ex
3286 2247 3464 2318 patria
3509 2256 3693 2303 vestra

2108 2336 2553 2406 religiosissimus
2619 2338 2908 2409 presbyter
2974 2338 3288 2402 Eusebius,
3357 2346 3691 2394 conventum

2107 2428 2400 2498 quemdam
2444 2430 2591 2500 apud
2619 2446 2719 2485 vos
2748 2431 2949 2485 factum
2979 2431 3246 2495 narravit,
3279 2440 3446 2501 atque
3486 2431 3540 2485 in
3575 2447 3691 2486 ser-

2107 2532 2269 2572 mone
2321 2518 2580 2589 quodam,
2624 2535 2753 2575 eum
2796 2520 2866 2575 de
2912 2536 3001 2575 me
3042 2523 3228 2576 etiam.
3255 2523 3424 2577 verba
3468 2521 3686 2582 ﬂerent.

2107 2607 2463 2665 honorificam
2494 2626 2523 2665 a
2552 2611 2753 2681 pietate
2787 2620 2879 2667 tua
2916 2611 2985 2667 de
3023 2627 3142 2667 mea
3173 2614 3443 2683 parvitate
3486 2612 3695 2666 factam

2105 2716 2226 2757 esse
2273 2702 2636 2758 mentionem.
2698 2702 2856 2758 Unde
2905 2702 3177 2773 ingratum
3217 2710 3384 2773 atque
3422 2704 3695 2773 iniustum

2104 2794 2222 2850 fore
2262 2796 2473 2861 censui,
2509 2796 2560 2852 ei
2593 2797 2689 2867 qui
2734 2798 2993 2867 praeclare
3016 2806 3072 2853 et
3107 2798 3339 2853 honeste
3370 2798 3541 2853 nostri
3567 2813 3695 2852 meo

2105 2887 2335 2942 minerit
2361 2887 2511 2958 paria
2538 2904 2648 2942 non
2677 2888 2905 2943 referre.
2930 2889 3049 2944 Etsi
3084 2889 3232 2943 enim
3269 2889 3432 2943 laude
3461 2889 3689 2959 dignum

2105 2976 2246 3032 nihil
2264 2979 2497 3048 egimus,
2521 2994 2716 3033 eorum
2744 2989 2927 3035 tamen
2948 2981 3041 3051 qui
3070 2981 3151 3035 sic
3178 2978 3422 3041 laudant,
3449 2987 3709 3033 mentem

2106 3076 2163 3123 et
2185 3068 2476 3125 consilium
2503 3072 2856 3141 suspicimus.
2891 3071 3188 3128 Cbaritatis
3213 3072 3361 3127 enim
3389 3080 3578 3141 partus
3605 3079 3700 3126 est

2108 3159 2423 3231 liujusmodi
2469 3161 2734 3216 laudatio.
2776 3162 2966 3218 Saluto
3005 3163 3172 3235 igitur
3209 3162 3466 3233 pietatem
3515 3171 3688 3227 tuam,

414 3216 656 3287 διακόνῳ
689 3218 974 3289 χρώμενος
1017 3221 1128 3274 τῶν
1162 3226 1508 3294 γραμμάτων
1551 3227 1763 3298 ἐκείνῳ,
1796 3228 1856 3291 ὃς
1903 3231 2000 3285 καὶ

2106 3250 2417 3307 litterarum
2453 3252 2708 3308 ministro
2733 3262 2897 3309 utens
2926 3254 3039 3318 illo,
3074 3255 3169 3324 qui
3213 3265 3304 3309 tua
3329 3255 3448 3309 sine
3486 3254 3692 3324 scripto

416 3309 551 3369 τοὺς
577 3308 863 3380 ἀγράφους
884 3327 979 3363 σου
1000 3311 1214 3378 λόγους,
1247 3312 1341 3377 οὒς
1364 3316 1494 3388 περὶ
1514 3317 1672 3387 ἡμῶν
1701 3319 1997 3390 διεξῆλθες,

418 3399 616 3471 πρώην
663 3402 949 3473 κεκόμικε.
991 3405 1297 3474 Δεξάμενος
1338 3406 1554 3472 τοίνυν,
1594 3408 1999 3479 θεοφιλέστατε,

415 3490 522 3561 τὴν
545 3493 855 3565 ἐπιστολὴν,
882 3493 1112 3564 ἄμειψαι
1156 3494 1227 3548 τὰ
1272 3497 1596 3568 γράμματα.
1635 3495 1852 3571 τΗρέξοις
1902 3502 2004 3572 μὲν

415 3583 531 3654 γὰρ
559 3582 736 3651 λόγων
762 3584 946 3650 αὐτὸς,
983 3584 1097 3654 ἐγὼ
1117 3586 1175 3639 δὲ
1208 3588 1587 3658 γραμμάτων·
1626 3590 1720 3645 καὶ
1760 3593 2003 3664 ἠμειψά-

422 3691 536 3745 μην
562 3676 858 3746 γράμμασι
879 3678 1006 3740 τοὺς
1042 3676 1254 3746 λόγους.
1297 3679 1563 3735 Λείπεται
1615 3682 1795 3738 τοίνυν
1832 3702 1891 3739 σε
1933 3688 2004 3742 τά

415 3767 728 3838 γράμματα
756 3767 1101 3840 γράμμασιν-

877 3877 993 3935 EI".
1020 3911 1092 3921 --
1135 3881 1539 3950 Ἐορταστική.

495 3969 620 4025 Τῶν
656 3970 755 4041 μὲν
788 3971 963 4025 ἄλλων
996 3973 1096 4044 τῆς
1121 3975 1315 4045 ἑορτῆς
1359 3976 1580 4042 ἀγαθῶν
1612 3977 1857 4049 συνήθως
1894 3981 2003 4036 ἁπ-

417 4062 752 4133 ελαύσαμεν.
782 4064 891 4117 Καὶ
922 4064 1032 4136 γὰρ
1064 4065 1162 4137 τὴν
1196 4066 1304 4119 τῶν
1343 4073 1627 4140 σωτηρίων
1659 4071 2002 4143 παθημάτων

417 4153 673 4223 ἑωρτὰσα
682 4172 780 4224 μεν
806 4156 1045 4225 μνήμην,
1073 4156 1165 4210 καὶ
1187 4155 1276 4210 διὰ
1296 4157 1395 4229 τῆς
1416 4160 1752 4230 Δεσποτικῆς
1769 4163 2003 4217 ἀναστά-

418 4262 560 4309 σεως
591 4245 891 4317 ἐδεξάμεθα
924 4249 993 4299 τε
1021 4247 1118 4318 τῆς
1148 4251 1334 4320 κοινῆς
1380 4250 1730 4315 ἀναστάσεως
1766 4254 2000 4323 εὐαγγέ-

2104 3345 2297 3407 verba,
2330 3358 2451 3414 qua:
2481 3345 2549 3400 de
2584 3345 2744 3400 nobis
2772 3345 3068 3410 habueras,
3094 3360 3273 3415 nuper
3302 3346 3370 3400 ad
3402 3360 3511 3400 nos
3528 3346 3689 3401 detuo

2107 3435 2190 3489 lit.
2241 3435 2323 3490 Tu
2370 3452 2507 3491 vero
2550 3446 2807 3507 suscepta
2855 3437 3108 3508 epistola,
3146 3438 3242 3493 Dei
3289 3437 3685 3501 amantissime,

2105 3523 2320 3580 litteras
2355 3524 2560 3580 litteris
2585 3524 2777 3581 redde.
2819 3524 2954 3580 Nam
2987 3525 3152 3580 verba
3181 3533 3236 3579 tu
3271 3523 3494 3593 quidem
3532 3523 3688 3591 prior

2106 3616 2406 3685 usurpasti,
2438 3631 2541 3687 ego
2569 3631 2702 3671 vero
2743 3616 2981 3681 litteras,
3016 3625 3073 3671 et
3114 3631 3214 3685 pro
3247 3615 3435 3670 verbis
3474 3615 3689 3670 litteras

2108 3707 2327 3764 reddidi
2373 3724 2388 3761 :
2433 3715 2607 3763 restat
2642 3723 2791 3764 nunc
2823 3724 2955 3780 ergo
2997 3716 3058 3763 ut
3117 3716 3173 3763 tu
3213 3721 3432 3778 quoque
3477 3707 3704 3762 litteras.

2104 3799 2308 3856 litteris
2339 3814 2683 3871 compenses.

2558 3914 2741 3971 LXIII.
2772 3946 2840 3957 -—
2870 3913 3201 3970 Heorlastica
3214 3955 3227 3970 .

2174 4003 2314 4060 Aliis
2351 4005 2575 4076 quidem
2617 4005 2728 4062 diei
2773 4006 2898 4065 festi
2931 4006 3093 4061 bonis
3124 4005 3194 4060 de
3220 4020 3371 4060 more
3403 4002 3560 4074 potiti
3598 4016 3691 4055 sw-

2104 4110 2250 4152 mus.
2280 4096 2417 4150 Nam
2456 4105 2514 4152 et
2556 4097 2814 4152 salutaris
2863 4097 3134 4167 passionis
3171 4094 3494 4151 memoriam
3538 4093 3685 4148 cele-

2104 4186 2407 4253 bravimus,
2430 4197 2483 4243 et
2509 4204 2611 4260 per
2634 4188 2974 4243 Dominicam
3006 4187 3463 4243 resurrectionem
3492 4187 3506 4204 ⁰
3531 4199 3684 4239 eom-

2104 4277 2289 4332 munis
2333 4278 2759 4335 resurrectionis
2786 4277 3069 4348 evangelia
3102 4276 3466 4348 suscepimus,
3496 4273 3689 4327 inetia-

416 4339 533 4403 λια,
575 4339 668 4395 καὶ
705 4338 802 4409 τὴν
831 4338 1070 4411 ἄρρητον
1103 4338 1197 4392 τοῦ
1235 4339 1370 4394 Θεοῦ
1409 4343 1505 4396 καὶ
1546 4344 1800 4417 Σωτῆρος
1843 4348 2001 4416 ἡμῶν

2106 4368 2380 4439 bilemque
2426 4368 2523 4423 Dei
2572 4375 2630 4423 et
2680 4338 2992 4423 Servatoris
3054 4366 3231 4421 nostri
3265 4338 3682 4439 .bumanitatcm

418 4428 838 4499 φιλανθρωπίαν
858 4431 1199 4501 ὑμνήσαμεν·
1227 4433 1260 4502 ἡ
1292 4430 1348 4484 δὲ
1380 4432 1489 4486 τῶν
1504 4433 1842 4505 Ἐκκλησιῶν
1863 4438 1997 4510 ζάλη

2106 4459 2362 4516 laudibus
2404 4459 2704 4516 extulimus
2751 4478 2765 4514 :
2804 4474 2997 4514 verum
3045 4458 3416 4514 Ecclesiarum
3458 4456 3685 4527 agitatio

420 4519 673 4590 καθαρᾶς
705 4519 1028 4593 μεταλαχεϊν
1059 4521 1396 4593 εὐφροσύνης
1424 4523 1524 4577 οὐκ
1558 4525 1761 4581 εἴασεν.
1800 4528 1862 4581 Ei
1893 4530 2001 4601 γὰρ

2106 4548 2323 4603 sincera
2363 4563 2467 4603 nos
2508 4548 2695 4603 laetitia
2737 4547 2945 4618 perfrui
2997 4562 3106 4602 non
3153 4546 3425 4617 permisit.
3466 4545 3685 4600 Etenim

418 4613 541 4677 ἑνὸς
587 4613 783 4684 μέλους
820 4611 1116 4682 ἀλγοῦντος
1151 4614 1270 4669 ὅλον
1311 4618 1683 4697 κοινωνείίτῆς
1709 4594 1914 4692 ὀδύνης⁷
1939 4594 2000 4679 τὶ)

2106 4594 2321 4603 -------..
2365 4594 2465 4603 --η
2508 4594 2695 4603 ...-.--..
2738 4594 2945 4618 ,,.,-----
2997 4594 3106 4602 η---
3153 4594 3425 4617 ,-----.----
3466 4594 3682 4600 --ηπ

2106 4639 2149 4694 si
2197 4638 2417 4695 dolente
2478 4654 2589 4694 uno
2622 4639 2872 4694 membro
2924 4646 3099 4693 totum
3151 4652 3354 4706 corpus
3408 4636 3682 4702 turbatur,

416 4704 610 4776 σῶμα,
640 4704 841 4768 παντὸς
862 4707 1265 4778 ταραττομένου
1290 4707 1383 4762 τοῦ
1405 4707 1656 4780 σώματος
1682 4712 1799 4777 πῶς
1824 4713 2001 4767 ἔνεστι

421 4796 502 4869 μὴ
530 4796 786 4868 θρηνεῖν;
830 4797 1120 4853 Ἐπιτείνει
1146 4799 1203 4853 δὲ
1241 4801 1377 4871 ἡμῖν
1401 4802 1501 4872 τὴν
1546 4784 1783 4874 ἀθυμίαν
1820 4805 1881 4858 τὸ
1913 4824 2001 4861 νο-

421 4888 605 4959 μίζειν
638 4884 778 4943 εἶναι
804 4889 979 4944 ταῦτα
1020 4891 1118 4961 τῆς
1160 4892 1456 4956 παντελοῦς
1494 4894 1834 4960 ἀποστασίας
1866 4915 2001 4968 προ-

415 4979 622 5049 οίμιον.
674 4978 935 5045 Εὑξάσθω
990 4980 1170 5037 τοίνυν
1229 4983 1263 5051 ἡ
1319 4981 1602 5038 θεοσέϐειά
1644 5002 1760 5051 σου,
1811 4989 1859 5041 εί
1898 4991 2001 5058 μὲν

414 5069 595 5123 ταῦτα
616 5067 790 5133 οὕτως
814 5069 951 5139 ἔχει.
983 5070 1080 5139 τῆς
1105 5070 1252 5135 θείας
1280 5072 1426 5142 ἡμᾶς
1448 5073 1770 5146 ἐπικουρίας
1791 5080 1997 5147 τυχεῖν,

384 5192 387 5195 ν
416 5158 512 5212 ἵνα
542 5157 864 5228 δυνηθῶμεν
890 5177 908 5210 ι
939 5159 1274 5229 ἀντιστῆναι,
1298 5162 1440 5217 κατὰ
1465 5163 1558 5216 τὸν
1581 5164 1725 5219 θεῖον
1752 5166 2001 5222 ’Δπόστο-

415 5252 536 5315 λον,
566 5253 635 5322 τῇ
657 5251 842 5323 ᾑμέρᾳ
869 5253 934 5322 τῇ
957 5253 1188 5323 πονηρᾷ.
1230 5271 1250 5303 ι
1302 5253 1362 5307 Ei
1391 5253 1449 5307 δέ
1470 5272 1556 5318 τις
1588 5258 1778 5328 χρόνος
1805 5258 2002 5315 ὑπολέ-

417 5343 642 5396 λειπται
663 5344 731 5413 τῇ
754 5339 848 5395 τοῦ
878 5341 991 5414 (41)
1027 5342 1142 5413 βίου
1174 5344 1450 5411 συστάσει,
1482 5343 1709 5416 λυθῆναι
1750 5347 1842 5402 τὸν
1870 5350 2000 5405 κλύ-

417 5433 585 5498 δωνα,
626 5432 729 5485 εκαὶ
780 5434 881 5504 τὴν
935 5433 1207 5505 προτέραν
1249 5435 1489 5507 γαλήνην
1533 5437 1633 5500 τὰς
1674 5438 2001 5513 Ἐκκλησίας

416 5522 738 5577 ἀπολαὸεῑνο
797 5523 886 5577 ἵνα
942 5524 1017 5597 μὴ
1071 5526 1417 5581 ὲπιπλείστον
1486 5529 1535 5582 oi
1589 5529 1689 5600 τῆς
1744 5530 1998 5604 ἀληθείας

419 5612 611 5685 ἐχθροὶ⁸
638 5615 759 5680 ταῖς
787 5615 1082 5687 ἡμετέραις
1113 5618 1526 5688 ὲπαγάλλωνται
1560 5624 1883 5696 συμφοραῖς.

499 5748 544 5781 ⁸⁸
574 5748 775 5820 Ephes.
818 5767 890 5816 τι,
931 5753 1016 5809 15.

498 5867 611 5941 (41)
642 5867 792 5922 τοῦδε
826 5868 991 5940 Neap.
1106 5940 1115 5945 _

2103 4734 2197 4802 qui
2217 4731 2301 4786 fas
2318 4739 2404 4787 est
2426 4748 2535 4787 non
2562 4731 2783 4802 lugere?
2808 4730 3138 4802 Auget‘vero
3165 4738 3222 4783 et
3249 4728 3485 4783 intendit
3511 4727 3686 4784 tristi—

2106 4823 2237 4877 tiam
2281 4833 2544 4888 nostram,
2576 4821 2723 4893 quod
2766 4822 2985 4877 initium
3025 4821 3127 4877 ista
3159 4827 3421 4891 putentur
3448 4833 3570 4874 esse
3598 4819 3686 4873 in-

2104 4922 2273 4986 tegra
2302 4922 2359 4970 et
2393 4915 2658 4975 absoluta:
2678 4912 3026 4970 defectionis.
3062 4912 3330 4979 Quocirca
3361 4916 3484 4967 oret
3513 4909 3687 4979 pietas

2105 5012 2219 5069 tua,
2264 5005 2311 5060 si
2364 5005 2588 5075 quidem
2640 5005 2759 5060 haec
2806 5004 2880 5058 ita
2937 5019 2997 5059 se
3055 5001 3282 5065 habent,
3327 5010 3389 5055 ut
3436 4998 3685 5055 divinum

2109 5097 2324 5166 1116
2341 5096 2605 5151 auxilium
2638 5096 3029 5166 adipiscamur,
3063 5107 3176 5163 quo
3207 5091 3504 5163 possimus,
3535 5089 3682 5160 quod

2105 5186 2183 5253 ait
2218 5186 2536 5255 Apostolus,
2562 5206 2580 5237 ι
2610 5187 2869 5242 resistere
2892 5185 2946 5240 in
2970 5185 3061 5240 die
3081 5184 3227 5240 malo
3250 5184 3347 5237 ³⁸.»
3376 5183 3471 5238 Sin
3498 5191 3681 5237 autem

2108 5276 2379 5347 reliquum
2417 5277 2641 5348 aliquod
2664 5287 2749 5333 est
2780 5287 2997 5349 tempus
3026 5277 3096 5333 ad
3123 5292 3213 5333 res
3248 5272 3679 5334 constituendas.

2108 5378 2171 5424 ut
2204 5368 2428 5423 sedetur
2458 5377 2777 5440 tempestas,
2807 5378 2866 5426 et
2897 5368 3186 5441 pristinam
3233 5363 3681 5435 tranquillitatem

2106 5463 2364 5519 Ecclesia).
2394 5464 2683 5536 recipiant,
2721 5481 2791 5521 ne
2821 5464 3070 5521 veritatis
3102 5464 3288 5520 hostes
3312 5458 3380 5515 de
3404 5453 3684 5515 calamita-

2103 5555 2254 5612 tibus
2281 5554 2486 5612 nostris
2512 5556 2805 5613 exsultent.
