4056 6462
465 489 601 555 1235
1361 555 1363 558 .

919 607 1100 662 LXIV.
1127 639 1197 646 —
1225 608 1578 664 lleortastica.

527 723 648 790 Quo
696 734 943 791 tempore
999 724 1299 778 salutarem
1346 725 1658 794 passionem
1702 742 1803 794 pro
1841 742 2042 796 genere

455 813 696 867 humano
739 811 966 880 pertulit
1006 811 1292 875 Dominus,
1321 811 1591 866 mmrebat
1625 827 1789 882 supra
1819 812 2042 866 modum

454 915 738 956 sacrorum
802 900 1178 969 apostolorum
1243 901 1481 954 chorus:
1546 916 1648 955 nec
1702 901 1852 955 enim
1908 900 2042 955 satis

452 1004 804 1064 perspectum
832 994 1109 1049 habebant
1134 995 1378 1049 fructum
1415 997 1706 1066 passionis.
1745 997 2040 1066 Postquam

450 1102 584 1140 vero
616 1085 914 1156 profectam
946 1102 1013 1140 ex
1057 1102 1121 1141 ea
1166 1087 1400 1142 salutem
1440 1094 1840 1157 cognoverunt,
1875 1103 2042 1143 evan-

451 1177 578 1248 gelii
618 1193 714 1232 seu
748 1177 879 1232 boni
912 1177 1094 1231 nuntii
1125 1178 1348 1242 nomine
1382 1177 1656 1246 passionis
1690 1175 2036 1246 praedicatio-

449 1280 582 1319 nem
624 1266 990 1335 appellarunt,
1027 1281 1260 1335 eamque
1289 1266 1545 1320 omnibus
1575 1266 1890 1320 hominibus
1922 1266 2036 1320 ala-

451 1357 622 1411 criter
652 1357 1089 1427 promulgarunt.
1127 1357 1342 1411 Fideles
1379 1368 1584 1422 autem,
1609 1357 1810 1428 quippe
1852 1359 2038 1412 animo

451 1449 766 1513 illuminati,
799 1449 900 1503 hac
926 1449 1089 1502 hilari
1119 1449 1302 1503 animo
1328 1458 1604 1519 suscepta,
1625 1450 1896 1519 passionis
1924 1467 2038 1506 me-

452 1544 683 1597 moriam
722 1542 810 1597 die
841 1542 981 1596 festo
1008 1541 1216 1604 colunt,
1243 1549 1297 1596 et
1327 1541 1524 1596 mortis
1556 1551 1774 1611 tempus
1801 1542 1857 1596 in
1886 1543 2037 1612 epuli

453 1635 904 1703 celebritatisque
948 1633 1295 1688 occasionem
1338 1640 1688 1687 convertunt.
1730 1633 2036 1705 Conjuncta

450 1726 598 1781 enim
641 1725 976 1780 resurrectio
1014 1725 1207 1779 mortis
1241 1724 1450 1778 luctum
1482 1725 1728 1795 depellit,
1760 1734 1815 1782 ct
1840 1728 2037 1799 pignus

448 1819 509 1875 fit
551 1819 862 1875 communis
907 1819 1350 1873 resurrectionis.
1404 1817 1517 1872 Hac
1560 1818 1616 1871 in
1669 1834 1911 1888 praesens
1948 1836 2036 1875 so-

443 1911 730 1967 lemnitate
751 1911 1050 1981 perfuncti,
1072 1909 1336 1980 pietatem
1364 1916 1514 1962 tuam
1538 1910 1864 1977 salutamus,
1885 1911 2036 1967 festi-

443 2002 630 2056 vitatis
663 2001 868 2064 indicia
915 2013 1175 2072 tanquam
1221 2001 1430 2056 bonum
1473 2001 1766 2071 quemdam
1805 2002 2033 2059 odorem

447 2094 790 2149 emittentes.

693 2205 851 2260 LXV.
884 2236 954 2244 —
981 2204 1185 2258 Zenoni
1228 2205 1480 2276 magistro
1529 2204 1779 2258 militum.

515 2319 781 2376 Humanis
826 2319 1341 2389 perturbationibus
1385 2318 1545 2383 affici,
1581 2319 1842 2375 omnibus
1884 2335 2032 2374 com-

440 2426 612 2465 mune
637 2418 723 2464 est
754 2427 766 2462 :
794 2408 939 2463 ferre
968 2417 1152 2463 autem
1181 2409 1419 2474 fortiter,
1447 2410 1738 2464 et'illarum
1769 2411 2029 2480 impetum

441 2503 718 2574 frangere,
755 2517 865 2556 non
914 2504 1026 2571 jam
1075 2517 1387 2556 commune.
1442 2501 1583 2555 Illud
1627 2502 1775 2555 enim
1821 2511 2031 2558 naturae

437 2601 544 2656 est,
574 2593 679 2648 hoc
723 2592 935 2662 1117
963 2607 1097 2646 vero
1135 2588 1372 2646 arbitrii.
1403 2590 1558 2646 Unde
1587 2599 1643 2644 et
1672 2591 2030 2662 philosophos

439 2685 791 2754 suspicimus,
825 2684 918 2753 qui
951 2684 1157 2752 optima
1182 2683 1472 2753 elegerint,
1501 2689 1558 2736 et
1584 2683 2030 2752 perturbationes

437 2775 672 2831 consilio
724 2775 1060 2844 superarint.
1105 2773 1517 2844 Philosophiam
1579 2784 1763 2829 autem
1813 2774 2030 2844 perficit

437 2883 562 2937 quae
602 2867 660 2921 in
702 2865 864 2920 nobis
904 2873 990 2920 est
1033 2865 1196 2930 ratio,
1229 2881 1352 2934 qua:
1389 2865 1836 2935 perturbationes
1866 2867 2026 2937 regit,

439 2962 456 2978 ‘
497 2974 600 3014 nec
643 2957 867 3012 ducitur
902 2958 970 3011 ab
1007 2957 1136 3011 illis.
1180 2957 1297 3011 Una
1335 2972 1504 3026 porro
1532 2973 1563 3012 e
1593 2957 2028 3027 perturbationi-

436 3051 543 3107 bus
569 3049 826 3104 humanis
847 3057 931 3104 est
963 3048 1213 3113 tristitia,
1249 3064 1414 3118 quam
1448 3056 1510 3102 ut
1537 3049 1717 3103 vincat
1740 3049 2027 3105 hortamur

435 3140 902 3212 magniﬁcentiam
936 3147 1196 3194 vestram.
1236 3139 1420 3196 Facile
1450 3147 1635 3194 autem
1668 3140 1826 3195 vobis
1861 3139 2028 3196 fuerit

432 3231 721 3286 tristitiam
745 3230 988 3295 vincere,
1024 3229 1069 3284 si
1093 3237 1149 3284 et
1178 3237 1431 3284 naturam
1459 3229 1732 3300 cogitetis,
1757 3238 1814 3284 et
1841 3229 2025 3284 luctus

437 3319 789 3389 dispendium
828 3319 1209 3374 eonsideretis.
1244 3319 1402 3385 Quod
1445 3320 1596 3373 enim
1631 3318 1907 3374 defunctis
1937 3319 2022 3373 lu-
2049 3309 2090 3366 C

434 3427 593 3468 crum
622 3411 748 3476 erit,
781 3411 942 3467 nobis
976 3411 1363 3483 plangentibus
1416 3411 1701 3480 luctuique
1732 3411 2021 3480 indulgen-

433 3502 619 3558 tihus?
674 3503 854 3569 Quare
919 3517 1044 3556 cum
1115 3501 1302 3556 animo
1352 3502 1692 3556 revolvimus
1753 3502 2019 3556 natalium

435 3591 906 3655 communionem,
947 3600 1005 3645 et
1046 3591 1195 3662 longi
1234 3591 1501 3660 temporis
1542 3592 2018 3658 consuetudinem,

435 3689 493 3736 et
534 3682 736 3738 claram
770 3682 1048 3746 militiam,
1083 3691 1142 3737 et
1183 3697 1214 3736 a
1258 3682 1449 3737 multis
1479 3682 1768 3738 decantata
1803 3682 2022 3754 egregia

436 3773 702 3836 facinora,
741 3772 1046 3842 cogitemus
1084 3773 1367 3828 hominem
1407 3773 1576 3829 fuisse
1605 3789 1768 3844 quem
1803 3773 1904 3829 ista
1936 3790 2025 3830 or-

435 3865 665 3928 nabant,
699 3864 1035 3934 decretoque
1068 3868 1265 3921 mortis
1303 3867 1638 3932 obnoxium;
1673 3867 1844 3922 Deum
1874 3867 2026 3922 insu-

436 3972 543 4030 per
568 3957 754 4012 omnia
783 3957 1079 4023 moderari,
1103 3959 1312 4028 etquid
1338 3959 1686 4029 profuturum
1713 3961 1784 4014 sit
1821 3961 2026 4015 eertius

438 4065 626 4114 nosse,
655 4065 833 4119 eoque
879 4065 967 4104 res
1011 4040 1281 4106 humanas
1324 4051 1583 4123 dirigere.
1635 4051 1760 4106 Haec
1795 4067 1895 4122 ego
1924 4068 2026 4124 pro

438 4142 686 4211 epistola:
729 4157 990 4196 mensura
1035 4142 1254 4213 scripsi,
1295 4144 1650 4198 eminentiam
1687 4153 1835 4208 tuam
1865 4145 2027 4200 obse-

438 4249 620 4300 crans,
652 4243 713 4289 ut
742 4243 892 4289 tuam
934 4235 1095 4290 nobis
1128 4236 1386 4290 omnibus
1418 4237 1789 4292 valetudinem
1822 4253 2025 4292 conce-

435 4324 559 4384 das,
591 4339 754 4392 quam
789 4334 850 4378 ut
883 4341 1213 4380 conservare
1255 4327 1446 4382 lwtitia
1487 4328 1647 4393 solet,
1691 4327 1771 4383 sic
1803 4327 2026 4383 tristitia

439 4414 787 4471 labefactare.
843 4417 954 4472 Hac
1002 4418 1150 4473 enim
1195 4421 1261 4476 de
1306 4437 1471 4476 causa
1511 4436 1861 4476 communem
1903 4437 2027 4492 spe-

439 4515 595 4563 ctans
617 4509 909 4565 utilitatem
935 4513 1221 4582 epistolam
1249 4514 1491 4569 exaravi.

2058 4660 2170 4754 υει

854 4797 1036 4854 LXVI.
1073 4831 1138 4839 -α
1175 4800 1330 4854 Aer-io
1351 4801 1613 4870 sap/iisne.

513 4905 595 4961 Ad
621 4908 1017 4976 optatissimam
1049 4910 1427 4966 celebritatem
1467 4927 1667 4980 parens
1687 4921 1741 4967 et
1777 4914 1942 4969 altrix
1974 4924 2026 4970 te

443 4999 620 5049 vocat.
663 4994 831 5050 Sacro
864 4999 1069 5052 etenim
1097 4999 1303 5067 templo
1335 5006 1540 5054 tectum
1571 5001 1888 5070 impositum
1917 5015 2022 5070 est,

442 5091 500 5137 ct
521 5084 858 5138 conveniens
896 5097 1123 5142 ornatus
1149 5089 1418 5155 accessit,
1443 5101 1499 5144 et
1530 5090 1872 5149 habitatores
1900 5097 1994 5165 qui
2011 5125 2024 5136 ς

446 5175 548 5227 bus
589 5180 934 5228 exstructum
972 5185 1056 5231 est
1099 5179 1394 5234 desiderat.
1434 5179 1500 5234 Hi
1533 5190 1662 5236 sunt
1699 5187 1930 5253 apostoli
1966 5196 2022 5241 et

445 5264 746 5334 prophetae,
777 5265 988 5322 Veteris
1016 5283 1079 5322 ac
1104 5269 1239 5323 Novi
1276 5271 1611 5327 Tcslamenli
1635 5275 1848 5331 eximiae
1870 5278 2020 5334 vocis

443 5369 742 5424 prasconcs.
769 5356 987 5412 Festum
1013 5358 1176 5429 igitur
1202 5362 1245 5429 1
1259 5364 1300 5430 1
1314 5364 1420 5432 18
1436 5365 1728 5433 praesentia
1747 5375 1839 5422 tua
1860 5385 2021 5424 exor-

441 5461 532 5510 na,
565 5455 624 5504 et
649 5456 962 5509 manantem
983 5466 1051 5505 ex
1067 5467 1134 5506 eo
1157 5453 1598 5510 benedictionem
1630 5458 1911 5524 hauriens,
1938 5462 2023 5515 fac

441 5546 502 5590 ut
530 5538 689 5594 nobis
723 5540 888 5594 latior
917 5541 989 5595 sit
1014 5542 1354 5596 solemnitas.

513 5779 622 5857 (ίὲ)
656 5781 746 5833 τοῦ
783 5783 1006 5857 πάθους,
1038 5786 1181 5853 quod
1215 5787 1390 5857 ipsum
1419 5785 1688 5857 Sirmondi
1720 5788 1897 5842 vcrsio
1927 5805 2018 5843 cx-

443 5854 656 5919 prcssit,
691 5854 1063 5919 reponendum
1093 5871 1123 5909 c
1157 5856 1290 5908 Cod.
1327 5854 1558 5909 Vindob.

513 5915 624 5984 (i3)
658 5915 769 5984 καί,
798 5922 941 5988 quod
987 5923 1216 5979 habebat
1262 5926 1453 5994 Νρεψι,
1486 5925 1761 5981 exciderat
1791 5943 1819 5982 c
1855 5928 2016 5984 Sirm.

1491 495 1977 556 THEODORETI
2017 497 2355 557 EPISCOPI
2396 497 2761 556 CYRENSIS

2071 616 2118 670 A

2068 1954 2108 2009 Β

3569 499 3587 565 1
3600 501 3684 565 226

2602 609 2716 663 ΞΣ.
2759 637 2822 646 ——-
2857 605 3260 675 Ἐορταστική.

2227 723 2420 778 Ἦνίκα
2483 724 2579 793 μὲν
2644 722 2706 775 τὸ
2755 721 3021 790 σωτήριον
3085 719 3255 782 πάθος
3299 722 3430 793 ὑπὲρ
3483 723 3565 777 τοῦ
3607 729 3686 794 γέ-

2143 833 2268 880 νους
2314 815 2424 868 τῶν
2463 813 2765 884 ἀνθρώπων
2794 815 2821 866 ὁ
2848 811 3124 883 Δεσπότης
3169 812 3475 882 ὑπέμεινεν,
3515 815 3692 886 ἠθύμει

2142 909 2262 962 λίαν
2306 908 2334 960 ό
2361 907 2471 961 τῶν
2505 906 2665 978 ἱερῶν
2706 905 3021 958 ἀποστόλων
3063 904 3244 976 χορός·
3279 906 3338 958 οὑ
3381 905 3485 976 γὰρ
3515 907 3692 977 ᾔδεσαν

2140 1000 2386 1071 ἀκριϐῶς
2421 999 2512 1053 τὸν
2544 1001 2638 1052 τοῦ
2675 997 2881 1060 πάθους
2913 996 3148 1067 καρπόν.
3188 996 3402 1067 Ἐπειδὴ
3446 998 3502 1050 δὲ
3545 998 3695 1066 ἔγνω-

2143 1106 2242 1142 σαν
2264 1089 2361 1159 τὴν
2389 1087 2640 1141 ἐντεῦθεν
2667 1087 3046 1157 βλαστήσασαν
3074 1087 3368 1156 σωτηρίαν,
3406 1086 3696 1156 εὐαγγέλιον

2140 1180 2408 1233 ἐκάλεσαν
2437 1179 2496 1232 τὸ
2521 1178 2616 1232 τοῦ
2643 1179 2848 1241 πάθους
2874 1177 2984 1248 (42)
3007 1179 3287 1248 κήρυγμα,
3311 1177 3406 1230 καὶ
3432 1177 3582 1231 τοῦτο
3609 1183 3702 1234 πᾶ-

2142 1288 2227 1323 σιν
2248 1269 2555 1342 ἀνθρώποις
2595 1269 2894 1340 προθύμως
2926 1270 3328 1339 προσήνεγκαν.
3363 1270 3423 1322 Οἱ
3461 1267 3515 1321 δὲ
3549 1287 3700 1325 πεπι-

2141 1363 2450 1427 στευκότες,
2500 1362 2596 1416 άτε
2635 1361 2700 1433 δὴ
2735 1361 2826 1414 τὸν
2858 1361 2983 1414 νοῦν
3015 1359 3400 1429 φωτισθέντες,
3435 1361 3706 1426 ἀσπασίως

2137 1453 2296 1506 τοῦτο
2321 1451 2624 1522 δεξάμενοι,
2654 1449 2972 1522 ἑορτάζουσι
3002 1451 3098 1504 τοῦ
3125 1451 3332 1514 πάθους
3355 1450 3452 1521 τὴν
3477 1455 3702 1524 μνήμην,

2138 1549 2235 1597 καὶ
2278 1543 2369 1596 τὸν
2408 1542 2636 1596 θανάτου
2671 1542 2860 1614 καιρὸν
2886 1541 3236 1620 δημοθοινίας
3269 1542 3454 1612 έχουσι
3484 1545 3576 1596 καὶ
3606 1544 3706 1615 (45)

2137 1637 2500 1707 πανηγύρεως
2536 1637 2810 1707 ἀφορμήν.
2858 1625 3186 1705 Συνημμένη
3217 1635 3329 1705 γὰρ
3369 1636 3400 1704 ὴ
3429 1635 3708 1702 ἀνάστασις

2137 1728 2432 1784 ἀποϐάλλει
2461 1727 2570 1800 (44)
2595 1727 2688 1781 τοῦ
2721 1727 2954 1781 θανάτου
2978 1726 3070 1779 τὸν
3099 1726 3320 1797 θρῆνον,
3365 1727 3462 1779 καὶ
3487 1726 3583 1796 τῆς
3603 1745 3710 1781 κοι-

2137 1820 2235 1890 νῆς
2289 1819 2640 1881 ἀναστάσεως
2679 1818 2942 1889 ἐχέγγυος
2973 1817 3202 1886 γίνεται.
3244 1818 3466 1889 Ταύτης
3507 1820 3596 1872 ἐπὶ
3626 1819 3710 1872 τοῦ

2139 1911 2406 1980 παρόντος
2439 1910 2836 1980 μεταλαχόντες
2861 1909 2960 1979 τῆς
2988 1909 3205 1979 ἑορτῆς,
3230 1909 3716 1980 προσφθεγγόμεθά

2140 1991 2233 2053 σου
2267 1999 2365 2071 τὴν
2392 2000 2724 2064 θεοσέϐειαν,
2752 1996 2862 2052 οἶόν
2888 2017 3012 2054 τινα
3044 2000 3311 2071 εὐοσμίαν
3346 2001 3714 2072 ἐκπέμποντες

2134 2092 2234 2162 τῆς
2267 2092 2458 2164 ἑορτῆς
2489 2091 2804 2163 μηνύματα.

2507 2201 2625 2257 ΞΕ’.
2655 2235 2726 2242 -
2751 2204 2984 2272 Ζήνωνι
3006 2200 3350 2272 στρατηγῷ.

2208 2315 2281 2366 Τὸ
2329 2316 2438 2386 μὲν.
2479 2317 2592 2377 τοῖς
2638 2313 3004 2386 ἀνθρωπείοις
3058 2313 3362 2384 παθήμασι
3416 2312 3721 2384 βάλλεσθαι,

2133 2408 2352 2462 πάντων
2376 2407 2677 2480 ἀνθρώπων
2703 2408 2902 2462 κοινόν⁸
2931 2408 2990 2462 τὸ
3014 2407 3071 2461 δὲ
3093 2409 3289 2480 φέρειν
3318 2409 3610 2477 γενναίως,
3637 2409 3726 2462 καὶ

2131 2501 2228 2570 τῆς
2254 2501 2463 2554 τούτων
2495 2500 2880 2572 περιγίνεσθαι
2912 2500 3246 2572 προσϐολῆς,
3289 2502 3398 2554 οὑκ
3423 2501 3506 2554 ἔτι
3536 2502 3726 2554 κοινόν.

2145 2593 2351 2645 Ἐκεῖνο
2382 2592 2481 2662 μὲν
2519 2593 2627 2664 γὰρ
2656 2593 2755 2661 τῆς
2787 2591 3025 2660 φύσεως,
3050 2591 3210 2645 τοῦτο
3238 2592 3307 2644 δὲ
3343 2593 3448 2662 τῆς
3473 2593 3726 2664 προαιρέ-

2133 2699 2290 2746 σεως.
2317 2683 2408 2736 Διὸ
2435 2683 2498 2754 δὴ
2521 2684 2616 2736 καὶ
2642 2683 2768 2745 τοὺς
2796 2681 3218 2752 φιλοσοφοῦντας
3246 2681 3640 2752 θαυμάζομεν,
3662 2683 3732 2745 ὡς

2130 2776 2199 2828 τὰ
2229 2769 2482 2844 βέλτιστα
2514 2775 3008 2846 προαιρουμένους,
3035 2775 3129 2827 καὶ
3156 2774 3366 2848 γνώμῃ
3389 2774 3459 2828 τά
3492 2775 3639 2844 πάθη
3660 2791 3732 2826 νι-

2133 2863 2367 2926 κῶντας.
2400 2863 2511 2934 Τὴν
2540 2863 2597 2916 δὲ
2625 2857 2950 2932 φιλοσοφίαν
2979 2863 3397 2927 κατασκευάζει
3433 2863 3500 2916 τὸ
3524 2866 3582 2916 ὲν
3605 2865 3733 2934 ἡμῖν

2131 2953 2368 3022 λογικὸν,
2401 2954 2710 3026 ἡγούμενον
2741 2955 2850 3006 τῶν
2889 2953 3100 3018 παθῶν,
3147 2953 3270 3006 ἀλλ’
3319 2957 3427 3007 οὐκ
3469 2956 3734 3025 ἀγόμενον

2133 3045 2226 3099 ὑπ’
2257 3045 2456 3098 αὑτῶν.
2523 3046 2618 3098 Ἓν
2663 3044 2720 3097 δὲ
2767 3043 2876 3097 τῶν
2911 3043 3276 3115 ἀνθρωπείων
3327 3044 3679 3115 παθημάτων
3705 3044 3739 3113 ἡ

2129 3135 2300 3206 λύπηο
2322 3135 2526 3208 ταύτης
2555 3135 2930 3208 περιγίνεσθαι
2952 3135 3398 3206 παρακαλοῦμεν
3418 3137 3525 3206 τὴν
3548 3136 3578 3187 ὑ
3587 3137 3738 3204 μετέ-

2132 3250 2228 3304 ραν
2247 3231 2748 3302 μεγαλοπρέπειαν,
2767 3231 2974 3302 Ῥᾴδιον
2993 3229 3049 3282 δὲ
3067 3232 3177 3292 τοῖς
3193 3230 3326 3283 καθ’
3345 3231 3500 3300 ὑμᾶς
3523 3229 3745 3299 νικῆσαι

2125 3323 2187 3377 τὸ
2217 3323 2409 3388 πάθος,
2447 3323 2545 3392 τήν
2572 3340 2630 3374 τε
2661 3323 2822 3390 φύσιν
2851 3321 3248 3392 λογιζομένοις,
3290 3323 3393 3375 καὶ
3423 3322 3490 3375 τὸ
3518 3319 3746 3390 ἀκερδὲς

2123 3413 2218 3468 τοῦ
2240 3413 2470 3477 πένθους
2489 3413 2934 3484 ἐνθυμουμένοις.
2967 3412 3064 3476 Τίς
3093 3411 3203 3482 γὰρ
3233 3412 3438 3483 ὄνησις
3457 3412 3618 3466 ἔσται
3639 3412 3748 3473 “tot;

2125 3504 2474 3568 ἀπελθοῦσιν,
2505 3504 2662 3576 ἡμῶν
2707 3504 3121 3574 ὀλοφυρομένων
3153 3504 3251 3556 καὶ
3281 3506 3522 3576 θρήνοις
3551 3521 3752 3576 κεχρη-

2129 3596 2312 3665 μένων
2339 3615 2352 3662 ;
2384 3597 2557 3648 Ὅταν
2584 3595 2764 3648 τοίνυν
2811 3595 2873 3648 τὸ
2905 3594 3081 3648 κοινὸν
3119 3594 3230 3647 τῶν
3251 3596 3478 3651 ὠδίνων
3524 3599 3608 3662 είς
3628 3595 3752 3650 νοῦν

2127 3683 2516 3756 λαμϐάνωμεν,
2545 3687 2639 3739 καὶ
2672 3685 2765 3739 τόν
2798 3687 3007 3757 μακρὸν
3046 3685 3148 3755 τῆς
3187 3688 3507 3758 συνηθείας
3539 3688 3753 3758 χρόνον,

2131 3775 2227 3828 καὶ
2265 3775 2363 3838 τὰς
2392 3775 2652 3846 λαμπρὰς
2686 3775 3037 3845 στρατηγίας,
3074 3776 3167 3828 καὶ
3200 3775 3310 3838 τὰς
3357 3775 3752 3848 πολυθρυλλὴο

2129 3883 2257 3929 τους
2289 3867 2587 3937 ἀριστείας,
2613 3864 2961 3936 λογισώμεθα
2995 3866 3067 3930 ὡς
3100 3868 3194 3920 καὶ
3231 3867 3556 3938 ἄνθρωπος
3578 3869 3608 3920 ὁ
3632 3867 3759 3920 τού·

2129 3973 2246 4019 τοις
2273 3945 2793 4028 κοσμούμενος,’καὶ
2817 3957 2921 4010 ὑπὸ
2956 3957 3050 4011 τὸν
3081 3959 3205 4029 ὅρον
3246 3959 3357 4012 τοῦ
3392 3960 3646 4014 θανάτου
3676 3975 3762 4012 τε·

2129 4047 2259 4100 λῶν⁶
2287 4049 2378 4102 καὶ
2411 4048 2546 4119 πρὸς
2582 4049 2812 4113 τούτοις,
2839 4051 2921 4102 ὅτι
2955 4049 3086 4111 Θεὸς
3113 4051 3476 4120 πρυτανεύει
3513 4053 3587 4105 τὰ
3621 4051 3764 4120 σύμ-

2131 4158 2325 4206 παντα,
2347 4141 2442 4192 καὶ
2461 4140 2520 4193 τὸ
2553 4140 2818 4192 συνοίσειν
2851 4141 3045 4211 μέλλον
3066 4141 3493 4213 ἀκριϐέστερον
3529 4141 3768 4195 ἐπιστά-

2133 4249 2314 4302 μενος,
2340 4231 2477 4302 πρὸς
2504 4231 2660 4284 τοῦτο
2685 4233 2926 4302 κυϐερνᾷ
2952 4232 3018 4285 τὰ
3049 4231 3416 4303 ἀνθρώπεια.
3461 4235 3665 4287 Ταῦτα
3697 4234 3774 4295 ὡς

2129 4324 2187 4374 ἐν
2376 4322 2664 4392 ἐπιστολῆς
2714 4323 2895 4393 μέτρῳ
2929 4323 3202 4394 γέγραφα,
3233 4326 3625 4391 παρακαλῶν
3671 4323 3772 4395 τὴν

2131 4413 2405 4485 ὑμετέραν
2454 4414 2819 4484 μεγαλοφυῒαν
2857 4414 3188 4486 χαρίσασθαι
3237 4419 3438 4470 πᾶσιν
3477 4421 3628 4489 ἡμῖν
3677 4419 3777 4487 τὴν

2131 4505 2404 4576 ὑμετέραν
2435 4505 2643 4573 ὑγείαν,
2676 4505 2743 4577 ἣν
2785 4503 2924 4558 οἶδεν
2961 4506 3193 4575 εὑθυμία
3237 4507 3604 4575 φυλάττειν,
3645 4509 3779 4563 ἀθυο

2136 4599 2229 4668 μία
2259 4598 2314 4650 δὲ
2343 4597 2510 4650 λύειν.
2535 4597 2631 4650 Διὰ
2666 4599 2776 4667 γάρ
2803 4597 2961 4650 τοῦτο
2988 4599 3080 4651 καὶ
3109 4599 3210 4666 τὴν
3238 4601 3586 4674 ἐπιστολὴν
3611 4603 3783 4673 ἔγρα-

2152 4687 2232 4754 ρα,
2261 4687 2361 4756 τῆς
2391 4691 2576 4758 κοινῆς
2610 4687 3064 4758 προμηθούμενος
3103 4689 3424 4757 ὠφελείας.

2509 4796 2557 4829 ετ

2519 4830 2605 4863 ..ιιι

2641 4837 2654 4850 .
2688 4827 2758 4835 -
2803 4797 2994 4864 ’Λερίῳ
3025 4797 3332 4866 σοφιστῇ.

2204 4906 2297 4969 Εἰς
2339 4907 2436 4976 τὴν
2466 4907 2794 4979 τριπόθητον
2839 4911 2984 4980 ὑμᾶς
3035 4912 3371 4982 πανήγυριν
3429 4918 3472 4986 ἡ
3512 4919 3792 4972 τετοκυῖα

2130 4998 2225 5050 καὶ
2273 4997 2588 5069 θρεψαμένη
2632 4999 2806 5054 καλεῖ.
2851 5000 2909 5053 Ὀ
2961 5001 3069 5071 γάρ
3102 5002 3247 5069 ἱερὸς
3295 5006 3501 5075 σηκὸς
3554 5011 3663 5062 καὶ
3698 5009 3792 5061 τὸν

2128 5087 2325 5159 ὄροφον
2361 5087 2542 5152 ἔλαϐε,
2575 5090 2668 5143 καὶ
2722 5089 2816 5142 τὸν
2867 5091 3214 5162 προσήκοντα
3285 5095 3535 5166 κόσμον
3612 5116 3793 5171 ’προσι

2133 5179 2295 5234 έλαϐε
2351 5182 2444 5233 καὶ
2480 5181 2607 5244 τοὺς
2632 5182 2922 5252 οἰκήτορας
2948 5177 3030 5246 οἷς
3062 5182 3318 5255 ἐδομήθη
3355 5189 3572 5245 ποθεῖ.
3624 5189 3796 5244 Ἀπό-

2130 5271 2307 5325 στολοι
2359 5271 2416 5324 δὲ
2463 5263 2632 5335 οὗτοι,
2665 5273 2761 5324 καὶ
2809 5273 3107 5344 προφῆται,
3142 5273 3423 5341 Παλαιᾶς
3485 5281 3599 5334 καὶ
3646 5283 3798 5335 Και-

2122 5364 2220 5434 νῆς
2284 5364 2560 5434 Διαθήκης
2625 5366 2997 5434 μεγαλόφωνοι
3056 5365 3343 5435 κήρυκες.
3419 5373 3800 5443 Κοςμήσατε

2123 5454 2304 5508 τοίνυν
2345 5457 2411 5526 τῇ
2451 5455 2721 5527 παρουσίᾳ
2756 5456 2850 5527 τὴν
2890 5455 3102 5527 ἑορτὴν,
3141 5456 3236 5508 καὶ
3284 5459 3410 5525 τὰς
3460 5464 3538 5517 ἐκ
3575 5464 3803 5536 ταύτης

2047 5552 2057 5563 '
2129 5545 2534 5610 ἀναϐλυζούσας
2564 5548 2813 5615 εὐλογίας
2841 5547 3139 5618 ἀρύσασθε,
3174 5549 3279 5602 καὶ
3317 5552 3803 5630 θυμηρεστέραν

2127 5637 2259 5706 ἡμῖν
2290 5636 2596 5706 ὲργάσασθε
2623 5639 2720 5706 τὴν
2754 5639 3083 5706 πανήγυριν.

2129 5799 2299 5844 textu.

2201 5862 2310 5932 (dri)
2344 5862 2634 5916 ἀπελαύνει
2662 5863 2829 5932 Neap.

2204 5930 2312 6004 (ίὸ)
2348 5934 2403 5987 ὲν
2434 5934 2678 5988 additum
2709 5948 2738 5988 c
2769 5930 2938 6003 Neap.
