4056 6416
356 431 492 498 1237
718 404 755 448 λ
1693 443 2056 504 EPISTOLA
2092 449 2299 523 LXIX.
3483 460 3625 523 [sas

882 553 1004 609 ΞΖ’.
1033 585 1102 595 -—
1124 554 1394 624 Μαρὰνςι.
1792 594 1797 599 -
1963 562 2007 613 Α

1792 594 1797 599 -
1963 562 2007 613 Α
2546 565 2750 619 LXVII.
2784 597 2852 605 —
2874 566 3133 622 Harauaz.

432 661 530 714 Σὸν
568 661 670 732 μὲν
702 662 884 735 ἔργον,
915 661 960 720 ὦ
995 666 1206 739 ἄριστε,
1249 669 1308 724 τὸ
1352 672 1449 725 καὶ¹
1481 673 1607 736 τοὺς
1635 672 1831 737 ἀλλους
1860 675 1940 737 εἰς

2113 673 2242 728 Tua:
2262 674 2506 743 quidem,
2533 678 2618 730 vir
2639 678 2866 748 optime,
2902 689 3085 749 partes
3112 690 3270 735 erant
3293 682 3458 735 etiam
3483 683 3618 737 alios

237 800 247 809 .
351 753 457 821 τὴν
495 753 605 805 τῶν
640 755 935 823 ὲγκαινίων
974 762 1281 832 πανήγυριν
1313 763 1519 818 καλεῖν.
1554 765 1649 817 Ἐκ
1693 765 1802 835 γὰρ
1838 790 1839 795 η

2042 764 2110 818 ad
2133 764 2499 822 dedicationis
2528 769 2905 824 celebritatem
2934 786 3133 825 vocare
3160 789 3171 823 :
3210 781 3306 825 tuo
3342 772 3627 840 siquidem

359 844 461 913 σῆς
491 846 727 916 σπουδῆς
762 864 821 900 τε
852 850 947 902 καὶ
984 851 1292 923 προθυμίας
1327 853 1423 908 καὶ
1458 856 1488 907 ό
1520 853 1662 919 θεῖος
1699 855 1941 926 ὲδομήθη

2042 856 2228 912 studio
2245 872 2310 912 ac
2328 857 2610 928 diligentia
2642 868 2697 915 et
2719 859 2968 914 divinum
2993 862 3256 931 templum
3284 861 3620 916 aediﬁcatum

360 935 553 1005 σηκὸς,
586 938 679 989 καὶ
720 940 767 992 oi
809 940 1188 1011 μεγαλόφωνοι
1237 945 1338 1013 τῆς
1384 945 1655 1017 ἀληθείας·
1676 946 1938 1015 ἀφίκοντο

2041 955 2149 1013 est,
2176 956 2233 1004 et
2260 948 2554 1004 clarissimi
2587 951 2836 1005 veritatis
2868 966 3148 1021 praecones
3163 938 3453 1016 venerunt,
3480 961 3539 1007 ut
3564 954 3628 1007 in»

360 1027 604 1095 κήρυκες
629 1030 678 1081 οί
704 1028 890 1083 τοῦτον
917 1032 1250 1102 οἰκήσοντες,
1275 1035 1370 1089 καὶ
1392 1036 1518 1100 τοὺς
1545 1036 1753 1100 πιστῶς
1776 1053 1944 1107 προσ-

2044 1039 2139 1095 illo
2179 1040 2455 1106 habitent,
2506 1040 2854 1111 ﬁdeliterque
2896 1043 3224 1098 accedentes
3276 1044 3622 1099 custodiant.

361 1115 547 1179 ιόντας
574 1119 1001 1190 φρουρήσοντες.
1036 1121 1239 1193 Γράφω
1259 1123 1318 1177 δὲ
1348 1124 1497 1194 ὅμως
1535 1124 1815 1196 σημαίνων
1844 1126 1943 1196 τῆς

360 1205 555 1260 ἑορτῆς
583 1207 674 1260 τὸν
706 1209 916 1260 καιρόν.

2043 1131 2296 1188 Attamen
2318 1133 2535 1203 scripsi,
2568 1143 2626 1190 et
2650 1134 2966 1192 festivitatis
2995 1144 3211 1208 tempus
3241 1137 3568 1208 signiﬁcavi.

391 1209 555 1276 ορτῆς
583 1209 674 1260 τὸν
706 1209 916 1280 καιρόν.
2072 1240 2080 1247 ·

460 1380 469 1389 ο
856 1319 984 1376 EH’.
1004 1354 1077 1363 —
1109 1325 1451 1395 ‘Eztyartcp.

2507 1330 2739 1387 LXVIII.
2769 1360 2838 1370 —
2863 1331 3164 1402 Epiphanio
3177 1372 3190 1386 .

445 1428 776 1503 Ἐϐουλόμην
819 1434 894 1505 μὴ
940 1435 1100 1505 μόνον
1141 1437 1216 1502 ὡς
1258 1440 1501 1508 πολίτας,
1544 1442 1681 1496 ἀλλὰ
1729 1444 1825 1498 καὶ
1867 1444 1944 1509 ὡς

2120 1442 2322 1498 Vellem
2352 1457 2454 1514 ego
2479 1458 2590 1498 non
2617 1444 2796 1499 solum
2831 1452 2894 1499 ut
2923 1444 3120 1510 civem,
3154 1460 3344 1498 verum
3374 1444 3538 1509 etiam
3567 1453 3630 1498 ut

361 1522 695 1591 όμοπίστους
729 1525 877 1595 ὑμᾶς
906 1527 1001 1581 καὶ
1021 1529 1383 1601 όμοσκήνους,
1410 1535 1491 1596 είς
1518 1535 1618 1604 τήν
1639 1533 1748 1588 τῶν
1773 1536 1943 1606 ἀγίων

2048 1532 2172 1589 ﬁdei
2196 1541 2506 1588 consortem
2545 1543 2602 1589 et
2623 1535 3098 1601 contubernalem,
3135 1544 3187 1591 te
3210 1536 3278 1591 ad
3307 1545 3625 1591 sanctorum

362 1614 678 1669 ἀποστόλων
728 1617 821 1671 καὶ
867 1620 1172 1691 προφητῶν
1218 1623 1555 1691 συγκαλέσαι
1614 1627 1941 1698 πανήγυρινο

2044 1625 2417 1694 apostolorum
2450 1634 2509 1680 et
2556 1626 2957 1696 prophetarum
2997 1627 3381 1682 celebritatem
3420 1642 3625 1682 convo-

364 1706 483 1760 ἀλλ’
507 1708 609 1761 ούκ
632 1710 697 1780 ἑᾷ
724 1709 785 1763 τὺ
811 1711 912 1782 τῆς
937 1713 1259 1784 προλήψεως
1280 1715 1469 1780 πάθος.
1499 1709 1575 1770 Οὖ
1595 1717 1659 1789 δή
1688 1718 1852 1790 χάριν
1874 1719 1944 1773 τά

2044 1729 2201 1780 care;
2230 1714 2325 1770 sed
2358 1731 2466 1771 non
2492 1718 2700 1787 patitur
2722 1718 3034 1789 anticipata:
3061 1718 3340 1789 opinionis
3369 1718 3623 1772 aﬁ‘ectus.

362 1797 468 1867 τῆς
484 1800 818 1872 ἐνεγκούσης
850 1802 988 1872 μόνα
1011 1804 1385 1876 προόάλλομαι
1415 1806 1620 1872 δίκαια,
1647 1810 1739 1862 καὶ
1774 1826 1943 1881 παρα·

2045 1804 2410 1870 Quamobrem
2447 1807 2562 1861 sola
2595 1807 2786 1877 patria:
2816 1809 2944 1879 jura
2990 1808 3256 1872 obtendo,
3287 1808 3305 1828 ‘
3340 1817 3397 1862 et
3436 1821 3536 1860 oro
3566 1813 3628 1859 ut

365 1890 520 1945 καλῶ
574 1891 679 1963 τῆς
727 1893 1073 1967 ἀξιεράστου.
1110 1896 1220 1952 τῶν
1270 1899 1443 1968 ἁγίων
1494 1901 1804 1956 ἀποστόλων
1852 1902 1947 1955 καὶ

2049 1897 2340 1953 amabilem
2392 1906 2710 1953 sanctorum
2749 1902 3121 1970 apostolorum
3149 1909 3205 1956 et
3230 1899 3627 1970 preplietarum

368 1982 664 2052 προφητῶν
725 1985 1052 2055 μεταλαχεῐν
1102 1987 1374 2056 εὐλογίας.
1428 1990 1647 2062 Ταύτην
1691 1993 1803 2064 γὰρ
1846 1995 1946 2066 τὴν

2048 1987 2489 2044 benedictionem
2514 1990 2770 2045 sortiare.
2790 1991 2943 2047 Hane
2966 1992 3115 2045 enim
3139 1991 3626 2063 participationem

3667 1244 3683 1309 ἒ

370 2072 676 2145 μετάληψιν
699 2076 927 2148 οὐδεμία
959 2078 1159 2132 κωλύει
1178 2079 1433 2151 διχόνοια.

2050 2078 2200 2133 nulla
2232 2079 2490 2149 prohibet
2512 2081 2913 2136 sententiarum
2942 2082 3233 2137 dissensio.

870 2187 989 2244 ΞΘ¹.
1017 2219 1090 2228 -—
1123 2192 1450 2262 Εὐγραφίῃ.

2510 2190 2698 2246 LXIX.
2733 2223 2803 2232 —
2831 2193 3167 2265 Eugraplziw.

443 2298 505 2353 Ei
537 2301 613 2371 μή
642 2316 711 2371 με
742 2300 810 2356 τά
834 2302 931 2373 τῆς
954 2303 1200 2375 ἀνάγκης
1234 2307 1447 2375 κατεῖχε
1470 2305 1669 2376 δεσμὰ,
1698 2307 1859 2371 εὐθὺς
1883 2307 1950 2362 ἂν

2120 2299 2237 2354 Nisi
2258 2316 2345 2357 me
2378 2303 2725 2358 necessitatis
2758 2304 2978 2361 vincula
3016 2306 3398 2374 retinuissent,
3434 2324 3631 2363 accur-

368 2390 626 2461 ἓδραμον,
655 2390 755 2463 τὴν
783 2392 1039 2465 κοίμησιν
1066 2394 1229 2464 γνοὺς
1256 2393 1351 2450 τοῦ
1383 2396 1834 2468 μεγαλοπρεποῦς
1855 2399 1952 2453 καὶ

2052 2390 2249 2446 rissem
2278 2407 2309 2448 e
2337 2393 2568 2464 vestigio
2595 2394 2764 2450 simul
2803 2410 2870 2450 ac
2908 2395 2978 2450 de
3019 2396 3292 2468 magniﬁci
3324 2406 3381 2452 et
3403 2397 3631 2468 gloriosi

369 2484 619 2554 ἀοιδίμου
666 2485 937 2557 ὁμοζύγου
987 2488 1086 2560 τῆς
1129 2491 1229 2560 σῆς
1298 2488 1750 2560 θαυμασιότητος.
1803 2494 1952 2565 Παμ-

2052 2482 2301 2553 conjugis
2330 2483 2409 2538 tui
2432 2483 2764 2540 dormitione
2788 2486 3039 2556 cognovi.
3070 2488 3341 2544 Plurimas
3358 2489 3506 2544 enim
3530 2504 3623 2571 vo;

369 2575 573 2640 πόλλας
626 2576 735 2649 γάρ
791 2578 920 2649 ὑμίν
963 2578 1160 2650 ὀφείλω
1210 2583 1460 2655 χάριτας,
1511 2583 1788 2653 διαφόρως
1840 2584 1952 2653 ἐγὼ

2052 2572 2139 2626 bis
2158 2572 2337 2628 debeo
2361 2574 2752 2645 gratias,omni
2776 2592 2808 2631 a
2832 2578 2991 2633 vobis
3016 2579 3244 2633 honoris
3265 2596 3466 2649 genere
3485 2582 3631 2635 mul—

368 2665 724 2736 παντοδαπῆς
745 2668 913 2740 τιμῆς
933 2670 1063 2739 παρ’
1088 2669 1243 2740 ὑμῶν
1266 2669 1598 2733 ἀπολαύσας.
1648 2672 1866 2743 Ἐπειδὴ
1893 2673 1952 2727 δὲ

2054 2663 2291 2720 tifariam
2328 2667 2664 2724 cumulatus.
2699 2667 2836 2724 Cum
2873 2678 3085 2745 autem,
3113 2671 3411 2741 quominus
3467 2672 3631 2727 debi-

370 2756 523 2812 ἄκων
548 2757 830 2830 ἐκωλύθην
864 2759 1162 2815 ἀποδοῦναι
1206 2760 1268 2815 τδ
1299 2762 1479 2833 χρέος,
1522 2763 1724 2817 ἄτοπον
1762 2761 1952 2835 ᾠήθην

2054 2765 2173 2812 tum
2208 2757 2497 2814 redderem
2518 2799 2536 2825 ,
2566 2759 2777 2815 invitus
2803 2760 3035 2816 luissem
3067 2761 3400 2827 retardatus,
3431 2762 3630 2817 absur-

373 2848 684 2920 γράμματα
738 2849 955 2920 πέμψαι
1013 2852 1146 2922 παρ’
1186 2851 1375 2923 αὐτὴν
1412 2851 1511 2924 τήν
1570 2852 1665 2907 τοῦ
1723 2853 1953 2918 πένθους

2053 2847 2184 2903 dum
2209 2849 2339 2905 duxi
2376 2850 2480 2906 sub
2513 2851 2692 2922 ipsum
2722 2852 2908 2908 luctus
2944 2853 3210 2923 impetum
3239 2854 3453 2909 litteras
3474 2855 3638 2919 dare,

374 2941 587 3011 ἀκμήν,
611 2939 738 2995 οὔτε
758 2940 852 2995 τοῦ
875 2943 1339 3015 γραμματοφόρου
1362 2947 1637 3016 συντυχεῖν
1658 2944 1953 3016 δυναμένου

2054 2940 2276 3010 quando
2300 2956 2404 2997 nec
2443 2942 2731 2997 tabellario
2770 2943 2975 3013 alloqui
3013 2944 3339 3014 gravitatem
3375 2954 3526 2999 tuam
3563 2946 3637 2999 li-

373 3035 445 3104 τῇ
476 3034 887 3106 σεμνοπρεπείᾳ
923 3036 988 3106 τῇ
1015 3037 1105 3106 σῇ,
1140 3034 1263 3088 οὔτε
1295 3038 1395 3107 τῆς
1418 3036 1610 3107 ὀδύνης
1639 3036 1953 3109 συγχωρού-

2056 3039 2241 3097 ceret,
2291 3048 2399 3087 nec
2444 3032 2659 3088 litteras
2693 3033 2879 3104 legere
2928 3033 3087 3107 dolor
3150 3034 3517 3104 permitteret.
3565 3035 3639 3090 At

378 3142 478 3196 σης
504 3127 618 3190 τοῖς
638 3126 961 3197 γράμμασιν
988 3129 1254 3199 ἐντυχεῖν.
1307 3128 1414 3183 Τοῦ
1444 3130 1501 3183 δὲ
1539 3130 1803 3201 λογισμοῦ
1845 3132 1956 3185 λοι-

2086 3130 2347 3192 ιοειίιυιιω
2390 3123 2591 3178 rationi
2637 3123 2854 3194 1119
2893 3124 3051 3179 locus
3083 3122 3245 3181 datus
3285 3133 3371 3180 est
3436 3122 3688 3195 resipiu.

373 3215 478 3268 πον
501 3213 688 3289 χώραν
712 3216 1007 3287 ἐσχηκότος
1035 3218 1333 3289 ἀνανῆψαι,
1364 3220 1457 3274 καὶ
1486 3219 1651 3289 ἀγξαι
1678 3222 1739 3274 τὸ
1762 3221 1953 3289 πάθος,

2061 3214 2276 3277 scendi,
2312 3214 2631 3286 dolorisque
2657 3216 3081 3285 comprimendi,
3104 3225 3161 3270 et
3181 3216 3527 3272 immoderati
3551 3217 3636 3270 lu-

374 3304 475 3358 καὶ
512 3305 740 3359 κολάσαι
771 3305 867 3359 τοῦ
908 3306 1140 3371 πένθους
1186 3309 1285 3379 τὴν
1335 3309 1626 3380 ἀμετρίαν,
1676 3310 1956 3381 ἐθάρρησα

2057 3315 2182 3361 ctus
2216 3304 2541 3375 castigandi,
2572 3305 2815 3360 scribere
2840 3321 3009 3361 ausus
3040 3322 3183 3372 sum,
3221 3314 3481 3378 tuamque
3510 3306 3649 3365 hora

375 3395 606 3465 γράψαι,
644 3396 741 3449 καὶ
788 3396 886 3467 τήν
941 3398 1041 3468 σὴν
1090 3398 1472 3469 παρακαλέσαι
1516 3399 1952 3470 θαυμασιότητα,

2057 3396 2162 3451 tari
2198 3396 2580 3451 excellentiam
2601 3436 2616 3462 ,
2658 3408 2718 3452 ut
2751 3397 3049 3453 humanam
3085 3407 3336 3453 naturam
3380 3400 3637 3455 conside-

375 3486 477 3541 καὶ
498 3487 600 3558 τὴν
625 3487 970 3559 ἀνθρωπείαν
997 3488 1156 3557 φύσιν
1177 3491 1618 3561 ὲπεσκεμμένην,
1647 3491 1740 3545 καὶ
1759 3493 1819 3544 τὸ
1841 3509 1956 3545 κοιο

2057 3501 2207 3551 rans,
2233 3495 2291 3540 et
2317 3501 2612 3549 commune
2651 3486 2856 3541 malum
2884 3488 3197 3558 recogitans
3216 3528 3232 3553 ,
3266 3488 3467 3544 divinis
3496 3505 3641 3558 pra:-

385 3575 469 3628 δὸν
518 3576 613 3629 τοῦ
671 3576 877 3641 πάθους
921 3577 1297 3649 λογιζομένην,
1337 3580 1432 3634 καὶ
1473 3581 1608 3651 πρὸς
1638 3580 1849 3646 τούτοις
1889 3583 1960 3638 τά

2058 3578 2247 3633 sertim
2289 3578 2453 3633 rebus
2478 3577 2718 3644 imbuta,
2749 3594 3041 3634 maerorem
3072 3578 3180 3634 ﬁde
3212 3580 3493 3634 metiatur.
3521 3579 3638 3634 Non

378 3667 500 3720 θεῖα
541 3666 999 3738 πεπαιδευμένην,
1035 3669 1305 3740 μετρῆσαι
1351 3672 1418 3741 τῇ
1462 3670 1644 3724 πίστει
1690 3669 1788 3742 τὴν
1822 3670 1959 3725 ἀθυ-

2059 3668 2208 3724 enim
2253 3676 2506 3723 mortuus
2548 3678 2633 3724 est
2679 3669 3167 3739 praestantissimus
3213 3670 3306 3725 ille
3344 3671 3450 3736 vir,
3485 3672 3640 3740 juxta

379 3757 533 3827 μίαν.
581 3758 657 3811 Οὐ
717 3758 826 3830 γὰρ
874 3760 1143 3814 ἀπέθανεν
1195 3763 1224 3815 ὁ
1280 3761 1459 3817 πάντα
1494 3763 1715 3833 ἀριστος
1754 3764 1961 3823 ἐκεῖνος

2060 3759 2278 3815 Domini
2307 3774 2497 3815 vocem
2520 3759 2587 3826 ³⁹,
2624 3760 2724 3815 sed
2768 3761 2995 3827 dormit,
3030 3777 3285 3817 somnum
3311 3762 3521 3818 ducens
3550 3778 3642 3817 so-

378 3847 545 3918 ἀνὴρ,
580 3847 723 3902 κατὰ
767 3850 869 3922 τὴν
914 3849 1009 3905 τοῦ
1060 3852 1268 3924 Κυρίου
1303 3854 1510 3924 φωνὴν,
1544 3854 1681 3908 ἀλλά
1712 3854 1962 3910 καθεύδει

2061 3850 2160 3906 lito
2197 3850 2523 3923 longiorem.
2575 3851 2728 3908 Hane
2769 3852 2919 3907 enim
2974 3853 3139 3909 nobis
3174 3854 3443 3911 Dominus
3484 3870 3642 3923 spem

380 3936 554 3993 ὕπνον
582 3940 677 3994 τοῦ
703 3941 969 4014 συνήθους
999 3944 1355 4017 μακρότερον.
1383 3944 1600 4016 Ταύτην
1628 3946 1739 4018 γὰρ
1772 3947 1902 4017 ἡμῖν
1932 3948 1962 4001 ό

2062 3941 2216 3998 dedit
2245 3960 2258 3995 :
2285 3942 2428 3997 hanc
2451 3957 2519 3997 ex
2543 3942 2747 3998 divinis
2779 3942 3032 4013 Eloquiis
3065 3944 3381 4013 accepimus
3408 3944 3645 4013 promis.

378 4031 659 4103 Δεσπότης
689 4031 857 4087 ἔδωκε
880 4032 977 4105 τήν
1002 4033 1209 4089 ἐλπίδαο
1228 4035 1429 4101 ταύτην
1457 4038 1522 4091 ὲκ
1541 4036 1650 4092 τῶν
1680 4037 1839 4091 θείων
1857 4041 1963 4093 Λο-

2063 4034 2294 4089 sionem.
2326 4033 2455 4089 Seio
2477 4033 2733 4105 equidem
2764 4034 3193 4092 molestamesse
3215 4036 3644 4105 separationem.

381 4120 519 4190 γίων
573 4120 871 4194 δεδέγμεθα
915 4123 1015 4195 τήν
1058 4125 1372 4196 ὑπόσχεσιν.
1408 4123 1539 4181 Οἶδα
1582 4127 1680 4199 μὲν
1734 4122 1848 4194 οὖν,
1887 4129 1964 4194 ὡς

2063 4139 2128 4178 ac
2165 4123 2327 4193 plane
2358 4124 2748 4193 permolestum
2784 4141 2797 4178 :
2849 4132 2975 4179 tum
3000 4126 3236 4180 maxime
3269 4141 3394 4180 eum
3441 4135 3494 4180 et
3524 4143 3660 4179 mou.

382 4210 612 4282 ἀνιαρὸν
636 4213 665 4266 ό
693 4214 990 4284 χωρισμὸς,
1022 4216 1116 4269 καὶ
1139 4215 1261 4270 λίαν
1289 4216 1533 4289 ἀνιαρὸν,
1565 4218 1660 4272 κα)⁵
1679 4218 1963 4289 διαφερόν-

2064 4228 2188 4270 rum
2221 4213 2627 4280 convenientia,
2656 4222 2713 4269 et
2753 4214 3018 4283 temporis
3050 4214 3389 4269 diuturnitas
3426 4216 3648 4269 auxerit

382 4314 496 4360 τως
515 4298 647 4353 ὅταν
674 4300 767 4352 καὶ
787 4299 936 4370 ήθῶν
959 4301 1316 4373 εὐαρμοστία,
1343 4304 1440 4357 καὶ
1473 4305 1662 4377 χρόνος
1692 4307 1963 4378 μακρότεο

2064 4304 2384 4361 amicitiam.
2432 4304 2637 4360 Verum
2686 4304 3152 4376 peregrinationis
3194 4306 3266 4361 sit
3324 4306 3482 4361 dolor
3517 4317 3647 4373 iste,

388 4407 483 4459 ρος
508 4390 608 4461 τὴν
628 4390 812 4460 φιλίαν
836 4392 948 4463 (46)
966 4394 1195 4465 αὐξήσῃ·
1224 4394 1339 4448 ἀλλ’
1357 4396 1665 4467 ἀποδημίας
1693 4396 1853 4461 ἔστω,
1884 4398 1959 4471 μὴ

2063 4411 2175 4450 non
2228 4396 2458 4451 mortis.
2506 4394 2579 4449 lis
2624 4402 2810 4449 autem
2853 4395 3124 4461 maxime,
3171 4397 3265 4467 qui
3310 4396 3367 4450 in
3428 4398 3649 4467 pietatis

386 4479 672 4546 τελευτῆς,
696 4483 729 4553 ή
757 4476 921 4553 λύπη.
956 4484 1332 4555 Διαφερόντως
1360 4485 1418 4540 δὲ
1464 4489 1578 4551 τοῖς
1620 4490 1677 4543 ὲν
1711 4488 1965 4563 εὐσεϐείᾳ

2066 4486 2253 4543 schola
2296 4494 2427 4541 sunt
2473 4484 2729 4550 educati,
2780 4486 2908 4541 talis
2949 4487 3205 4557 congruit
3248 4487 3595 4559 philosophia
3629 4508 3643 4546 :

386 4567 793 4640 τεθραμμένοις
820 4574 853 4643 ή
885 4573 1108 4646 τοιαύτη
1150 4576 1416 4649 προσήκει
1454 4578 1759 4650 φιλοσοφία·
1870 4582 1965 4636 καὶ¹

2067 4590 2175 4646 qua
2208 4585 2264 4631 et
2283 4575 2604 4647 gravitatem
2641 4584 2813 4642 tuam,
2838 4583 2900 4630 ut
2927 4576 3112 4631 ornari
3132 4577 3371 4643 studeat,
3394 4594 3511 4634 oro.
3537 4579 3650 4635 Nec

387 4659 488 4729 τήν
508 4659 781 4733 ὑμετέραν
805 4664 1246 4736 σεμνοπρέπειαν
1272 4668 1615 4739 κοσμηθῆναι
1638 4671 1964 4741 παρακαλῶ.

2064 4684 2199 4724 vero
2224 4668 2610 4724 exhortatione
2650 4668 2754 4723 hac
2777 4676 2926 4733 utor,
2957 4668 3119 4737 quasi
3162 4668 3463 4724 indolentia
3498 4671 3651 4726 labo-r

392 4753 694 4824 ΙΙροσφέρω
715 4754 771 4809 δὲ
794 4756 894 4827 τὴν
917 4759 1261 4831 παραίνεσιν,
1285 4762 1384 4832 οὐχ
1407 4760 1483 4826 ὡς
1508 4763 1848 4836 ἀναλγησίαν
1874 4782 1966 4818 νο-

2066 4778 2203 4818 rem.
2242 4762 2441 4817 Animo
2472 4761 2622 4816 enim
2654 4776 2847 4816 revera
2884 4760 3058 4825 dolui,
3092 4761 3244 4815 ehari
3280 4761 3415 4815 mihi
3455 4762 3651 4831 capitis

391 4839 522 4895 σῶν·
554 4842 633 4912 τῷ
652 4843 765 4898 ὄντι
797 4847 906 4916 γὰρ
930 4848 1145 4921 ήλγησα
1179 4850 1276 4924 τὴν
1295 4852 1494 4925 ψυχὴν,
1522 4856 1621 4925 τῆς
1655 4856 1815 4927 φίλης
1845 4859 1971 4928 ἐμοὶ

2064 4872 2293 4913 excessu
2332 4855 2572 4927 cognito.
2608 4840 2745 4909 ‘Sed
2799 4854 3187 4909 universorqu
3245 4855 3540 4909 Rectorem
3593 4855 3650 4911 in

391 4928 636 5017 κεφαλῆς
681 4931 783 5004 τὴν
840 4933 1106 5006 ἐκδημίαν
1152 4939 1508 5012 μεμαθηκώς.
1544 4943 1683 4998 Ἀλλ’
1731 4946 1812 5009 εἰς
1846 4946 1970 5001 νοῦν

2067 4948 2310 5003 animum
2341 4946 2629 5012 revocavi,
2666 4946 2897 5017 ejusque
2937 4944 3271 4999 inell'abilem
3298 4946 3649 5014 sapientiam.

390 5016 583 5072 ἔϐαλον
613 5020 722 5073 τῶν
747 5020 884 5077 ὅλων
907 5024 999 5078 τὸν
1026 5026 1317 5098 Πρύτανιν,
1349 5032 1443 5085 καὶ
1471 5033 1568 5103 τὴν
1596 5036 1833 5106 ἄρρητον
1871 5039 1970 5090 αὑ-

2073 5054 2195 5108 quae
2223 5038 2290 5093 ad
2330 5037 2622 5092 utilitatem
2658 5016 2841 5091 omnia
2879 5036 3181 5106 dispensat.
3216 5035 3387 5089 Tuam
3420 5037 3652 5105 proinde

390 5108 487 5162 τοῦ
513 5110 730 5181 σοφίαν,
760 5112 861 5185 τήν
905 5115 1122 5172 ἅπαντα
1167 5118 1302 5189 πρὸς
1340 5120 1400 5174 τὸ
1450 5125 1730 5195 συμφέρον
1765 5130 1971 5182 οἰκονοη

2074 5129 2266 5184 hortor
2289 5129 2668 5185 excellentiam
2689 5169 2704 5193 ,
2742 5138 2800 5184 ut
2826 5129 2942 5184 haec
2968 5129 3085 5197 ipsa
3118 5127 3341 5197 cogitet,
3374 5126 3653 5181 dolorem-

393 5198 623 5269 μοῦσαν.
657 5203 767 5256 Kal.
808 5202 907 5275 τήν
936 5204 1035 5277 σὴν
1064 5209 1367 5279 παρακαλῶ
1403 5213 1656 5285 ὁσιότητα
1701 5217 1875 5273 ταῦτα
1907 5219 1970 5290 δὴ

2072 5237 2180 5291 que
2226 5223 2440 5287 vincat,
2477 5231 2534 5278 et
2577 5231 2827 5276 nostrum
2860 5220 3108 5275 omnium
3152 5218 3442 5273 Dominum
3482 5217 3652 5271 Deum

391 5290 730 5366 λογίζεσθαι,
761 5295 857 5349 καὶ
904 5296 1000 5350 τοῦ
1047 5299 1251 5363 πάθους
1292 5304 1693 5373 περιγενέσθαι,
1728 5310 1821 5362 καὶ
1881 5311 1972 5365 τὸν

2070 5311 2278 5368 laudet.
2300 5312 2565 5369 lueﬁ‘abili
2594 5314 2797 5384 quippe
2821 5310 3168 5384 providentia
3193 5324 3278 5364 res
3314 5317 3533 5363 nostras
3558 5321 3655 5373 ειιτ

394 5381 615 5436 πάντων
667 5385 829 5456 ήμῶν
890 5389 1168 5461 Δεσπότην
1230 5392 1468 5462 ὑμνῆσαι
1525 5394 1687 5450 Θεόν·
1740 5401 1965 5473 ἀρρήτῳ
2076 5403 2290 5458 herum.

393 5473 506 5616 ξαρ
532 5477 880 5620 ἅπρομηθείᾳ
948 5484 1281 5555 κεχρημένος
1347 5488 1414 5542 τὰ
1475 5488 1594 5542 καθ’
1646 5494 1790 5562 ἡμᾶς
1870 5512 1968 5547 xu-

436 5583 527 5620 εον
575 5611 585 5620 .

436 5583 585 5638 ερνᾳ.

472 5721 514 5751 ³⁹
550 5721 663 5775 Luc
719 5741 829 5779 vm.
865 5726 950 5780 52.

476 5856 585 5925 (ait)
656 5858 967 5931 φιλοσοφίαν
1032 5864 1291 5920 mendose
1358 5864 1521 5922 habet
1588 5869 2041 5928 Viudobenensis.
