4056 6420
483 444 621 511 1239

696 566 855 621 LXX.
884 600 953 608 -—
982 569 1262 626 Eustathio
1291 575 1528 644 episc0po
1553 574 1837 646 Αῗθανιιηι.

550 676 839 748 Tragaadia
869 679 1093 750 dignum
1124 692 1208 737 est
1236 684 1385 752 quod
1407 683 1475 738 de
1514 684 1681 738 Maria
1715 683 2057 738 nobilissima

480 778 756 822 narratur.
791 770 915 825 Haec
948 772 1162 842 1120
1189 776 1203 793 '
1232 774 1403 837 enim,
1434 782 1493 828 ut
1534 774 1649 843 ipsa
1676 773 1861 837 refert,
1889 782 1944 827 et
1965 773 2057 827 alii

481 858 700 929 quidem
725 862 906 915 testati
932 872 1095 929 sunt,
1129 863 1239 918 filia
1276 875 1363 920 est
1390 865 1915 936 magnificentissimi
1945 865 2057 920 Eu-

482 948 745 1005 daemonis
774 969 787 1005 :
820 953 917 1007 sed
946 954 1001 1007 in
1036 954 1129 1008 illa
1155 956 1500 1021 calamitate,
1549 972 1670 1026 quae
1695 956 1934 1012 Africam
1970 957 2059 1011 in-

481 1042 641 1109 vasit,
682 1044 883 1099 avitam
918 1046 1232 1102 libertatem
1275 1049 1492 1113 amisit,
1530 1056 1587 1102 et
1627 1049 1932 1118 mancipata
1974 1058 2060 1103 est

481 1134 754 1188 servituti.
790 1134 1124 1193 Mercatores
1153 1155 1284 1194 vero
1329 1138 1551 1208 quidam
1586 1155 1709 1194 eam
1742 1155 1772 1194 a
1804 1138 2059 1194 Barbaris

482 1230 723 1292 emptam
764 1225 1125 1295 popularibus
1162 1228 1490 1297 quibusdam
1545 1228 1750 1283 nostris
1789 1228 2057 1283 vendide—

484 1323 633 1368 runt.
674 1316 903 1371 Vendita
936 1333 1101 1387 porro
1116 1328 1201 1374 est
1232 1335 1341 1374 una
1371 1335 1495 1375 cum
1524 1320 1640 1390 ipsa
1668 1329 1725 1376 et
1759 1320 1939 1390 puella
1973 1321 2057 1391 ip-

483 1402 598 1457 sius
626 1404 754 1458 olim
783 1404 984 1461 famula
1004 1406 1322 1463 domestica.
1354 1408 1544 1477 Itaque
1584 1408 1845 1463 acerbum
1881 1410 2057 1464 servi-

490 1494 621 1549 tutis
637 1495 827 1566 jugum
846 1498 1049 1566 pariter
1072 1498 1349 1554 ducebant
1375 1499 1573 1554 ancilla
1596 1509 1653 1554 et
1676 1498 1917 1555 domina.
1945 1500 2061 1555 Ca:—

486 1592 665 1639 terum
694 1587 989 1645 discrimen
1016 1591 1267 1660 ignorare
1293 1590 1496 1646 famula
1526 1591 1724 1655 noluit,
1755 1606 1859 1645 nec
1888 1590 2059 1645 oblita

410 1736 419 1745 ,
483 1683 567 1728 est
596 1676 842 1745 pristina:
863 1679 1255 1736 dominationis
1298 1699 1311 1735 :
1354 1681 1450 1737 sed
1499 1681 1949 1736 benevolentiam
2002 1681 2058 1734 in

483 1765 790 1823 calamitate
816 1772 1132 1836 reservavit,
1164 1782 1221 1828 et
1241 1781 1366 1842 post
1402 1773 1777 1828 communium
1810 1772 2062 1828 domino-

483 1872 604 1911 rum
630 1857 974 1924 famulatum,
1000 1862 1370 1919 famulabatur
1389 1863 1556 1919 etiam
1580 1863 1659 1918 illi
1683 1879 1807 1934 quae
1832 1878 2058 1919 conser-

1504 460 1995 521 THEODORETI
2035 456 2375 519 EPISCOPI
2418 455 2783 516 (IYRENSIS

3585 456 3706 523 1240

2338 573 2413 625 0'.
2439 598 2510 609 —
2528 567 2843 631 Εὑσταθίῳ
2871 567 3190 631 ἐπισκόπῳ
3210 565 3398 635 Αἰγῶν
3424 566 3548 639 (Π).

2234 683 2551 754 Τραγῳδίας
2584 681 2731 746 ἄξιον
2770 679 2830 734 τὸ
2864 678 3001 733 κατὰ
3034 678 3134 748 τὴν
3168 678 3550 749 εὐγενεστάτην
3599 681 3707 734 Ma-

2171 776 2291 845 ρίαν
2314 774 2580 844 διήγημα.
2608 770 2755 842 Αῦτη
2777 770 2887 841 γὰρ
2910 769 3024 823 ἔστι
3049 769 3144 839 μὲν
3175 769 3416 839 θυγάτηρ
3442 769 3532 822 τοῦ
3563 787 3712 840 μεγα-

2164 865 2603 936 λοπρεπεστάτου
2641 862 2992 933 Εὐδαίμονος,
3032 862 3108 923 ὡς
3147 861 3241 914 καί
3285 861 3417 930 αὐτή
3456 877 3602 932 φησι,
3628 864 3713 915 καὶ

2164 956 2313 1011 ἄλλοι
2342 955 2486 1019 τινὲς
2523 954 3038 1026 μεμαρτυρήκασιν.
3073 951 3163 1004 Ἐν
3187 949 3242 1003 δὲ
3277 954 3342 1021 τῇ
3365 950 3717 1022 καταλαϐοῦσι]

2167 1048 2422 1117 συμφορᾷ
2453 1046 2552 1116 τὴν
2576 1044 2805 1116 Διϐύην,
2837 1043 2937 1114 τῆς
2965 1038 3296 1113 προγονικῆς
3319 1040 3617 1110 ἐλευθερῖας
3641 1040 3717 1105 ἐξ·

2166 1137 2350 1199 ἔπεσε,
2384 1137 2478 1191 καὶ
2497 1138 2577 1200 εἰς
2606 1135 2849 1190 δουλείαν
2921 1134 3239 1202 μετέπεσεν.
3276 1133 3542 1201 Ἐμποροι
3569 1130 3719 1184 δέτι-

2164 1245 2274 1292 νες,
2300 1228 2471 1301 αὐτὴν
2502 1229 2653 1298 παρά
2675 1227 2783 1280 τῶν
2816 1225 3112 1298 βαρϐάρων
3140 1223 3449 1293 πριάμενοι,
3475 1222 3722 1290 διεπώλη-

2169 1322 2267 1375 σάν
2289 1338 2398 1375 τισι
2424 1319 2523 1391 τὴν
2551 1318 2829 1390 ἡμετέραν
2853 1316 3114 1371 οἰκοῦσιν.
3156 1313 3473 1385 Συνεπράθη
3504 1313 3558 1365 δὲ
3598 1314 3722 1383 αὐτῇ

2166 1414 2260 1467 καὶ
2284 1412 2564 1481 παιδίσκη,
2596 1410 2766 1464 πάλαι
2789 1409 2884 1480 τὴν
2908 1406 3184 1477 οἰκετικὴν
3205 1406 3356 1471 τάξιν
3386 1404 3581 1475 ἔχουσα
3604 1406 3723 1474 παρ’

2166 1508 2325 1578 αὐτῇσ
2358 1508 2513 1576 κοινῇ
2535 1505 2713 1559 τοίνυν
2742 1499 2923 1557 εἷλκον
2948 1502 3041 1556 τὸν
3070 1500 3265 1572 πικρὸν
3287 1499 3528 1586 δουλείας
3550 1500 3723 1566 ζυγὸν,

2165 1602 2200 1672 ἥ
2230 1617 2291 1654 τε
2318 1598 2646 1671 θεράπαινα,
2678 1597 2773 1651 καὶ
2801 1600 2833 1666 ἡ
2864 1595 3136 1649 δέσποινα.
3170 1593 3311 1647 Ἀλλ’
3343 1592 3445 1645 οὐκ
3480 1591 3727 1662 ἠθέλησεν

2167 1687 2434 1757 ἀγνοῆσαι
2464 1686 2526 1739 τὸ
2552 1686 2809 1756 διάφορον
2843 1686 2877 1754 ἡ
2912 1683 3239 1753 θεράπαινα,
3272 1681 3396 1735 οὐδὲ
3425 1681 3522 1751 τῆς
3545 1680 3728 1751 προτέ-

2168 1794 2268 1849 ρας
2296 1776 2589 1831 ἐπελάθετο
2612 1774 2949 1837 δεσποτείας·
2973 1773 3108 1827 ἀλλά
3135 1772 3232 1843 τὴν
3262 1770 3476 1825 εὔνοιαν
3507 1773 3572 1841 τῇ
3601 1788 3730 1841 συμ-

2169 1871 2311 1943 φρρᾷ
2339 1868 2650 1939 διεφύλαξε,
2684 1868 2781 1921 καὶ
2821 1864 2958 1937 μετά
2987 1866 3087 1936 τὴν
3105 1865 3215 1917 τῶν
3249 1862 3446 1917 κοινῶν
3475 1862 3731 1916 δεσποτῶν

483 1960 547 1999 va
574 1947 891 2015 putabatur,
923 1951 1090 2021 pedes
1118 1952 1371 2017 abluens,
1403 1953 1670 2009 lectulum
1699 1962 1977 2018 sternens,
2007 1959 2059 2007 et

2167 1940 2463 2032 θεραπείαν
2510 1958 2812 2032 ἐθεράπευε
2863 1957 2962 2028 τὴν
3011 1955 3378 2026 νομιζομένην
3437 1953 3727 2023 ὁμόδουλον,

484 2039 693 2109 reliqua
724 2041 983 2097 similiter
1015 2042 1193 2099 oﬂicia
1238 2036 1563 2115 procuratis.
1599 2046 1707 2101 lies
1743 2046 1811 2101 ad
1853 2054 2065 2116 empto-

482 2147 605 2185 rum
659 2133 911 2188 notitiam
958 2137 1233 2205 pervenit.
1284 2137 1416 2192 Inde
1455 2138 1677 2209 vulgata
1719 2153 1818 2208 per
1866 2139 2059 2193 urbem

480 2222 648 2293 hujus
670 2226 917 2291 libertas,
948 2234 1005 2281 et
1045 2228 1295 2298 probitas
1328 2229 1560 2284 ancillae.
1587 2229 1719 2298 Quae
1755 2246 1880 2285 cum
1914 2231 2062 2285 didi-

480 2313 687 2370 cissent
709 2317 804 2385 qui
835 2318 980 2387 apud
1012 2333 1114 2373 nos
1136 2319 1344 2390 degunt
1363 2320 1568 2376 milites
1599 2321 1905 2377 fidelissimi
1941 2324 2064 2395 (ego

480 2404 630 2458 enim
684 2416 818 2462 tunc
863 2407 1107 2479 aberam)
1132 2396 1166 2475 ,⁸
1196 2409 1375 2479 pretio
1418 2412 1764 2482 emptoribus
1807 2414 2063 2469 restituto

482 2493 629 2550 iilam
658 2512 685 2551 a
717 2498 984 2554 servitute
1028 2500 1403 2555 vindicarunt.
1436 2502 1548 2572 Ego
1586 2519 1718 2559 vero
1760 2515 1883 2574 post
1913 2505 2063 2561 redi-

483 2596 619 2653 tum,
655 2596 709 2643 et
742 2588 811 2645 de
839 2592 1164 2647 calamitatis
1202 2608 1331 2649 casu
1352 2634 1366 2657 ,
1420 2596 1477 2650 et
1505 2595 1574 2649 de
1621 2595 1884 2651 laudabili
1914 2596 2062 2652 mili-

478 2686 598 2732 tum
624 2678 807 2734 studio
841 2681 1049 2736 certior
1083 2681 1296 2748 factus,
1337 2684 1449 2740 illis
1483 2685 1707 2755 quidem
1730 2686 1909 2742 fausta
1938 2703 2064 2757 pre-

474 2776 634 2823 catus
661 2784 805 2836 sum,
832 2772 1230 2828 nobilissimam
1254 2791 1388 2831 vero
1418 2777 1655 2846 puellam
1676 2778 1896 2833 cuidam
1921 2794 1952 2833 e
1973 2795 2063 2834 re-

477 2858 842 2928 l'giosissimis
867 2863 1117 2919 diaconis
1139 2867 1541 2932 commendavi,
1571 2877 1629 2923 et
1670 2884 1944 2923 annonam
1983 2870 2062 2925 illi

477 2948 686 3004 an‘atim
737 2953 969 3021 prmberi
1014 2955 1174 3025 jussi.
1228 2956 1347 3011 Jam
1395 2956 1586 3013 decem
1635 2960 1808 3029 elapsi
1846 2976 2063 3017 menses

477 3049 655 3102 erant,
680 3055 805 3096 cum
823 3050 1037 3111 patrem
1068 3044 1300 3102 audiens
1324 3047 1508 3104 adhuc
1542 3049 1752 3115 vivere,
1778 3051 2064 3122 magistra-

479 3139 707 3202 tumque
737 3150 925 3203 gerere
952 3136 1007 3191 in
1031 3126 1350 3203 Occidente,
1370 3141 1550 3196 redire
1576 3142 1644 3196 ad
1673 3142 1848 3209 illum,
1878 3151 1937 3197 ut
1965 3160 2064 3214 par

478 3229 619 3286 erat,
646 3223 982 3295 concupivit.
1008 3227 1077 3281 Et
1107 3243 1231 3283 eum
1272 3228 1609 3288 aiiirmarent
1656 3233 1931 3298 nonnulli,
1986 3235 2055 3289 ad
2083 3267 2124 3323 ο

481 3311 777 3377 nundinas,
804 3330 927 3384 quae
953 3318 1097 3386 apud
1127 3334 1226 3374 vos
1254 3335 1403 3376 nunc
1450 3331 1708 3393 aguntur,
1739 3324 2054 3393 complures

481 3401 550 3456 ab
577 3400 871 3461 Occidente
898 3417 1229 3465 mercatores
1258 3412 1466 3483 1121
1491 3422 1774 3478 venturos,
1807 3414 2055 3484 postula-

480 3493 560 3548 vit
588 3503 649 3549 ut
680 3511 804 3550 eum
835 3497 1038 3554 litteris
1065 3502 1203 3557 meis
1228 3501 1699 3572 proficisceretur.
1725 3503 1839 3559 Hac
1860 3520 1963 3575 ego
1988 3505 2056 3560 de

479 3599 644 3641 causa
683 3588 969 3656 epistolam
1008 3591 1228 3662 scripsi,
1263 3595 1525 3663 pietatem
1557 3605 1709 3651 tuam
1751 3596 2055 3662 obtestans,

480 3684 542 3730 ut
558 3692 839 3747 generosas
863 3682 1052 3751 stirpis
1071 3697 1255 3738 curam
1282 3694 1454 3755 gerat,
1482 3694 1537 3740 et
1558 3686 1827 3758 religione
1855 3688 2058 3758 pradi-

479 3775 537 3820 to
569 3768 806 3838 cuipiam
829 3772 1041 3841 jubeat,
1070 3782 1132 3827 ut
1150 3789 1275 3829 cum
1307 3778 1683 3843 naviculariis,
1712 3787 1767 3834 et
1784 3779 2060 3850 guberna-

479 3858 716 3924 toribus,
759 3864 1275 3936 mercatoribusquc
1325 3876 1466 3938 agat,
1506 3878 1562 3925 et
1605 3855 1743 3925 fldis'
1759 3886 1879 3925 eam
1926 3871 2060 3926 viris

478 3952 805 4016 committat,
825 3954 920 4023 qui
938 3957 1079 4024 patri
1103 3957 1396 4014 restituere
1414 3970 1636 4030 queant.
1658 3962 1894 4017 Prorsus
1910 3963 2059 4017 enim

477 4043 696 4098 lucrum
726 4045 918 4117 ingens
946 4048 1207 4108 referent.
1238 4051 1332 4121 qui
1382 4051 1547 4106 filiam
1583 4052 1647 4108 ad
1678 4063 1886 4124 patrem
1920 4071 2059 4125 pra:-

478 4143 564 4190 ter
583 4149 736 4205 spem
762 4152 981 4194 omnem
1011 4141 1306 4197 humanam
1333 4143 1709 4213 perduxerint.

348 4246 370 4271 ι
477 4231 820 4302 καταστῆσαι
885 4233 964 4304 τῷ
1021 4236 1193 4307 πατρὶ
1248 4236 1591 4306 δυναμένοις.
1662 4239 1887 4305 Πάντως
1950 4240 2061 4312 γάρ
2133 4240 2427 4311 πάμπολλα
2501 4237 2822 4311 κερδανοῦσι

476 4320 671 4378 ἐλπίδα
703 4323 782 4394 τῷ
812 4326 982 4397 πατρὶ
1009 4326 1109 4398 τὴν
1137 4327 1304 4382 παῖδα
1340 4330 1727 4400 προσάγοντες.

568 4455 755 4512 LXXI.
790 4489 861 4498 —
888 4422 1370 4533 Zenoni’magistro
1393 4462 1621 4519 militum
1652 4472 1703 4517 et
1735 4466 1960 4521 consuli.

548 4588 953 4646 Fortitudinem
987 4603 1135 4648 tuam
1167 4596 1438 4651 mirantur
1467 4611 1679 4661 omnes,
1713 4605 1774 4651 ut
1796 4614 2053 4654 mansue-

479 4678 671 4735 tudine
696 4689 753 4735 et
781 4681 1072 4738 clementia
1105 4690 1488 4754 temperatam,
1518 4693 1575 4739 et
1604 4699 1725 4754 qua:
1760 4700 1889 4755 erga
1911 4692 1929 4706 '
1952 4686 2053 4741 do-

477 4867 652 4915 ratur.
690 4860 1045 4918 Laudabilem
1086 4879 1253 4934 porro
1285 4865 1402 4920 inec
1442 4863 1688 4918 efﬁciunt
1728 4864 2053 4935 magistrum

434 4946 439 4953 “
477 4950 733 5006 militum.
761 4953 986 5010 Militem
1027 4955 1177 5010 enim
1207 4963 1363 5010 ornat
1393 4953 1682 5018 fortitudo,
1713 4954 1907 5009 ducem
1940 4971 2055 5027 prae

475 5043 804 5100 fortitudine
830 5045 1143 5117 prudentia,
1186 5055 1243 5101 et
1283 5062 1407 5101 eum
1437 5046 1524 5101 bis
1563 5049 1927 5117 temperantia
1969 5059 2054 5105 at-

476 5150 584 5205 que
611 5136 845 5206 iustitia,
877 5153 976 5207 per
1016 5153 1152 5207 quas
1178 5152 1374 5207 magna
1408 5139 1586 5193 virtus
1612 5147 1856 5211 paratur.
1900 5140 2052 5196 Hanc

477 5234 661 5282 autem
686 5228 895 5298 colligit
923 5227 1192 5281 bonorum
1222 5229 1420 5298 cupida
1436 5246 1612 5297 mens,
1638 5231 2052 5288 suavissimum-

476 5333 585 5387 que
611 5318 765 5374 ducit
796 5319 1064 5383 laborem,
1105 5318 1380 5376 fructuum
1409 5334 1663 5393 spectans
1678 5323 2046 5380 dulcedinem.

482 5409 709 5464 Virtutis
764 5407 1040 5479 siquidem
1085 5409 1305 5466 athletis
1353 5413 1575 5482 praemia
1634 5423 1894 5484 tanquam
1932 5432 2051 5470 ma-

477 5497 710 5569 gnificus
734 5498 958 5569 quidam
991 5500 1320 5570 agonotbeta
1348 5503 1633 5573 proposuit
1667 5504 2050 5560 universorum

478 5585 643 5668 Deus,
673 5586 780 5641 alia
812 5586 1036 5657 quidem
1067 5589 1123 5643 in
1147 5589 1250 5645 hac
1275 5591 1405 5655 vita,
1433 5591 1537 5646 alia
1563 5607 1696 5647 vero
1719 5593 1774 5647 in
1804 5594 1895 5648 illa
1928 5608 2051 5664 qua).

482 5680 645 5733 finem
678 5695 793 5735 non
826 5681 1010 5736 habet.
1046 5682 1119 5738 lis
1147 5698 1277 5755 ergo
1303 5698 1425 5753 quae
1456 5683 1547 5738 hic
1578 5694 1707 5739 sunt
1733 5685 2053 5755 magnitudo

2169 2053 2545 2106 ἀπονίπτουσα
2570 2052 2759 2114 πόδας,
2793 2049 3160 2120 ὲπιμελομένη
3196 2045 3512 2117 στρωμνῆς,
3535 2046 3733 2115 καὶτῆς

2167 2142 2336 2214 ἄλλης
2368 2141 2629 2205 ὡσαύτως
2661 2139 2981 2211 ἐπιμελείας
3015 2137 3400 2211 φροντίζουσα.
3446 2134 3614 2188 Τοῦτο
3633 2138 3734 2198 τοῖς

2166 2233 2490 2304 πριαμένοις
2531 2233 2745 2302 ἐγένετο
2787 2231 3083 2302 γνώριμον.
3124 2227 3414 2282 Ἐντεῦθεν
3447 2226 3735 2299 ὲθρυλλήθη

2165 2326 2437 2397 κατάυτὴν
2465 2325 2619 2378 πόλιν
2642 2325 2676 2394 ἦ
2695 2339 2753 2377 τε
2779 2321 2985 2394 ταύτης
3008 2318 3312 2391 ἐλευθερία,
3342 2320 3437 2372 καὶ
3466 2319 3565 2387 τῆς
3586 2316 3737 2386 θερατ

2166 2414 2368 2485 παίνης
2391 2415 2424 2484 ἡ
2459 2413 2741 2485 εὐτροπία.
2766 2411 2954 2465 Ταῦτα
2980 2409 3364 2481 μεμαθηκότες
3389 2409 3439 2461 οξ
3468 2408 3595 2476 παρ’
3618 2406 3738 2476 ἡμῖν

2168 2505 2439 2576 ἱδρυμένοι
2461 2503 2772 2557 πιστότατοι
2802 2502 3131 2573 στρατιῶται
3159 2499 3294 2569 (ὲγῶ
3320 2498 3432 2570 γὰρ
3451 2495 3739 2568 τηνικαῦτα

2168 2595 2359 2667 ἀπῆν),
2390 2596 2485 2650 καὶ
2514 2597 2629 2658 τοῖς
2650 2594 2976 2666 πριαμένοις
3010 2592 3279 2646 ἀπέδοσαν
3311 2592 3414 2661 τὴν
3439 2590 3626 2661 τιμὴν,
3656 2586 3740 2641 καί¹

2164 2684 2372 2756 ταύτην
2407 2685 2503 2756 τῆς
2536 2684 2781 2747 δουλείας
2816 2683 3155 2753 ἐξήρπασαν.
3202 2680 3349 2750 Ἐγὼ
3384 2682 3443 2733 δὲ
3481 2680 3618 2750 μετά
3653 2678 3741 2747 τὴν

2167 2777 2445 2841 ἐπάνοδον,
2492 2776 2762 2846 διδαχθεὶς
2812 2774 2907 2828 καὶ
2945 2773 3007 2826 τὸ
3052 2773 3237 2845 δρᾶμα
3287 2772 3393 2843 τῆς
3444 2769 3739 2841 συμφορᾶς.

2165 2871 2260 2926 καὶ
2284 2872 2392 2926 τῶν
2424 2870 2771 2942 στρατιωτῶν
2798 2869 2896 2941 τὴν
2922 2868 3234 2935 ἀξιέπαινον
3259 2866 3465 2939 ὄρεξιν,
3487 2866 3555 2919 τά
3576 2862 3744 2932 ἀγαθά

2169 2961 2267 3033 μὲν
2297 2961 2623 3032 ἐπηυξάμην
2643 2959 2896 3024 ἐκείνοις,
2932 2959 3031 3030 τὴν
3064 2958 3470 3028 εὐγενεστάτην
3498 2954 3555 3010 δὲ
3588 2954 3742 3025 κόρην

2164 3052 2273 3105 τῶν
2304 3050 2716 3106 εὐλαϐεστάτων
2741 3050 2851 3104 τινὶ
2876 3049 3140 3103 διακόνων
3176 3046 3506 3119 παρέδωκα,
3533 3043 3744 3114 σιτηρέ-

2166 3158 2281 3196 σιον
2314 3141 2515 3213 ἀρκοῦν
2544 3141 2900 3214 χορηγεῖσθαι
2937 3140 3362 3211 παρεγγυήσας.
3401 3138 3545 3191 Δέκα
3577 3135 3631 3188 ii:
3680 3135 3749 3188 δι-

2164 3232 2500 3305 εληλυθότων
2534 3232 2741 3304 μηνῶν,
2769 3231 3016 3303 μαθοῦσα
3042 3231 3134 3285 τὸν
3159 3230 3385 3299 πατέρα
3416 3229 3517 3302 ζῇν
3545 3228 3643 3291 ἔτι,
3669 3226 3754 3280 καὶ

2157 3324 2346 3396 ἄρχειν
2368 3326 2426 3378 ὲν
2449 3327 2515 3396 τῇ
2544 3325 2723 3389 Δύσει,
2759 3323 3103 3395 ἐπεθύμησεν
3126 3322 3361 3386 εἰκότως
3391 3322 3529 3393 πρδς
3557 3321 3753 3371 ἐκεῖνον

2155 3417 2490 3472 ὲπανελθετν·
2523 3416 2616 3471 καί
2650 3434 2808 3471 τινων
2836 3415 3154 3487 εἰρηκότων,
3182 3414 3257 3476 ὼς
3279 3414 3401 3466 ἀπὸ
3429 3412 3532 3482 τῆς
3560 3410 3745 3465 Ἑσπὲο

2162 3526 2261 3581 ρας
2293 3509 2525 3581 ἔμποροι
2570 3509 2812 3563 πλεῖστοι
2845 3506 3196 3575 καταίρουσιν
3241 3506 3330 3569 είς
3364 3504 3466 3575 τὴν
3493 3503 3615 3564 νῦν,
3631 3490 3755 3569 παρ’

2160 3599 2290 3668 ὑμῖν
2319 3597 2742 3671 ἐπιτελουμένην
2766 3599 3092 3669 πανήγυριν,
3111 3595 3280 3667 ᾔτησε
3319 3595 3468 3667 μετά
3496 3592 3754 3664 γραμμά-

2162 3707 2271 3743 των
2298 3691 2445 3762 ὲμῶν
2476 3690 2576 3761 τὴν
2605 3689 2920 3761 ἀποδημίαν
2958 3687 3308 3759 ποιήσασθαι.
3355 3684 3569 3740 Τούτου
3599 3684 3754 3754 χάριν

2163 3784 2369 3854 ταύτην
2401 3783 2657 3855 γέγραφα
2686 3782 2784 3853 τὴν
2810 3780 3120 3852 ἐπιστολὴν,
3148 3778 3501 3851 παρακαλῶν
3537 3795 3630 3830 σου
3665 3775 3757 3845 τὴν

2162 3874 2492 3941 θεοσέϐειαν,
2522 3875 2598 3940 ὡς
2626 3873 2885 3944 εὐγενοῦς
2908 3873 3192 3944 φροντίσαι
3228 3870 3646 3941 βλαστήματος,
3668 3866 3758 3919 καὶ

2163 3965 2420 4021 κελεῦσαί
2445 3984 2553 4020 τινι
2592 3965 2698 4019 τῶν
2731 3964 2987 4035 εὐλαϐείᾳ
3031 3963 3456 4034 κοσμουμένων,
3500 3960 3600 4015 καὶ
3635 3976 3760 4014 ναυ-

2164 4057 2406 4130 κλήροις,
2443 4059 2537 4113 καὶ
2579 4057 2964 4129 κυϐερνήταις,
3002 4056 3096 4109 καὶ
3140 4054 3416 4127 ἐμπόροις
3465 4050 3755 4124 διαλεχθῆ-

2164 4164 2276 4211 ναι,
2332 4148 2428 4201 καὶ
2471 4149 2683 4210 πιστοῖς
2738 4146 2909 4213 αὐτὴν
2953 4145 3179 4217 ἀνδράσι
3213 4143 3595 4215 παραδοῦναι,
3624 4143 3758 4195 ἀπο-

2904 4236 3055 4309 παρὰ
3151 4237 3335 4290 πᾶσαν
3405 4235 3760 4306 ἀνθρωπίνην

2344 4464 2465 4518 οΔ’.
2502 4490 2563 4501 -
2596 4459 2829 4529 Ζήνωνι
2856 4456 3171 4527 στρατηγῷ
3203 4457 3300 4513 καὶ
3343 4457 3587 4525 ὑπάτῳ.

2233 4594 2346 4665 Τὴν
2380 4593 2657 4666 ὑμετέραν
2692 4588 2949 4663 ἀνδρείαν
2977 4590 3350 4662 θαυμάζουσιν
3385 4591 3662 4656 ἅπαντες,
3690 4590 3763 4652 ὡς

2161 4685 2460 4756 ἡμερότητι
2501 4684 2596 4737 καὶ
2642 4683 2906 4756 πραότητι
2943 4682 3328 4753 κεκραμένην,
3376 4684 3480 4737 καὶ
3518 4687 3637 4747 τοῖς
3668 4682 3762 4753 μὲν

359 4817 373 4827 .
479 4771 740 4826 mesticos
800 4771 1019 4838 blando,
1056 4753 1323 4831 adversus
1354 4776 1546 4830 hostes
1580 4774 1726 4829 virili
1764 4777 1948 4831 animo
1976 4776 2057 4831 fe-

2165 4753 2615 4846 οἰκείοιςίὴπίως,
2641 4753 2755 4839 τοίς
2793 4753 2849 4829 δέ
2877 4774 3158 4846 πολεμίοις
3191 4773 3465 4845 ἀνδρείως
3516 4790 3765 4846 προσφε-

2164 4864 2421 4935 ρομένην.
2448 4865 2553 4918 Τὸν
2586 4865 2899 4932 ἀξιέπαινον
2932 4866 2990 4919 δὲ
3038 4864 3212 4920 ταῦτα
3264 4866 3525 4920 δείκνυσι
3560 4882 3764 4939 στρατ-

2160 4956 2320 5025 ηγόν.
2356 4954 2706 5029 Στρατιώτην
2747 4959 2846 5030 μὲν
2874 4959 2982 5032 γὰρ
3008 4961 3042 5032 ἡ
3066 4959 3259 5031 ἀνδρία
3297 4963 3531 5032 κοσμεῖ,
3574 4959 3669 5014 τὸ)
3707 4957 3765 5012 δὲ

2163 5048 2467 5121 στρατηγὸν
2511 5048 2620 5119 πρὸ
2652 5049 2752 5121 τῆς
2791 5050 3014 5122 ἀνδρίας
3045 5053 3079 5121 ἡ
3111 5051 3380 5122 φρόνησις
3401 5067 3416 5082 °
3471 5052 3576 5105 καὶ
3627 5049 3767 5123 μετά

2157 5140 2364 5195 τούτων
2395 5140 2722 5213 σωφροσύνη
2755 5144 2848 5196 καὶ
2880 5142 3219 5213 δικαιοσύνη,
3243 5143 3308 5197 δι’
3334 5138 3418 5198 ὧν
3450 5146 3481 5197 ὁ
3507 5144 3612 5214 τῆς
3644 5145 3767 5213 ἀρεο

2156 5230 2257 5301 τῆς
2287 5228 2699 5302 συναθροίζεται
2727 5230 2974 5296 πλοῦτος.
3003 5232 3259 5300 Συλλέγει
3279 5232 3337 5289 δὲ
3360 5232 3568 5286 τοῦτον
3599 5235 3634 5305 ἡ
3657 5231 3765 5283 τῶν

2158 5321 2377 5389 ἀγαθῶν
2418 5321 2720 5395 ὀρεγομένη
2750 5322 2897 5394 ψυχή
2924 5338 2937 5355 ο
2973 5324 3069 5377 κα)⁵
3115 5323 3334 5395 ἣδιστον
3384 5325 3621 5394 ἡγεῖται
3676 5320 3766 5375 τὸν

2159 5413 2340 5476 πόνον,
2369 5414 2449 5476 εἰς
2473 5412 2535 5465 τὸ
2564 5412 2735 5481 γλυκὺ
2769 5414 2878 5467 τῶν
2902 5413 3134 5485 καρπῶν
3164 5413 3596 5470 ἀποϐλέπουσα.
3635 5414 3764 5472 Τοῖς

2159 5502 2268 5573 γὰρ
2300 5503 2399 5574 τῆς
2443 5504 2644 5576 ἀρετῆς
2677 5504 2936 5575 ἀθληταῖς
2968 5502 3110 5560 ἆθλα
3152 5505 3527 5579 προτέθεικεν
3559 5502 3655 5560 οἷά
3684 5522 3767 5568 τις

2160 5595 2502 5667 ἀγωνοθέτης
2547 5597 2828 5667 φιλότιμος
2865 5599 2895 5649 ὁ
2944 5599 3052 5652 τῶν
3085 5598 3222 5652 ὅλων
3258 5597 3422 5662 Θεὸς,
3462 5597 3537 5651 τὰ
3572 5597 3673 5666 μὲν
3705 5596 3766 5646 ἐν

2159 5687 2294 5759 τῷδε
2322 5688 2401 5758 τῷ
2430 5688 2549 5759 βίῳ,
2586 5688 2655 5743 τά
2682 5689 2740 5743 δὲ
2771 5691 2828 5743 ὲν
2861 5690 3053 5761 ἐκείνῳ
3083 5688 3161 5759 τῷ
3193 5692 3372 5761 πέρας
3400 5690 3513 5744 οὐκ
3557 5688 3763 5761 ἔχοντι.

557 5852 667 5922 (47)
700 5852 872 5908 ilabct
919 5857 1057 5912 hanc
1098 5858 1380 5927 epistolam
1405 5855 1594 5912 Latine
1650 5858 1913 5914 redditam
1955 5860 2220 5917 Barouius
2247 5861 2311 5915 ad
2343 5878 2468 5917 anu.
2504 5862 2622 5930 440,
2659 5874 2786 5920 tom.
2820 5866 2908 5928 Ἦ,
2945 5882 2996 5937 p.
3030 5867 3073 5922 6.
