4056 6432
461 436 594 503 1241

1787 443 2154 505 EPISTOLA
2192 449 2439 512 LXXIII

3577 455 3710 520 12ίέ

459 549 584 602 Τῶν
610 546 738 619 τῇδε
784 548 883 619 μὲν
918 543 1011 603 οὖν
1049 548 1110 602 τὸ
1152 550 1418 623 ὑμέτερον
1458 551 1745 622 ἁπήλαυσε
1787 553 2037 622 μέγεθος,

2147 566 2325 614 vestra
2347 563 2514 630 potita
2538 574 2643 630 est,
2674 576 2731 622 et
2763 582 3085 638 supremum
3121 569 3388 622 honorem
3411 575 3496 623 est
3515 582 3713 623 conse-

458 639 556 694 καὶ⁵
600 638 663 692 τδ
709 639 1011 711 ἀκρότατον
1053 639 1271 705 ἐδέξατο
1312 642 1481 715 γέρας
1506 657 1520 672 ’
1565 642 1651 709 εἰη
1687 642 1743 695 δὲ
1786 643 1881 695 καὶ
1931 642 2040 695 τῶν

463 731 707 802 μονίμων
737 729 957 792 ἐκείνων
986 733 1077 787 καὶ
1102 732 1339 804 διαρκῶν
1369 734 1469 803 τὴν
1499 733 1773 804 ὑμετέραν
1809 733 2042 803 μεγαλο-

460 823 628 893 φυΐαν
657 826 843 894 τυχεῖν
863 823 1109 892 ἀγαθῶν,
1156 826 1251 878 καὶ
1283 823 1422 896 μετὰ
1451 824 1554 894 τῆς
1584 824 1859 894 ὑπατικῆς
1887 825 2039 894 ἀμπ-

459 914 655 985 εχόνης
679 915 1011 985 προσλαϐεῖν
1030 915 1129 986 τὴν
1157 915 1397 986 ἄρρητον
1416 917 1512 969 atat
1544 916 1694 970 θείαν
1721 915 2036 987 περιϐολήν.

459 1004 634 1075 Κοινὴ
656 1005 764 1076 γὰρ
794 1004 1012 1059 πάντων
1039 1005 1174 1076 εὐχὴ
1195 1005 1304 1059 τῶν
1327 1006 1545 1078 ἐκείνης
1571 1006 1673 1077 τῆς
1696 1006 1905 1078 δωρεᾶς
1925 1007 2041 1060 ἐπι-

463 1096 748 1166 σταμένων
771 1096 832 1148 τὸ
868 1097 1119 1167 μέγεθος.
1215 1118 1218 1123 λ

746 1205 866 1259 OB'.
895 1235 965 1246 —
1010 1206 1425 1276 Ἐρμησιγένει
1461 1206 1766 1277 παρέδρῳ.

547 1319 741 1373 Ἦνίκα
780 1320 888 1375 τῶν
919 1320 1224 1390 ἀνθρώπων
1253 1323 1282 1375 ό
1312 1321 1413 1392 τῆς
1452 1321 1677 1390 ἀγνοίας
1709 1320 2040 1391 κατεκέχυτο

461 1409 647 1477 ζόφος,
673 1410 735 1463 οὐ
756 1410 853 1474 τὰς
885 1411 1055 1474 αὑτὰς
1084 1411 1320 1475 ἀπαντες
1350 1413 1544 1483 ἐορτάς
1568 1412 1879 1478 ἐπετέλουν,
1903 1412 2040 1468 ἀλλὰ

460 1502 800 1574 διῃρημένας
830 1497 977 1579 εῐχον
1021 1503 1164 1557 κατὰ
1204 1505 1389 1567 πόλεις
1415 1503 1517 1568 τάς
1548 1504 1906 1575 πανηγύρεις.
1949 1506 2041 1560 Ἐν

468 1593 649 1646 Ἤλιδι
680 1593 776 1663 μὲν
797 1593 906 1665 γὰρ
957 1593 1230 1665 Ὀλύμπια
1259 1590 1348 1664 ἦν,
1378 1596 1436 1647 ἐν
1476 1593 1700 1664 Δελφοῖς
1737 1594 1795 1649 δὲ
1830 1595 1899 1649 τὰ
1927 1595 2035 1649 Πύ-

465 1683 580 1750 θια,
616 1686 673 1737 ἐν
701 1684 758 1737 δέ
788 1700 851 1753 γε
874 1686 940 1756 τῇ
968 1684 1192 1756 Σπάρτῃ
1218 1684 1287 1738 τὰ
1330 1684 1635 1751 Ὑακίνθια,
1690 1686 1948 1758 Ἀθήνῃσι
1979 1686 2037 1741 δὲ

463 1774 536 1828 τὰ
556 1774 666 1847 (48)
700 1773 1076 1844 Παναθήναια,
1109 1775 1204 1829 καὶ
1224 1773 1293 1827 τὰ
1318 1776 1688 1847 θεσμοφόρια,
1713 1777 1892 1830 καὶτὰ
1920 1780 2040 1831 Διο-

2141 658 2289 705 cuta.
2326 653 2542 708 Utinam
2574 664 2630 710 et
2663 657 2952 713 stabilibus
2994 659 3106 714 illis
3131 673 3195 713 ac
3233 657 3517 727 perpetuis
3553 656 3714 711 bonis

2140 740 2534 799 sublimitatem
2574 753 2721 800 tuam
2751 747 2858 803 frui
2897 750 3197 819 contingat,
3230 758 3288 803 et
3321 764 3445 803 cum
3477 749 3715 819 palmata

2140 834 2416 888 consulari
2437 835 2770 894 ineffabilem
2804 840 3158 910 divinamque
3178 849 3386 895 vestem
3409 854 3711 895 assumere.

2139 922 2440 981 Commune
2486 944 2722 998 namque
2775 939 2965 985 votum
3012 940 3096 985 est
3141 932 3389 987 omnium
3429 932 3525 1002 qui
3564 931 3715 987 illius

2140 1014 2270 1070 doni
2305 1019 2739 1089 magnitudinem
2770 1021 3103 1093 intelligunt.

2321 1210 2533 1282 1122
2572 1213 2780 1271 LXXII.
2812 1247 2884 1255 —
2912 1215 3273 1289 Hermesigeni
3309 1221 3579 1272 assessori.

2234 1319 2354 1387 Quo
2436 1330 2682 1394 tempore
2767 1327 3054 1383 hominum
3134 1330 3322 1399 generi
3388 1330 3715 1387 circumfusa

2143 1409 2464 1481 ignorantiae
2515 1430 2623 1470 nox
2681 1427 2833 1483 erat,
2900 1434 3010 1473 non
3066 1419 3261 1475 eadem
3319 1435 3511 1476 omnes
3579 1421 3718 1476 festa

2142 1502 2514 1570 celebrabant,
2561 1506 2657 1561 sed
2710 1508 2957 1564 diversas
2999 1511 3231 1582 singulis
3284 1512 3339 1566 in
3399 1514 3720 1571 civitatibus

2142 1593 2374 1664 agebant
2405 1611 2722 1668 panegyres.
2763 1599 2898 1654 Nam
2930 1601 2985 1655 in
3017 1602 3173 1657 Elide
3213 1603 3437 1672 quidem
3463 1603 3718 1676 Olympia

2142 1693 2319 1752 erant,
2358 1687 2502 1757 apud
2532 1689 2771 1759 Delphos
2798 1707 2932 1746 vero
2957 1693 3174 1763 Pythia,
3208 1701 3265 1748 et
3294 1696 3438 1764 apud
3467 1697 3719 1766 Spartam

2143 1792 2337 1834 rursus
2395 1780 2745 1851 Hyacinthia,
2796 1783 3028 1838 Athenis
3077 1801 3211 1840 vero
3256 1786 3633 1852 Panathenaea,
3663 1798 3721 1844 et

464 1864 646 1918 νύσια.
687 1863 963 1933 Ἐπίσημα
994 1862 1051 1916 δέ
1076 1858 1145 1934 ἦν
1165 1879 1178 1892 ·
1229 1864 1325 1918 καὶ
1353 1862 1502 1917 ἄλλοι
1530 1863 1588 1917 δὲ
1628 1865 1803 1919 ἀλλων
1853 1864 2043 1919 ἐπετέ-

2147 1869 2610 1940 Thesmophoria,
2665 1883 2723 1927 et
2763 1873 3040 1944 Dionysia.
3097 1874 3335 1945 Insignia
3385 1892 3552 1945 porro
3603 1877 3721 1933 hanc

464 1957 592 2010 λουν
617 1955 960 2026 δημοθοινίαν
976 1954 1085 2026 (49)
1108 1955 1396 2025 δαιμόνων.
1438 1956 1654 2027 Ἐπειδὴ
1687 1957 1743 2010 δὲ
1774 1956 1834 2010 τὸ
1863 1957 2044 2028 νοερὸν

467 2047 586 2118 φῶς
611 2047 709 2118 τὴν
738 2046 904 2117 ἀχλὺν
937 2045 1152 2117 ἐκείνην
1190 2047 1470 2113 ἐσκέδασε,
1500 2047 1774 2118 πανταχοῦ
1809 2049 1913 2119 γῆς
1948 2050 2044 2102 καὶ⁸

466 2138 738 2208 θαλάττης
789 2136 1091 2208 ήπειρῶται
1135 2138 1231 2191 καὶ
1278 2139 1546 2208 νησιῶται
1590 2144 1743 2211 κοινῇ
1773 2139 1866 2193 τοῦ
1907 2140 2044 2193 Θεοῦ

467 2231 567 2284 καὶ
595 2231 847 2300 Σωτῆρος
875 2229 1051 2301 ήμῶν.
1064 2227 1373 2284 ἐπιτελοῦσι
1400 2230 1501 2294 τὰς
1530 2231 1725 2302 ἑορτάς
1746 2247 1760 2262 ’
1798 2232 1892 2284 καὶ
1918 2230 2046 2284 ἔνθα

466 2321 536 2376 ἄν
564 2339 649 2386 τις
686 2321 1038 2392 ἀποδημῆσαι
1065 2320 1288 2394 θελήσῃ,
1324 2322 1428 2376 κᾶν
1457 2322 1594 2394 πρὸς
1619 2323 1771 2393 ἥλιον
1798 2323 2047 2393 ἀνίσχον-

466 2429 558 2478 τα,
589 2411 689 2466 κᾶν
723 2412 859 2481 πρὸς
886 2413 1164 2484 δυόμενον,
1194 2414 1472 2485 πανταχοῦ
1493 2414 1592 2487 τὴν
1617 2415 1786 2486 αὐτὴν
1817 2416 2043 2487 εὑρήσει

467 2503 611 2557 κατὰ
643 2503 737 2557 τὸν
782 2504 945 2557 αὑτὸν
996 2505 1188 2575 χρόνον
1237 2505 1668 2585 ἐπιτελουμένην
1710 2507 2041 2576 πανήγυριν.

467 2595 604 2649 Οὐδὲ
627 2594 735 2665 γὰρ
767 2595 908 2648 κατά
929 2594 1022 2649 τὸν
1054 2596 1333 2659 Μωῡσέως
1361 2592 1547 2666 νόμον,
1570 2597 1661 2650 τὸν
1682 2598 1747 2668 τῇ
1773 2595 2044 2650 Ἰουδαίων

469 2687 725 2758 ἀσθενείᾳ
781 2687 1168 2757 συμϐαίνοντα,
1215 2690 1297 2753 είς
1356 2688 1483 2758 μίαν
1541 2686 1758 2758 ἀνάγκη
1808 2687 2043 2740 συνιέναι

469 2775 647 2839 πόλιν,
676 2777 771 2829 καὶ
798 2775 909 2829 τῶν
946 2778 1276 2848 εὐεργεσιῶν
1324 2776 1605 2853 ἑορτάζειν
1647 2777 1748 2852 τήν
1778 2780 1999 2852 μνήμην
2026 2797 2041 2811 ’

470 2867 607 2922 ἀλλὰ
632 2869 782 2926 πᾶσα
816 2867 988 2935 πόλις,
1021 2869 1115 2925 καλ⁸
1156 2873 1306 2926 πᾶσα
1358 2872 1544 2944 κώμη,
1581 2873 1674 2926 καὶ
1724 2874 1907 2944 ἀγροὶ,
1953 2874 2047 2927 καὶ

469 2964 743 3034 ἐσχατιαὶ,
777 2959 879 3033 τῆς
923 2962 1075 3027 θείας
1117 2963 1531 3036 ἐνεπλήσθησαν
1555 2964 1812 3036 χάριτος*
1855 2964 1951 3018 καὶ
1988 2967 2047 3018 ἐν

469 3055 634 3108 παντὶ
662 3054 811 3125 τόπῳ
845 3055 1002 3125 σηκοὶ
1045 3053 1177 3108 θεῖοι
1211 3055 1306 3108 καῖ.
1335 3056 1541 3127 τεμένη
1571 3056 1934 3127 καθιέρωνται
1969 3055 2048 3127 τῷ

468 3143 582 3198 τῶν
607 3144 745 3199 ὅλων
760 3142 898 3216 Θεῷ.
931 3144 1031 3197 Διά
1046 3162 1127 3198 τοι
1153 3143 1313 3198 τοῦτο
1347 3145 1441 3198 καὶ
1470 3146 1611 3200 κατά
1636 3144 1823 3208 πόλεις
1850 3146 2047 3217 διῃρη-

475 3233 627 3306 μένοι
662 3235 1130 3307 πανηγυρίζομεν,
1158 3237 1254 3289 καὶ
1278 3232 1345 3289 αὗ
1376 3237 1541 3290 πάλιν
1568 3236 1932 3307 κοινωνοῦμεν
1957 3235 2049 3290 ἀλ-
2074 3219 2119 3279 C

469 3326 657 3397 λήλοις
694 3327 803 3379 τῶν
834 3328 1059 3398 ἑορτῶν.
1091 3328 1197 3382 Τὸν
1224 3328 1332 3401 γὰρ
1357 3329 1519 3383 αὐτὸν
1552 3330 1689 3383 Θεόν
1731 3348 1790 3383 τε
1829 3331 1926 3383 καὶ
1957 3332 2055 3383 Δε-

471 3417 681 3488 σπότην
731 3420 844 3481 τοῖς
894 3417 1083 3488 ὕμνοις
1111 3419 1464 3490 γεραίρομεν,
1508 3423 1604 3475 καὶ
1642 3421 1744 3486 τὰς
1785 3421 2055 3493 μυστικὰς

470 3506 622 3578 αὑτῷ
642 3505 831 3571 θυσίας
856 3510 1263 3581 προσφέρομεν.
1300 3512 1506 3565 Τούτου
1537 3511 1600 3584 δὴ
1634 3513 1794 3583 χάριν
1833 3516 1927 3568 καὶ
1965 3514 2055 3569 διὰ

470 3599 818 3669 γραμμάτων
860 3599 1126 3671 ἀλλήλους
1168 3603 1217 3654 οί
1247 3603 1650 3670 γειτονεύοντες
1677 3606 2055 3677 προσφθεγγό-

474 3689 637 3759 μεθα,
666 3690 765 3761 τὴν
801 3692 867 3744 ἐκ
908 3693 1006 3762 τῆς
1034 3691 1228 3763 ἑορτῆς
1258 3695 1620 3767 ἐγγινομένην
1660 3695 1928 3768 θυμηδίαν
1952 3715 2053 3769 ση-

475 3778 780 3851 μαίνοντες.
807 3780 978 3835 Τοῦτο
1012 3781 1167 3851 κάγὼ
1199 3782 1292 3835 νῦν
1320 3783 1478 3851 ποιῶ,
1508 3785 1601 3838 καὶ
1629 3785 1726 3855 τὴν
1761 3788 2051 3855 ἐορταστιυ

470 3869 579 3940 κὴν
634 3870 937 3942 πρόσρησιν
991 3874 1057 3943 τῇ
1108 3875 1174 3944 σῇ
1225 3874 1667 3946 μεγαλοπρεπείᾳ
1738 3875 2053 3946 προσφέρω.

485 3959 795 4035 Ἀντιδὼσει
828 3960 884 4015 δὲ
914 3963 1006 4016 καὶ
1026 3961 1162 4034 αὑτὴ
1197 3963 1414 4028 πάντως
1438 3964 1537 4036 τὴν
1555 3966 1699 4036 ῐσην,
1716 3967 1809 4020 καὶ
1834 3968 2055 4038 τιμήσει

468 4050 569 4106 τὸν
594 4051 760 4124 νόμον
783 4052 885 4123 τῆς
914 4053 1129 4125 ἑορτῆς.

926 4167 1045 4220 01".
1080 4199 1149 4208 —
1193 4168 1597 4236 Ἀπολλωνίῳ.

544 4278 916 4351 Θεμιστοκλέα
962 4279 1052 4334 τὸν
1098 4280 1421 4344 Νεοκλέους,
1465 4281 1557 4335 τὸν
1596 4282 1817 4354 ἄριστον
1849 4282 2055 4336 ἐκεῖνον

472 4374 573 4429 καὶ
599 4371 930 4442 ἀξιάγαστον
952 4372 1276 4444 στρατηγὸν,
1303 4372 1601 4443 θαυμάζων
1622 4375 1650 4426 ό
1674 4374 2053 4443 συγγραφεὺς,

477 4462 713 4534 φυσικήν
752 4464 902 4537 αὐτῷ
960 4464 1131 4535 μόνην
1185 4463 1763 4536 προσμεμαρτύρηκεν
1817 4465 2051 4535 ἀρετήν·

2146 1972 2321 2024 erant,
2342 1970 2397 2017 et
2416 1963 2508 2017 alii
2538 1964 2773 2020 aliorum
2805 1966 3114 2021 daemonum
3136 1967 3327 2036 epulas
3349 1967 3719 2024 instruebant.

2146 2054 2437 2124 Postquam
2469 2071 2601 2110 vero
2618 2057 2713 2111 lux
2738 2058 3018 2113 mentibus
3047 2058 3227 2113 infusa
3255 2059 3544 2129 caliginem
3570 2060 3722 2114 illam

2146 2143 2440 2212 discussit,
2495 2146 2701 2216 ubique
2738 2156 3008 2202 terrarum
3042 2164 3106 2203 ac
3150 2150 3406 2213 marium,
3451 2158 3507 2204 et
3536 2150 3725 2205 conti-‘

2146 2235 2329 2291 nentis
2366 2236 2558 2291 incola:
2577 2245 2633 2291 et
2673 2237 2933 2304 insulani,
2969 2255 3077 2293 una
3110 2254 3303 2294 omnes
3331 2240 3444 2294 Deo
3481 2249 3538 2294 et
3592 2240 3720 2296 Ser-

2145 2327 2320 2381 vatori
2359 2336 2549 2382 nostro
2577 2328 2695 2383 dies
2724 2328 2891 2383 festos
2923 2338 3110 2400 agunt,
3142 2338 3199 2385 et
3223 2313 3552 2401 quocunque
3593 2346 3724 2402 per-

2144 2433 2272 2488 gere
2306 2419 2430 2488 quis
2454 2420 2608 2485 velit,
2651 2421 2768 2476 sive
2806 2421 2873 2475 ad
2908 2422 3041 2476 solis
3086 2431 3289 2487 ortum,
3324 2422 3439 2476 sive
3466 2421 3531 2476 ad
3565 2437 3724 2477 occa—

2145 2524 2288 2575 sum,
2329 2510 2578 2565 eamdem
2606 2512 2809 2582 ubique
2846 2513 3087 2583 reperiet
3128 2512 3323 2568 eodem
3355 2521 3598 2583 tempore
3632 2529 3724 2568 so-

2142 2600 2481 2655 lemnitatem
2509 2603 2795 2657 celebrari.
2826 2586 3016 2676 Neq’ue
3060 2603 3208 2662 enim
3249 2604 3401 2678 juxta
3437 2603 3604 2661 Mosis
3645 2603 3727 2661 le-

2143 2705 2286 2764 gem,
2302 2691 2615 2751 Iudaeorum
2639 2693 2939 2751 infirmitati
2960 2695 3448 2761 accommodatam,
3475 2696 3532 2750 in
3557 2712 3725 2751 unam

2144 2794 2371 2836 necesse
2420 2790 2509 2837 est
2557 2782 2835 2838 civitatem
2886 2784 3185 2848 conﬂuere,
3218 2784 3726 2857 beneﬁciorumque

2145 2871 2465 2926 memoriam
2495 2870 2746 2928 feriando
2773 2874 3037 2929 recolere.
3067 2873 3174 2928 Sed
3202 2873 3455 2929 civitates
3477 2873 3728 2946 singulae;

2146 2972 2204 3016 et
2228 2960 2358 3026 vici,
2394 2969 2451 3017 et
2498 2963 2636 3034 agri,
2683 2973 2739 3018 et
2791 2979 2902 3018 ora:
2954 2963 3159 3018 ultimm
3209 2962 3393 3017 divina
3440 2964 3731 3019 cumulatae

2147 3062 2276 3108 sunt
2297 3054 2489 3124 gratia,
2517 3055 2760 3124 locisque
2788 3054 3046 3108 omnibus
3075 3053 3262 3108 divina
3300 3054 3503 3124 templa
3534 3062 3590 3109 et
3630 3054 3730 3108 de-

2147 3143 2308 3197 lubra
2354 3145 2742 3199 universorum
2801 3145 2915 3199 Deo
2966 3152 3180 3199 sacrata
3236 3153 3388 3200 sunt.
3447 3146 3636 3217 Itaque
3674 3155 3733 3201 et

2152 3230 2394 3301 singulas
2440 3247 2540 3301 per
2586 3232 2752 3287 urbes
2805 3232 2970 3287 divisi
3027 3241 3333 3288 conventus
3385 3234 3618 3304 agimus,
3674 3244 3732 3290 et

2154 3321 2300 3374 inter
2327 3335 2428 3375 nos
2449 3336 2639 3375 rursus
2664 3321 2930 3377 festorum
2954 3322 3223 3378 solemnia
3238 3325 3731 3379 communicamus.

2154 3410 2421 3466 Eumdem
2452 3412 2655 3482 quippe
2691 3414 2709 3433 ‘
2755 3412 2930 3468 Deum
2964 3428 3030 3467 ac
3059 3413 3353 3467 Dominum
3382 3412 3602 3485 hymnis
3637 3430 3726 3469 ve-

2152 3519 2433 3569 neramur,
2480 3512 2537 3560 et
2583 3504 2839 3576 mysticas
2886 3505 2964 3559 illi
2996 3505 3205 3560 hostias
3232 3505 3537 3561 oll‘erimus.
3578 3505 3734 3561 Unde

2154 3611 2254 3666 per
2282 3592 2495 3652 litteras
2520 3598 2687 3652 etiam
2738 3597 2831 3667 qui
2883 3597 3054 3652 vicini
3103 3613 3294 3652 sumus
3346 3598 3581 3653 invicem
3634 3613 3737 3653 nos

2155 3688 2476 3753 salutamus,
2508 3703 2671 3759 quam
2697 3704 2764 3744 ex
2784 3689 2925 3744 festo
2959 3689 3207 3759 capimus
3232 3689 3480 3743 laetitiam
3525 3687 3738 3759 signiﬁ-

2154 3786 2363 3833 cantes.
2393 3778 2507 3832 Hoc
2527 3786 2582 3832 et
2610 3793 2710 3848 ego
2738 3793 2887 3833 nunc
2926 3792 3046 3848 ago,
3107 3776 3320 3846 1123
3379 3775 3737 3845 festalemquc

2156 3869 2577 3941 magniﬁcentiae
2630 3876 2736 3925 tuae
2782 3870 3170 3925 salutationem
3222 3870 3405 3923 mitto.
3460 3869 3543 3923 Tu
3581 3868 3737 3940 paria

2155 3976 2383 4030 prorsus
2410 3959 2699 4031 rependes,
2735 3969 2791 4016 et
2822 3961 2949 4017 festi
2974 3962 3151 4033 legem
3179 3960 3521 4015 observabis.

2614 4164 2849 4220 LXXIII.
2877 4196 2947 4204 —
2969 4164 3011 4220 Α
3019 4164 3274 4236 pollonio.

2228 4275 2656 4332 Themistoclem
2698 4276 2916 4332 Neoclis
2965 4275 3160 4340 filium,
3218 4272 3736 4344 praastantissimum

2158 4367 2314 4423 illum
2336 4376 2392 4423 et
2407 4367 2848 4423 laudatissimum
2874 4367 3092 4433 ducem,
3113 4364 3395 4420 admirans
3416 4364 3737 4428 historicus,

2160 4458 2395 4513 naturali
2433 4458 2702 4514 duntaxat
2743 4457 2948 4514 virtute
2992 4458 3281 4528 praeditum
3310 4457 3481 4512 fuisse
3507 4463 3742 4512 testatus

474 4554 748 4626 Περικλέα
772 4554 850 4621 δὲ,
891 4554 984 4609 τὸν
1012 4554 1348 4619 Ξανθίππου,
1381 4554 1476 4609 καὶ
1505 4556 1604 4626 τὴν
1649 4555 1758 4610 ἀπὸ
1794 4555 1892 4627 τῆς
1928 4571 2048 4609 παι-

2159 4556 2244 4605 cst
2272 4567 2286 4615 ;
2321 4549 2586 4605 Periclem
2621 4564 2754 4604 vero
2776 4548 3095 4620 Xanthippo
3120 4558 3333 4614 natum,
3367 4547 3533 4603 etiam
3579 4563 3612 4601 a
3651 4547 3740 4601 di-

473 4645 625 4709 δείας
655 4644 758 4717 ἔφη
800 4645 1224 4718 προσειληφέναι
1268 4644 1569 4716 δεινότητα,
1614 4647 1710 4701 καὶ
1742 4646 1841 4719 τὴν
1882 4645 2048 4701 πειθὼ

2160 4641 2393 4712 sciplina
2430 4640 2685 4696 haustam
2730 4639 3053 4695 facultatem
3078 4638 3395 4710 adjunxisse
3422 4638 3582 4701 dixit,
3611 4653 3739 4692 sua-

473 4738 592 4799 τοῖς
621 4735 800 4804 λόγοις
842 4737 1179 4802 ἐπιστάζειν,
1212 4737 1309 4792 καὶ
1341 4738 1514 4811 ταύτῃ
1557 4739 1889 4811 κατακηλεῖν
1929 4739 2048 4803 τοὺς

2159 4734 2450 4802 delamque
2498 4747 2784 4788 sermones
2808 4731 3100 4798 instillare,
3126 4738 3182 4786 et
3206 4731 3311 4785 hac
3329 4730 3619 4785 audientes
3649 4728 3745 4783 de-

475 4826 795 4891 ἀκούοντας,
826 4828 918 4881 καὶ
946 4828 1130 4883 ἱκανὸν
1150 4829 1405 4899 γενέσθαι
1431 4830 1634 4900 γνῶναί
1660 4848 1718 4884 τε
1751 4831 1821 4885 τὰ
1842 4830 2048 4898 δέοντα,

2161 4826 2425 4891 mulcere,
2450 4822 2822 4895 idoncumque
2844 4823 3141 4887 exstitisse,
3163 4822 3258 4893 qui
3283 4830 3340 4878 et
3361 4820 3745 4877 convenientia

476 4918 573 4972 καὶ
601 4917 938 4989 ἑρμηνεῦσαι
977 4918 1170 4974 ταῦτα.
1200 4920 1370 4974 Οὐδὲν
1400 4920 1511 4992 γὰρ
1534 4921 1766 4985 ἀπεικὸς
1807 4922 1936 4991 περὶ
1962 4921 2048 4977 αύ-

2163 4924 2372 4982 nosset,
2403 4922 2461 4971 et
2488 4914 2671 4986 eloqui
2704 4915 2896 4969 eadem
2941 4919 3146 4984 posset.
3190 4913 3303 4968 Nec
3348 4912 3496 4967 enim
3549 4911 3748 4965 absur-

478 5009 575 5064 τοῦ
618 5010 902 5082 γράφοντα
947 5012 1058 5075 τοῖς
1099 5010 1263 5064 αὐτοῦ
1304 5011 1486 5080 λόγοις
1522 5011 1842 5085 κεχρῆσθαι.
1873 5009 2048 5065 Ταῦτα

2164 5008 2297 5064 dum
2328 5015 2434 5071 est,
2463 5022 2589 5061 cum
2636 5006 2705 5060 de
2732 5005 2826 5060 illo
2881 5005 3143 5067 scribam,
3192 5003 3367 5074 ipsius
3408 5001 3595 5057 verbis
3638 4999 3742 5055 uti.

481 5104 577 5160 καὶ
622 5105 724 5176 τὴν
755 5104 854 5174 σὴν
901 5101 1209 5173 λαμπρύνει
1261 5102 1760 5174 μεγαλοπρέπειαν.
1801 5102 1912 5156 Καὶ
1945 5100 2048 5173 γὰρ

2157 5100 2335 5155 Tuam
2365 5099 2482 5154 haec
2505 5111 2726 5167 quoque
2749 5096 3030 5151 illustrant
3078 5092 3559 5166 magniﬁcentiam.
3607 5090 3744 5146 Nam

481 5195 664 5263 δεξιάν
695 5213 777 5248 σοι
805 5194 966 5263 φύσιν
1012 5192 1216 5246 ἔδωκεν
1245 5194 1274 5246 ὁ
1311 5193 1727 5265 δημιουργήσας
1771 5193 1924 5258 Θεὸς,
1966 5193 2048 5245 καλ

2157 5198 2214 5245 et
2235 5190 2484 5245 dextram
2511 5186 2840 5257 felicemque
2871 5184 2971 5241 tibi
2996 5193 3252 5240 naturam
3279 5179 3746 5240 tribuitconditor

479 5284 580 5356 τῆς
607 5282 856 5348 παιδείας
882 5284 916 5353 ἡ
949 5281 1208 5354 μετουσία
1236 5281 1299 5336 τὸ
1336 5282 1540 5354 ταύτης
1569 5282 1810 5336 δείκνυσι
1845 5281 2048 5346 κάλλος

2158 5278 2326 5343 Deus,
2357 5286 2414 5332 et
2446 5276 2703 5348 adjuncta
2730 5274 3022 5346 disciplina
3072 5274 3238 5348 hujus
3273 5265 3745 5346 pulchritudinem

481 5376 651 5431 Οὐδὲν
669 5376 849 5429 τοίνυν
878 5374 1114 5427 ἐλλείπει
1139 5373 1215 5444 τῷ
1245 5372 1461 5444 πλούτῳ
1485 5375 1584 5445 τῆς
1608 5372 1833 5443 ἀρετῆς,
1856 5371 1889 5443 ἢ
1922 5372 2048 5443 μόνη

2164 5370 2526 5427 demonstrat.
2560 5366 2742 5435 Quare
2780 5367 2850 5423 ad
2878 5367 3102 5423 virtutis
3123 5382 3256 5438 opes
3291 5365 3442 5420 aliud
3480 5363 3635 5417 decst
3662 5359 3748 5414 ni-

480 5466 579 5523 τοῦ
617 5467 978 5538 πεποιηκότος
1016 5468 1049 5537 ή
1090 5465 1319 5534 γνῶσις·
1366 5463 1572 5534 ταύτης
1621 5465 1729 5537 γὰρ
1765 5479 2048 5535 προσγενο⁴

2164 5463 2265 5531 hil,
2299 5461 2407 5517 nisi
2439 5459 2552 5517 sola
2583 5459 2830 5515 auctoris
2870 5458 3150 5531 cognitio:
3192 5472 3314 5528 qua:
3351 5455 3397 5510 si
3428 5450 3743 5515 accesserit,

486 5558 679 5632 μένης,
720 5558 1046 5624 τελευτάτην
1084 5557 1280 5629 ἕξομεν
1315 5557 1424 5612 τῶν
1473 5556 1696 5627 ἀγαθῶν
1726 5557 1825 5629 τὴν
1864 5557 2048 5630 φοράν⁴

2164 5550 2620 5627 perfectissimam
2658 5550 2934 5607 bonorum
2981 5549 3195 5621 copiam
3236 5544 3583 5602 habebimus.
3617 5539 3746 5598 Haec

2169 5712 2262 5768 ubi
2292 5711 2435 5767 idem
2463 5706 2790 5765 vocabulum
2820 5704 2991 5761 habet
3027 5710 3250 5769 noster;
3295 5699 3536 5770 itemque
3582 5711 3747 5769 supra

579 5713 671 5783 48)
699 5714 770 5768 τά
793 5731 851 5768 τε
886 5713 1056 5785 Neap.

581 5785 670 5852 49)
702 5785 810 5840 Pro
837 5784 1148 5852 ὼμοθοινίᾳ,
1177 5783 1544 5852 δημοθοινίαν,
1568 5783 1819 5852 publicas
1846 5784 2048 5852 epulas1

2169 5713 2262 5768 ubi
2292 5713 2435 5767 idem
2463 5713 2790 5765 vocabulum
2821 5713 2991 5761 habet
3027 5720 3034 5758 1

2169 5783 2329 5852 epist.
2362 5781 2450 5848 64,
2482 5781 2537 5836 in
2564 5777 2727 5835 simili
2756 5783 3034 5833 contextu.

581 5785 670 5856 49)
702 5785 810 5856 Pro
837 5783 1148 5856 ὠμοθοινίᾳ,
1177 5783 1819 5856 anpOvaaVLpublica‘s
1846 5784 2059 5856 epulas,

483 5852 742 5928 rescripsi
761 5852 900 5912 cum
916 5852 1128 5912 Valesio
1170 5852 1479 5911 ad’Theod.
1516 5852 1650 5910 Hist.
1685 5852 1950 5923 ccclesfv,
1970 5853 2061 5921 21,
