  <div class='ocr_page' id='page_1' title='image "/cluster/home/n/w/nwhite01/storage/ocr_20150623/83:no.4/coo.31924054869841/629.png"; bbox 0 0 4056 6422; ppageno 0'>
   <div class='ocr_carea' id='block_1_1' title="bbox 518 447 652 508">
    <p class='ocr_par' dir='ltr' id='par_1_1' title="bbox 518 447 652 508">
     <span class='ocr_line' id='line_1_1' title="bbox 518 447 652 508; baseline 0.022 -3"><span class='ocrx_word' id='word_1_1' title='bbox 518 447 652 508; x_wconf 70' lang='grc'><strong>1243</strong></span> 
     </span>
    </p>
   </div>
   <div class='ocr_carea' id='block_1_2' title="bbox 1500 443 2766 510">
    <p class='ocr_par' dir='ltr' id='par_1_2' title="bbox 1500 443 2766 510">
     <span class='ocr_line' id='line_1_2' title="bbox 1500 443 2766 510; baseline 0.006 -7"><span class='ocrx_word' id='word_1_2' title='bbox 1500 443 1984 505; x_wconf 80' lang='lat' dir='ltr'><strong>THEODORETI</strong></span> <span class='ocrx_word' id='word_1_3' title='bbox 2023 446 2364 508; x_wconf 89' lang='lat' dir='ltr'><strong>EPISCOPI</strong></span> <span class='ocrx_word' id='word_1_4' title='bbox 2401 449 2766 510; x_wconf 82' lang='lat' dir='ltr'><strong>CYRENSIS</strong></span> 
     </span>
    </p>
   </div>
   <div class='ocr_carea' id='block_1_3' title="bbox 3618 457 3738 522">
    <p class='ocr_par' dir='ltr' id='par_1_3' title="bbox 3618 457 3738 522">
     <span class='ocr_line' id='line_1_3' title="bbox 3618 457 3738 522; baseline 0.017 -2"><span class='ocrx_word' id='word_1_5' title='bbox 3618 457 3738 522; x_wconf 65' lang='grc'><strong>1244</strong></span> 
     </span>
    </p>
   </div>
   <div class='ocr_carea' id='block_1_4' title="bbox 514 558 2080 637">
    <p class='ocr_par' dir='ltr' id='par_1_4' title="bbox 514 558 2080 632">
     <span class='ocr_line' id='line_1_4' title="bbox 514 558 2080 632; baseline 0.002 -20"><span class='ocrx_word' id='word_1_6' title='bbox 514 558 704 614; x_wconf 77' lang='lat' dir='ltr'><strong>audito</strong></span> <span class='ocrx_word' id='word_1_7' title='bbox 733 558 973 614; x_wconf 86' lang='lat' dir='ltr'><strong>adventu</strong></span> <span class='ocrx_word' id='word_1_8' title='bbox 1023 570 1116 614; x_wconf 90' lang='lat' dir='ltr'><strong>tuo</strong></span> <span class='ocrx_word' id='word_1_9' title='bbox 1162 561 1367 626; x_wconf 87' lang='lat' dir='ltr'><strong>scribo,</strong></span> <span class='ocrx_word' id='word_1_10' title='bbox 1415 560 1688 615; x_wconf 91' lang='lat' dir='ltr'><strong>bonorum</strong></span> <span class='ocrx_word' id='word_1_11' title='bbox 1721 576 1889 616; x_wconf 86' lang='lat' dir='ltr'><strong>orans</strong></span> <span class='ocrx_word' id='word_1_12' title='bbox 1929 563 2080 632; x_wconf 80' lang='lat' dir='ltr'><strong>largi-</strong></span> 
     </span>
    </p>
   </div>
   <div class='ocr_carea' id='block_1_5' title="bbox 2183 558 3743 637">
    <p class='ocr_par' dir='ltr' id='par_1_5' title="bbox 2196 563 3743 637">
     <span class='ocr_line' id='line_1_5' title="bbox 2196 563 3743 637; baseline 0.008 -20"><span class='ocrx_word' id='word_1_13' title='bbox 2196 566 2380 618; x_wconf 84' lang='grc' dir='ltr'><strong>Ταῦτα</strong></span> <span class='ocrx_word' id='word_1_14' title='bbox 2402 567 2566 634; x_wconf 85' lang='grc' dir='ltr'>γνοὺς</span> <span class='ocrx_word' id='word_1_15' title='bbox 2593 567 2747 636; x_wconf 90' lang='grc' dir='ltr'>ὑμῶν</span> <span class='ocrx_word' id='word_1_16' title='bbox 2789 566 2888 637; x_wconf 80' lang='grc' dir='ltr'><strong>τὴν</strong></span> <span class='ocrx_word' id='word_1_17' title='bbox 2929 563 3112 635; x_wconf 76' lang='grc' dir='ltr'>ἄφιξιν</span> <span class='ocrx_word' id='word_1_18' title='bbox 3158 567 3484 633; x_wconf 76' lang='grc' dir='ltr'><strong>ἐπιστέλλω,</strong></span> <span class='ocrx_word' id='word_1_19' title='bbox 3525 572 3610 626; x_wconf 77' lang='grc' dir='ltr'><strong>τὸν</strong></span> <span class='ocrx_word' id='word_1_20' title='bbox 3650 577 3743 628; x_wconf 85' lang='grc' dir='ltr'><strong>τῶν</strong></span> 
     </span>
    </p>
   </div>
   <div class='ocr_carea' id='block_1_6' title="bbox 518 650 2090 715">
    <p class='ocr_par' dir='ltr' id='par_1_6' title="bbox 518 650 2090 715">
     <span class='ocr_line' id='line_1_6' title="bbox 518 650 2090 715; baseline 0.004 -16"><span class='ocrx_word' id='word_1_21' title='bbox 518 659 718 712; x_wconf 87' lang='lat' dir='ltr'><strong>torem,</strong></span> <span class='ocrx_word' id='word_1_22' title='bbox 773 660 833 703; x_wconf 91' lang='lat' dir='ltr'><strong>ut</strong></span> <span class='ocrx_word' id='word_1_23' title='bbox 876 659 935 704; x_wconf 89' lang='lat' dir='ltr'><strong>et</strong></span> <span class='ocrx_word' id='word_1_24' title='bbox 972 650 1111 704; x_wconf 84' lang='lat' dir='ltr'><strong>lucis</strong></span> <span class='ocrx_word' id='word_1_25' title='bbox 1164 651 1316 704; x_wconf 83' lang='lat' dir='ltr'><strong>radio</strong></span> <span class='ocrx_word' id='word_1_26' title='bbox 1358 650 1533 705; x_wconf 88' lang='lat' dir='ltr'><strong>aciem</strong></span> <span class='ocrx_word' id='word_1_27' title='bbox 1561 651 1761 706; x_wconf 90' lang='lat' dir='ltr'><strong>mentis</strong></span> <span class='ocrx_word' id='word_1_28' title='bbox 1795 652 2090 715; x_wconf 89' lang='lat' dir='ltr'><strong>illuminet,</strong></span> 
     </span>
    </p>
   </div>
   <div class='ocr_carea' id='block_1_7' title="bbox 517 738 2095 812">
    <p class='ocr_par' dir='ltr' id='par_1_7' title="bbox 517 738 2095 812">
     <span class='ocr_line' id='line_1_7' title="bbox 517 738 2095 812; baseline 0.005 -22"><span class='ocrx_word' id='word_1_29' title='bbox 517 747 574 790; x_wconf 85' lang='lat' dir='ltr'><strong>et</strong></span> <span class='ocrx_word' id='word_1_30' title='bbox 622 738 752 792; x_wconf 90' lang='lat' dir='ltr'><strong>doni</strong></span> <span class='ocrx_word' id='word_1_31' title='bbox 801 741 1233 810; x_wconf 85' lang='lat' dir='ltr'><strong>magnitudinem</strong></span> <span class='ocrx_word' id='word_1_32' title='bbox 1287 742 1566 806; x_wconf 86' lang='lat' dir='ltr'><strong>ostendat,</strong></span> <span class='ocrx_word' id='word_1_33' title='bbox 1619 753 1676 798; x_wconf 90' lang='lat' dir='ltr'><strong>et</strong></span> <span class='ocrx_word' id='word_1_34' title='bbox 1733 743 2095 812; x_wconf 87' lang='lat' dir='ltr'><strong>possessionis</strong></span> 
     </span>
    </p>
   </div>
   <div class='ocr_carea' id='block_1_8' title="bbox 520 829 2093 900">
    <p class='ocr_par' dir='ltr' id='par_1_8' title="bbox 520 829 2093 900">
     <span class='ocr_line' id='line_1_8' title="bbox 520 829 2093 900; baseline 0.005 -20"><span class='ocrx_word' id='word_1_35' title='bbox 520 829 668 886; x_wconf 86' lang='lat' dir='ltr'><strong>illius</strong></span> <span class='ocrx_word' id='word_1_36' title='bbox 710 847 952 886; x_wconf 89' lang='lat' dir='ltr'><strong>amorem</strong></span> <span class='ocrx_word' id='word_1_37' title='bbox 999 833 1276 900; x_wconf 88' lang='lat' dir='ltr'><strong>incendat,</strong></span> <span class='ocrx_word' id='word_1_38' title='bbox 1301 843 1361 889; x_wconf 88' lang='lat' dir='ltr'><strong>et</strong></span> <span class='ocrx_word' id='word_1_39' title='bbox 1389 835 1794 890; x_wconf 80' lang='lat' dir='ltr'><strong>desiderantem</strong></span> <span class='ocrx_word' id='word_1_40' title='bbox 1832 835 2093 889; x_wconf 87' lang='lat' dir='ltr'><strong>desiderii</strong></span> 
     </span>
    </p>
   </div>
   <div class='ocr_carea' id='block_1_9' title="bbox 517 923 1069 990">
    <p class='ocr_par' dir='ltr' id='par_1_9' title="bbox 517 923 1069 990">
     <span class='ocr_line' id='line_1_9' title="bbox 517 923 1069 990; baseline 0.014 -19"><span class='ocrx_word' id='word_1_41' title='bbox 517 933 825 990; x_wconf 86' lang='lat' dir='ltr'><strong>compotem</strong></span> <span class='ocrx_word' id='word_1_42' title='bbox 855 923 1069 979; x_wconf 91' lang='lat' dir='ltr'><strong>reddat.</strong></span> 
     </span>
    </p>
   </div>
   <div class='ocr_carea' id='block_1_10' title="bbox 1017 1133 1594 1192">
    <p class='ocr_par' dir='ltr' id='par_1_10' title="bbox 1017 1133 1594 1192">
     <span class='ocr_line' id='line_1_10' title="bbox 1017 1133 1594 1192; baseline 0.009 -7"><span class='ocrx_word' id='word_1_43' title='bbox 1017 1133 1252 1189; x_wconf 79' lang='lat' dir='ltr'><strong>LXXIV.</strong></span> <span class='ocrx_word' id='word_1_44' title='bbox 1270 1165 1341 1174; x_wconf 94' lang='lat'>—</span> <span class='ocrx_word' id='word_1_45' title='bbox 1362 1135 1594 1192; x_wconf 85' lang='lat' dir='ltr'><strong>Urbano.</strong></span> 
     </span>
    </p>
   </div>
   <div class='ocr_carea' id='block_1_11' title="bbox 581 1238 2092 1305">
    <p class='ocr_par' dir='ltr' id='par_1_11' title="bbox 581 1238 2092 1305">
     <span class='ocr_line' id='line_1_11' title="bbox 581 1238 2092 1305; baseline 0.007 -11"><span class='ocrx_word' id='word_1_46' title='bbox 581 1238 870 1296; x_wconf 88' lang='lat' dir='ltr'><strong>Concessit</strong></span> <span class='ocrx_word' id='word_1_47' title='bbox 904 1244 1066 1299; x_wconf 88' lang='lat' dir='ltr'><strong>nobis</strong></span> <span class='ocrx_word' id='word_1_48' title='bbox 1117 1248 1411 1302; x_wconf 84' lang='lat' dir='ltr'><strong>munificus</strong></span> <span class='ocrx_word' id='word_1_49' title='bbox 1434 1249 1702 1302; x_wconf 90' lang='lat' dir='ltr'><strong>Dominus</strong></span> <span class='ocrx_word' id='word_1_50' title='bbox 1750 1257 1809 1303; x_wconf 91' lang='lat' dir='ltr'><strong>ut</strong></span> <span class='ocrx_word' id='word_1_51' title='bbox 1832 1250 1936 1304; x_wconf 88' lang='lat' dir='ltr'><strong>hac</strong></span> <span class='ocrx_word' id='word_1_52' title='bbox 1967 1267 2092 1305; x_wconf 90' lang='lat' dir='ltr'><strong>rur-</strong></span> 
     </span>
    </p>
   </div>
   <div class='ocr_carea' id='block_1_12' title="bbox 515 1331 2090 1402">
    <p class='ocr_par' dir='ltr' id='par_1_12' title="bbox 515 1331 2090 1402">
     <span class='ocr_line' id='line_1_12' title="bbox 515 1331 2090 1402; baseline 0.01 -19"><span class='ocrx_word' id='word_1_53' title='bbox 515 1344 638 1384; x_wconf 86' lang='lat' dir='ltr'><strong>sum</strong></span> <span class='ocrx_word' id='word_1_54' title='bbox 671 1331 967 1389; x_wconf 83' lang='lat' dir='ltr'><strong>festivitate</strong></span> <span class='ocrx_word' id='word_1_55' title='bbox 1000 1335 1332 1402; x_wconf 91' lang='lat' dir='ltr'><strong>frueremur,</strong></span> <span class='ocrx_word' id='word_1_56' title='bbox 1363 1348 1418 1392; x_wconf 91' lang='lat' dir='ltr'><strong>et</strong></span> <span class='ocrx_word' id='word_1_57' title='bbox 1439 1339 1682 1394; x_wconf 87' lang='lat' dir='ltr'><strong>festalem</strong></span> <span class='ocrx_word' id='word_1_58' title='bbox 1705 1342 2090 1397; x_wconf 88' lang='lat' dir='ltr'><strong>salutationem</strong></span> 
     </span>
    </p>
   </div>
   <div class='ocr_carea' id='block_1_13' title="bbox 516 1422 2090 1501">
    <p class='ocr_par' dir='ltr' id='par_1_13' title="bbox 516 1422 2090 1501">
     <span class='ocr_line' id='line_1_13' title="bbox 516 1422 2090 1501; baseline 0.01 -27"><span class='ocrx_word' id='word_1_59' title='bbox 516 1422 935 1490; x_wconf 61' lang='lat' dir='ltr'><strong>magnificentiae</strong></span> <span class='ocrx_word' id='word_1_60' title='bbox 983 1435 1089 1480; x_wconf 73' lang='lat' dir='ltr'><strong>tua:</strong></span> <span class='ocrx_word' id='word_1_61' title='bbox 1138 1428 1520 1488; x_wconf 81' lang='lat' dir='ltr'><strong>mitteremus:</strong></span> <span class='ocrx_word' id='word_1_62' title='bbox 1556 1447 1719 1500; x_wconf 91' lang='lat' dir='ltr'><strong>quam</strong></span> <span class='ocrx_word' id='word_1_63' title='bbox 1765 1433 1988 1501; x_wconf 90' lang='lat' dir='ltr'><strong>quidem</strong></span> <span class='ocrx_word' id='word_1_64' title='bbox 2033 1445 2090 1490; x_wconf 91' lang='lat' dir='ltr'><strong>et</strong></span> 
     </span>
    </p>
   </div>
   <div class='ocr_carea' id='block_1_14' title="bbox 516 1512 2088 1587">
    <p class='ocr_par' dir='ltr' id='par_1_14' title="bbox 516 1512 2088 1587">
     <span class='ocr_line' id='line_1_14' title="bbox 516 1512 2088 1587; baseline 0.011 -24"><span class='ocrx_word' id='word_1_65' title='bbox 516 1512 696 1566; x_wconf 75' lang='lat' dir='ltr'><strong>valere</strong></span> <span class='ocrx_word' id='word_1_66' title='bbox 740 1529 805 1568; x_wconf 91' lang='lat' dir='ltr'><strong>ac</strong></span> <span class='ocrx_word' id='word_1_67' title='bbox 851 1514 1046 1571; x_wconf 79' lang='lat' dir='ltr'><strong>ﬂorere</strong></span> <span class='ocrx_word' id='word_1_68' title='bbox 1088 1529 1360 1587; x_wconf 89' lang='lat' dir='ltr'><strong>optamus,</strong></span> <span class='ocrx_word' id='word_1_69' title='bbox 1403 1531 1458 1574; x_wconf 92' lang='lat' dir='ltr'><strong>et</strong></span> <span class='ocrx_word' id='word_1_70' title='bbox 1489 1522 1762 1577; x_wconf 79' lang='lat' dir='ltr'><strong>ineffabile</strong></span> <span class='ocrx_word' id='word_1_71' title='bbox 1786 1539 1815 1577; x_wconf 92' lang='lat' dir='ltr'><strong>a</strong></span> <span class='ocrx_word' id='word_1_72' title='bbox 1848 1525 1960 1579; x_wconf 91' lang='lat' dir='ltr'><strong>Deo</strong></span> <span class='ocrx_word' id='word_1_73' title='bbox 1987 1525 2088 1579; x_wconf 87' lang='lat' dir='ltr'><strong>do-</strong></span> 
     </span>
    </p>
   </div>
   <div class='ocr_carea' id='block_1_15' title="bbox 515 1607 2090 1684">
    <p class='ocr_par' dir='ltr' id='par_1_15' title="bbox 515 1607 2090 1684">
     <span class='ocr_line' id='line_1_15' title="bbox 515 1607 2090 1684; baseline 0.011 -30"><span class='ocrx_word' id='word_1_74' title='bbox 515 1619 646 1656; x_wconf 89' lang='lat' dir='ltr'><strong>num</strong></span> <span class='ocrx_word' id='word_1_75' title='bbox 701 1607 983 1675; x_wconf 83' lang='lat' dir='ltr'><strong>consequi,</strong></span> <span class='ocrx_word' id='word_1_76' title='bbox 1032 1609 1182 1677; x_wconf 92' lang='lat' dir='ltr'><strong>quod</strong></span> <span class='ocrx_word' id='word_1_77' title='bbox 1234 1611 1504 1665; x_wconf 88' lang='lat' dir='ltr'><strong>bonorum</strong></span> <span class='ocrx_word' id='word_1_78' title='bbox 1527 1630 1649 1682; x_wconf 71' lang='lat' dir='ltr'><strong>qua:</strong></span> <span class='ocrx_word' id='word_1_79' title='bbox 1676 1626 1970 1684; x_wconf 88' lang='lat' dir='ltr'><strong>sperantur</strong></span> <span class='ocrx_word' id='word_1_80' title='bbox 1995 1632 2090 1671; x_wconf 90' lang='lat' dir='ltr'><strong>ac-</strong></span> 
     </span>
    </p>
   </div>
   <div class='ocr_carea' id='block_1_16' title="bbox 429 1693 2088 1776">
    <p class='ocr_par' dir='ltr' id='par_1_16' title="bbox 429 1693 2088 1776">
     <span class='ocr_line' id='line_1_16' title="bbox 429 1693 2088 1776; baseline 0.01 -31"><span class='ocrx_word' id='word_1_81' title='bbox 429 1703 440 1713; x_wconf 89' lang='lat'><strong>&#39;</strong></span> <span class='ocrx_word' id='word_1_82' title='bbox 513 1693 838 1750; x_wconf 86' lang='lat' dir='ltr'><strong>cedentibus</strong></span> <span class='ocrx_word' id='word_1_83' title='bbox 865 1698 1074 1751; x_wconf 90' lang='lat' dir='ltr'><strong>semina</strong></span> <span class='ocrx_word' id='word_1_84' title='bbox 1116 1700 1328 1772; x_wconf 52' lang='lat' dir='ltr'><strong>112iI</strong></span> <span class='ocrx_word' id='word_1_85' title='bbox 1357 1704 1694 1772; x_wconf 86' lang='lat' dir='ltr'><strong>suppeditat,</strong></span> <span class='ocrx_word' id='word_1_86' title='bbox 1726 1714 1782 1759; x_wconf 89' lang='lat' dir='ltr'><strong>et</strong></span> <span class='ocrx_word' id='word_1_87' title='bbox 1806 1722 2088 1776; x_wconf 81' lang='lat' dir='ltr'><strong>nunquam</strong></span> 
     </span>
    </p>
   </div>
   <div class='ocr_carea' id='block_1_17' title="bbox 513 1783 2089 1864">
    <p class='ocr_par' dir='ltr' id='par_1_17' title="bbox 513 1783 2089 1864">
     <span class='ocr_line' id='line_1_17' title="bbox 513 1783 2089 1864; baseline 0.011 -28"><span class='ocrx_word' id='word_1_88' title='bbox 513 1783 766 1840; x_wconf 71' lang='lat' dir='ltr'><strong>desitum</strong></span> <span class='ocrx_word' id='word_1_89' title='bbox 815 1788 940 1842; x_wconf 69' lang='lat' dir='ltr'><strong>vitae</strong></span> <span class='ocrx_word' id='word_1_90' title='bbox 992 1789 1257 1859; x_wconf 83' lang='lat' dir='ltr'><strong>regnique</strong></span> <span class='ocrx_word' id='word_1_91' title='bbox 1293 1794 1535 1863; x_wconf 88' lang='lat' dir='ltr'><strong>symbola</strong></span> <span class='ocrx_word' id='word_1_92' title='bbox 1571 1796 1800 1864; x_wconf 64' lang='lat' dir='ltr'><strong>praebet.</strong></span> <span class='ocrx_word' id='word_1_93' title='bbox 1839 1797 1963 1852; x_wconf 61' lang='lat' dir='ltr'><strong>Hae</strong></span> <span class='ocrx_word' id='word_1_94' title='bbox 1990 1798 2089 1852; x_wconf 90' lang='lat' dir='ltr'><strong>be-</strong></span> 
     </span>
    </p>
   </div>
   <div class='ocr_carea' id='block_1_18' title="bbox 511 1874 2088 1956">
    <p class='ocr_par' dir='ltr' id='par_1_18' title="bbox 511 1874 2088 1956">
     <span class='ocr_line' id='line_1_18' title="bbox 511 1874 2088 1956; baseline 0.011 -30"><span class='ocrx_word' id='word_1_95' title='bbox 511 1874 734 1944; x_wconf 84' lang='lat' dir='ltr'><strong>nignum</strong></span> <span class='ocrx_word' id='word_1_96' title='bbox 788 1879 1078 1933; x_wconf 89' lang='lat' dir='ltr'><strong>Dominum</strong></span> <span class='ocrx_word' id='word_1_97' title='bbox 1128 1883 1476 1951; x_wconf 88' lang='lat' dir='ltr'><strong>amplitudini</strong></span> <span class='ocrx_word' id='word_1_98' title='bbox 1523 1894 1630 1940; x_wconf 72' lang='lat' dir='ltr'><strong>tua:</strong></span> <span class='ocrx_word' id='word_1_99' title='bbox 1675 1897 1933 1956; x_wconf 73' lang='lat' dir='ltr'><strong>praestare</strong></span> <span class='ocrx_word' id='word_1_100' title='bbox 1963 1904 2088 1942; x_wconf 93' lang='lat' dir='ltr'><strong>ora-</strong></span> 
     </span>
    </p>
   </div>
   <div class='ocr_carea' id='block_1_19' title="bbox 519 1969 2090 2050">
    <p class='ocr_par' dir='ltr' id='par_1_19' title="bbox 519 1969 2090 2050">
     <span class='ocr_line' id='line_1_19' title="bbox 519 1969 2090 2050; baseline 0.009 -30"><span class='ocrx_word' id='word_1_101' title='bbox 519 1983 662 2024; x_wconf 90' lang='lat' dir='ltr'><strong>mus.</strong></span> <span class='ocrx_word' id='word_1_102' title='bbox 699 1969 887 2026; x_wconf 85' lang='lat' dir='ltr'><strong>Solent</strong></span> <span class='ocrx_word' id='word_1_103' title='bbox 935 1973 1084 2026; x_wconf 90' lang='lat' dir='ltr'><strong>enim</strong></span> <span class='ocrx_word' id='word_1_104' title='bbox 1148 1975 1242 2044; x_wconf 90' lang='lat' dir='ltr'><strong>qui</strong></span> <span class='ocrx_word' id='word_1_105' title='bbox 1299 1985 1486 2030; x_wconf 89' lang='lat' dir='ltr'><strong>amant</strong></span> <span class='ocrx_word' id='word_1_106' title='bbox 1533 1979 1725 2033; x_wconf 85' lang='lat' dir='ltr'><strong>amicis</strong></span> <span class='ocrx_word' id='word_1_107' title='bbox 1753 1979 1896 2034; x_wconf 89' lang='lat' dir='ltr'><strong>bona</strong></span> <span class='ocrx_word' id='word_1_108' title='bbox 1923 1996 2090 2050; x_wconf 81' lang='lat' dir='ltr'><strong>expe-</strong></span> 
     </span>
    </p>
   </div>
   <div class='ocr_carea' id='block_1_20' title="bbox 509 2068 642 2115">
    <p class='ocr_par' dir='ltr' id='par_1_20' title="bbox 509 2068 642 2115">
     <span class='ocr_line' id='line_1_20' title="bbox 509 2068 642 2115; baseline -0.008 -1"><span class='ocrx_word' id='word_1_109' title='bbox 509 2068 642 2115; x_wconf 84' lang='lat' dir='ltr'><strong>tere.</strong></span> 
     </span>
    </p>
   </div>
   <div class='ocr_carea' id='block_1_21' title="bbox 810 2273 1771 2335">
    <p class='ocr_par' dir='ltr' id='par_1_21' title="bbox 810 2273 1771 2335">
     <span class='ocr_line' id='line_1_21' title="bbox 810 2273 1771 2335; baseline 0.009 -9"><span class='ocrx_word' id='word_1_110' title='bbox 810 2273 1018 2330; x_wconf 72' lang='lat' dir='ltr'><strong>LXXV.</strong></span> <span class='ocrx_word' id='word_1_111' title='bbox 1057 2307 1126 2315; x_wconf 96' lang='lat'><strong>—</strong></span> <span class='ocrx_word' id='word_1_112' title='bbox 1147 2275 1359 2332; x_wconf 67' lang='lat' dir='ltr'><strong>Clerici;</strong></span> <span class='ocrx_word' id='word_1_113' title='bbox 1394 2278 1771 2335; x_wconf 76' lang='lat' dir='ltr'><strong>Berwensibus.</strong></span> 
     </span>
    </p>
   </div>
   <div class='ocr_carea' id='block_1_22' title="bbox 582 2379 2083 2459">
    <p class='ocr_par' dir='ltr' id='par_1_22' title="bbox 582 2379 2083 2459">
     <span class='ocr_line' id='line_1_22' title="bbox 582 2379 2083 2459; baseline 0.011 -28"><span class='ocrx_word' id='word_1_114' title='bbox 582 2379 957 2436; x_wconf 80' lang='lat' dir='ltr'><strong>Animadverti</strong></span> <span class='ocrx_word' id='word_1_115' title='bbox 995 2399 1103 2438; x_wconf 92' lang='lat' dir='ltr'><strong>non</strong></span> <span class='ocrx_word' id='word_1_116' title='bbox 1139 2385 1236 2440; x_wconf 88' lang='lat' dir='ltr'><strong>abs</strong></span> <span class='ocrx_word' id='word_1_117' title='bbox 1277 2403 1336 2442; x_wconf 88' lang='lat' dir='ltr'><strong>re</strong></span> <span class='ocrx_word' id='word_1_118' title='bbox 1367 2404 1490 2456; x_wconf 84' lang='lat' dir='ltr'><strong>esse</strong></span> <span class='ocrx_word' id='word_1_119' title='bbox 1543 2391 1690 2459; x_wconf 92' lang='lat' dir='ltr'><strong>quod</strong></span> <span class='ocrx_word' id='word_1_120' title='bbox 1735 2407 1832 2446; x_wconf 90' lang='lat' dir='ltr'><strong>vos</strong></span> <span class='ocrx_word' id='word_1_121' title='bbox 1885 2408 2083 2448; x_wconf 79' lang='lat' dir='ltr'><strong>amem.</strong></span> 
     </span>
    </p>
   </div>
   <div class='ocr_carea' id='block_1_23' title="bbox 509 2465 2084 2546">
    <p class='ocr_par' dir='ltr' id='par_1_23' title="bbox 509 2465 2084 2546">
     <span class='ocr_line' id='line_1_23' title="bbox 509 2465 2084 2546; baseline 0.008 -20"><span class='ocrx_word' id='word_1_122' title='bbox 509 2469 698 2526; x_wconf 89' lang='lat' dir='ltr'><strong>Fidem</strong></span> <span class='ocrx_word' id='word_1_123' title='bbox 740 2473 885 2526; x_wconf 88' lang='lat' dir='ltr'><strong>enim</strong></span> <span class='ocrx_word' id='word_1_124' title='bbox 927 2474 1177 2530; x_wconf 91' lang='lat' dir='ltr'><strong>fecerunt</strong></span> <span class='ocrx_word' id='word_1_125' title='bbox 1204 2477 1421 2546; x_wconf 85' lang='lat' dir='ltr'><strong>pietatis</strong></span> <span class='ocrx_word' id='word_1_126' title='bbox 1448 2490 1644 2538; x_wconf 72' lang='lat' dir='ltr'><strong>vestra:</strong></span> <span class='ocrx_word' id='word_1_127' title='bbox 1670 2465 1866 2538; x_wconf 64' lang='lat' dir='ltr'><strong>litterae</strong></span> <span class='ocrx_word' id='word_1_128' title='bbox 1894 2500 2084 2539; x_wconf 79' lang='lat' dir='ltr'><strong>aman-</strong></span> 
     </span>
    </p>
   </div>
   <div class='ocr_carea' id='block_1_24' title="bbox 509 2565 2086 2630">
    <p class='ocr_par' dir='ltr' id='par_1_24' title="bbox 509 2565 2086 2630">
     <span class='ocr_line' id='line_1_24' title="bbox 509 2565 2086 2630; baseline 0.01 -14"><span class='ocrx_word' id='word_1_129' title='bbox 509 2571 619 2618; x_wconf 90' lang='lat' dir='ltr'><strong>tem</strong></span> <span class='ocrx_word' id='word_1_130' title='bbox 653 2581 737 2619; x_wconf 94' lang='lat' dir='ltr'><strong>me</strong></span> <span class='ocrx_word' id='word_1_131' title='bbox 767 2565 1063 2621; x_wconf 87' lang='lat' dir='ltr'><strong>redamari.</strong></span> <span class='ocrx_word' id='word_1_132' title='bbox 1091 2569 1221 2622; x_wconf 84' lang='lat' dir='ltr'><strong>Mihi</strong></span> <span class='ocrx_word' id='word_1_133' title='bbox 1249 2587 1379 2625; x_wconf 81' lang='lat' dir='ltr'><strong>vero</strong></span> <span class='ocrx_word' id='word_1_134' title='bbox 1411 2587 1510 2626; x_wconf 92' lang='lat' dir='ltr'><strong>cur</strong></span> <span class='ocrx_word' id='word_1_135' title='bbox 1553 2589 1651 2627; x_wconf 91' lang='lat' dir='ltr'><strong>vos</strong></span> <span class='ocrx_word' id='word_1_136' title='bbox 1680 2591 1858 2630; x_wconf 87' lang='lat' dir='ltr'><strong>amem</strong></span> <span class='ocrx_word' id='word_1_137' title='bbox 1908 2592 2086 2630; x_wconf 50' lang='lat' dir='ltr'><strong>causa).</strong></span> 
     </span>
    </p>
   </div>
   <div class='ocr_carea' id='block_1_25' title="bbox 505 2657 2081 2736">
    <p class='ocr_par' dir='ltr' id='par_1_25' title="bbox 505 2657 2081 2736">
     <span class='ocr_line' id='line_1_25' title="bbox 505 2657 2081 2736; baseline 0.01 -28"><span class='ocrx_word' id='word_1_138' title='bbox 505 2663 634 2708; x_wconf 90' lang='lat' dir='ltr'><strong>sunt</strong></span> <span class='ocrx_word' id='word_1_139' title='bbox 678 2657 992 2726; x_wconf 86' lang='lat' dir='ltr'><strong>complures</strong></span> <span class='ocrx_word' id='word_1_140' title='bbox 1019 2677 1030 2711; x_wconf 91' lang='lat'><strong>:</strong></span> <span class='ocrx_word' id='word_1_141' title='bbox 1065 2661 1304 2728; x_wconf 89' lang='lat' dir='ltr'><strong>primum</strong></span> <span class='ocrx_word' id='word_1_142' title='bbox 1358 2664 1603 2732; x_wconf 89' lang='lat' dir='ltr'><strong>quidem,</strong></span> <span class='ocrx_word' id='word_1_143' title='bbox 1629 2667 1777 2736; x_wconf 87' lang='lat' dir='ltr'><strong>quod</strong></span> <span class='ocrx_word' id='word_1_144' title='bbox 1805 2678 1958 2736; x_wconf 90' lang='lat' dir='ltr'><strong>pater</strong></span> <span class='ocrx_word' id='word_1_145' title='bbox 1984 2684 2081 2722; x_wconf 88' lang='lat' dir='ltr'><strong>ve-</strong></span> 
     </span>
    </p>
   </div>
   <div class='ocr_carea' id='block_1_26' title="bbox 505 2749 2077 2826">
    <p class='ocr_par' dir='ltr' id='par_1_26' title="bbox 505 2749 2077 2826">
     <span class='ocr_line' id='line_1_26' title="bbox 505 2749 2077 2826; baseline 0.009 -29"><span class='ocrx_word' id='word_1_146' title='bbox 505 2753 638 2810; x_wconf 90' lang='lat' dir='ltr'><strong>ster,</strong></span> <span class='ocrx_word' id='word_1_147' title='bbox 664 2762 892 2817; x_wconf 81' lang='lat' dir='ltr'><strong>magnus</strong></span> <span class='ocrx_word' id='word_1_148' title='bbox 917 2749 1008 2801; x_wconf 89' lang='lat' dir='ltr'><strong>ille</strong></span> <span class='ocrx_word' id='word_1_149' title='bbox 1035 2759 1091 2804; x_wconf 90' lang='lat' dir='ltr'><strong>et</strong></span> <span class='ocrx_word' id='word_1_150' title='bbox 1120 2752 1456 2818; x_wconf 84' lang='lat' dir='ltr'><strong>apostolicus</strong></span> <span class='ocrx_word' id='word_1_151' title='bbox 1489 2755 1591 2817; x_wconf 87' lang='lat' dir='ltr'><strong>vir,</strong></span> <span class='ocrx_word' id='word_1_152' title='bbox 1643 2771 1798 2810; x_wconf 85' lang='lat' dir='ltr'><strong>meus</strong></span> <span class='ocrx_word' id='word_1_153' title='bbox 1855 2773 2077 2826; x_wconf 90' lang='lat' dir='ltr'><strong>quoque</strong></span> 
     </span>
    </p>
   </div>
   <div class='ocr_carea' id='block_1_27' title="bbox 483 2837 2080 2917">
    <p class='ocr_par' dir='ltr' id='par_1_27' title="bbox 483 2837 2080 2917">
     <span class='ocr_line' id='line_1_27' title="bbox 483 2837 2080 2917; baseline 0.009 -29"><span class='ocrx_word' id='word_1_154' title='bbox 483 2844 660 2904; x_wconf 86' lang='lat' dir='ltr'><strong>pater</strong></span> <span class='ocrx_word' id='word_1_155' title='bbox 685 2837 809 2890; x_wconf 91' lang='lat' dir='ltr'><strong>fuit.</strong></span> <span class='ocrx_word' id='word_1_156' title='bbox 839 2839 1048 2894; x_wconf 89' lang='lat' dir='ltr'><strong>Deinde</strong></span> <span class='ocrx_word' id='word_1_157' title='bbox 1072 2840 1219 2908; x_wconf 86' lang='lat' dir='ltr'><strong>quod</strong></span> <span class='ocrx_word' id='word_1_158' title='bbox 1246 2842 1720 2911; x_wconf 84' lang='lat' dir='ltr'><strong>religiosissimum</strong></span> <span class='ocrx_word' id='word_1_159' title='bbox 1738 2847 2080 2917; x_wconf 77' lang='lat' dir='ltr'><strong>episcopum,</strong></span> 
     </span>
    </p>
   </div>
   <div class='ocr_carea' id='block_1_28' title="bbox 504 2927 2084 3002">
    <p class='ocr_par' dir='ltr' id='par_1_28' title="bbox 504 2927 2084 3002">
     <span class='ocr_line' id='line_1_28' title="bbox 504 2927 2084 3002; baseline 0.008 -23"><span class='ocrx_word' id='word_1_160' title='bbox 504 2927 598 2994; x_wconf 85' lang='lat' dir='ltr'><strong>qui</strong></span> <span class='ocrx_word' id='word_1_161' title='bbox 651 2927 953 2982; x_wconf 89' lang='lat' dir='ltr'><strong>Ecclesiam</strong></span> <span class='ocrx_word' id='word_1_162' title='bbox 1007 2941 1244 2984; x_wconf 81' lang='lat' dir='ltr'><strong>vestram</strong></span> <span class='ocrx_word' id='word_1_163' title='bbox 1301 2949 1449 2987; x_wconf 90' lang='lat' dir='ltr'><strong>nunc</strong></span> <span class='ocrx_word' id='word_1_164' title='bbox 1489 2935 1648 3002; x_wconf 81' lang='lat' dir='ltr'><strong>regit,</strong></span> <span class='ocrx_word' id='word_1_165' title='bbox 1695 2937 1973 2991; x_wconf 89' lang='lat' dir='ltr'><strong>unanimis</strong></span> <span class='ocrx_word' id='word_1_166' title='bbox 2018 2955 2084 2993; x_wconf 92' lang='lat' dir='ltr'><strong>ac</strong></span> 
     </span>
    </p>
   </div>
   <div class='ocr_carea' id='block_1_29' title="bbox 503 3019 2080 3090">
    <p class='ocr_par' dir='ltr' id='par_1_29' title="bbox 503 3019 2080 3090">
     <span class='ocr_line' id='line_1_29' title="bbox 503 3019 2080 3090; baseline 0.008 -20"><span class='ocrx_word' id='word_1_167' title='bbox 503 3019 750 3086; x_wconf 79' lang='lat' dir='ltr'><strong>germani</strong></span> <span class='ocrx_word' id='word_1_168' title='bbox 797 3019 984 3074; x_wconf 80' lang='lat' dir='ltr'><strong>fratris</strong></span> <span class='ocrx_word' id='word_1_169' title='bbox 1043 3021 1271 3075; x_wconf 83' lang='lat' dir='ltr'><strong>habeam</strong></span> <span class='ocrx_word' id='word_1_170' title='bbox 1319 3023 1476 3089; x_wconf 91' lang='lat' dir='ltr'><strong>loco;</strong></span> <span class='ocrx_word' id='word_1_171' title='bbox 1523 3027 1768 3090; x_wconf 89' lang='lat' dir='ltr'><strong>tertium,</strong></span> <span class='ocrx_word' id='word_1_172' title='bbox 1797 3028 2080 3082; x_wconf 87' lang='lat' dir='ltr'><strong>civitatum</strong></span> 
     </span>
    </p>
   </div>
   <div class='ocr_carea' id='block_1_30' title="bbox 505 3109 2080 3184">
    <p class='ocr_par' dir='ltr' id='par_1_30' title="bbox 505 3109 2080 3184">
     <span class='ocr_line' id='line_1_30' title="bbox 505 3109 2080 3184; baseline 0.008 -23"><span class='ocrx_word' id='word_1_173' title='bbox 505 3109 791 3174; x_wconf 85' lang='lat' dir='ltr'><strong>vicinitas;</strong></span> <span class='ocrx_word' id='word_1_174' title='bbox 828 3119 1105 3179; x_wconf 89' lang='lat' dir='ltr'><strong>quartum,</strong></span> <span class='ocrx_word' id='word_1_175' title='bbox 1141 3114 1287 3182; x_wconf 89' lang='lat' dir='ltr'><strong>quod</strong></span> <span class='ocrx_word' id='word_1_176' title='bbox 1316 3114 1633 3184; x_wconf 81' lang='lat' dir='ltr'><strong>frequentes</strong></span> <span class='ocrx_word' id='word_1_177' title='bbox 1666 3117 1734 3171; x_wconf 89' lang='lat' dir='ltr'><strong>ad</strong></span> <span class='ocrx_word' id='word_1_178' title='bbox 1785 3134 1886 3173; x_wconf 88' lang='lat' dir='ltr'><strong>nos</strong></span> <span class='ocrx_word' id='word_1_179' title='bbox 1936 3120 2080 3174; x_wconf 43' lang='lat' dir='ltr'><strong>invi-</strong></span> 
     </span>
    </p>
   </div>
   <div class='ocr_carea' id='block_1_31' title="bbox 2195 657 3738 736">
    <p class='ocr_par' dir='ltr' id='par_1_31' title="bbox 2195 657 3738 736">
     <span class='ocr_line' id='line_1_31' title="bbox 2195 657 3738 736; baseline 0.006 -27"><span class='ocrx_word' id='word_1_180' title='bbox 2195 657 2414 724; x_wconf 80' lang='grc' dir='ltr'><strong>ἀγαθῶν</strong></span> <span class='ocrx_word' id='word_1_181' title='bbox 2440 657 2731 712; x_wconf 83' lang='grc' dir='ltr'>ἀντιϐολῶν</span> <span class='ocrx_word' id='word_1_182' title='bbox 2759 659 3014 729; x_wconf 77' lang='grc' dir='ltr'>χορηγὸν,</span> <span class='ocrx_word' id='word_1_183' title='bbox 3047 659 3138 711; x_wconf 76' lang='grc' dir='ltr'>καὶ</span> <span class='ocrx_word' id='word_1_184' title='bbox 3167 660 3351 726; x_wconf 83' lang='grc' dir='ltr'>φωτὸς</span> <span class='ocrx_word' id='word_1_185' title='bbox 3378 662 3560 714; x_wconf 77' lang='grc' dir='ltr'><strong>ἀκτῖνα</strong></span> <span class='ocrx_word' id='word_1_186' title='bbox 3596 671 3738 736; x_wconf 80' lang='grc' dir='ltr'>χαρί-</span> 
     </span>
    </p>
   </div>
   <div class='ocr_carea' id='block_1_32' title="bbox 2195 747 3736 822">
    <p class='ocr_par' dir='ltr' id='par_1_32' title="bbox 2195 747 3736 822">
     <span class='ocr_line' id='line_1_32' title="bbox 2195 747 3736 822; baseline 0.005 -23"><span class='ocrx_word' id='word_1_187' title='bbox 2195 747 2390 801; x_wconf 89' lang='grc' dir='ltr'>σασθαι</span> <span class='ocrx_word' id='word_1_188' title='bbox 2422 747 2499 818; x_wconf 80' lang='grc' dir='ltr'>τῷ</span> <span class='ocrx_word' id='word_1_189' title='bbox 2532 748 2631 818; x_wconf 79' lang='grc' dir='ltr'>τῆς</span> <span class='ocrx_word' id='word_1_190' title='bbox 2659 747 2834 818; x_wconf 74' lang='grc' dir='ltr'>ψυχῆς</span> <span class='ocrx_word' id='word_1_191' title='bbox 2867 749 3094 819; x_wconf 82' lang='grc' dir='ltr'>ὀπτικῷ,</span> <span class='ocrx_word' id='word_1_192' title='bbox 3132 751 3225 802; x_wconf 78' lang='grc' dir='ltr'><strong>καὶ</strong></span> <span class='ocrx_word' id='word_1_193' title='bbox 3260 751 3357 819; x_wconf 84' lang='grc' dir='ltr'>τῆς</span> <span class='ocrx_word' id='word_1_194' title='bbox 3393 751 3592 822; x_wconf 79' lang='grc' dir='ltr'>δωρεᾶς</span> <span class='ocrx_word' id='word_1_195' title='bbox 3630 757 3736 808; x_wconf 75' lang='grc' dir='ltr'>επι-</span> 
     </span>
    </p>
   </div>
   <div class='ocr_carea' id='block_1_33' title="bbox 2192 837 3738 912">
    <p class='ocr_par' dir='ltr' id='par_1_33' title="bbox 2192 837 3738 912">
     <span class='ocr_line' id='line_1_33' title="bbox 2192 837 3738 912; baseline 0.005 -22"><span class='ocrx_word' id='word_1_196' title='bbox 2192 837 2360 902; x_wconf 78' lang='grc' dir='ltr'>δεῖξαι</span> <span class='ocrx_word' id='word_1_197' title='bbox 2387 839 2448 891; x_wconf 82' lang='grc' dir='ltr'><strong>τὸ</strong></span> <span class='ocrx_word' id='word_1_198' title='bbox 2476 839 2726 910; x_wconf 85' lang='grc' dir='ltr'>μέγεθος,</span> <span class='ocrx_word' id='word_1_199' title='bbox 2753 840 2849 892; x_wconf 78' lang='grc' dir='ltr'><strong>καὶ</strong></span> <span class='ocrx_word' id='word_1_200' title='bbox 2885 841 2982 907; x_wconf 76' lang='grc' dir='ltr'>τῆς</span> <span class='ocrx_word' id='word_1_201' title='bbox 3027 841 3267 910; x_wconf 82' lang='grc' dir='ltr'>κτήσεως</span> <span class='ocrx_word' id='word_1_202' title='bbox 3307 841 3519 910; x_wconf 82' lang='grc' dir='ltr'><strong>ἐκείνης</strong></span> <span class='ocrx_word' id='word_1_203' title='bbox 3563 843 3738 912; x_wconf 72' lang='grc' dir='ltr'>ἐξάψαι</span> 
     </span>
    </p>
   </div>
   <div class='ocr_carea' id='block_1_34' title="bbox 2191 928 3740 1002">
    <p class='ocr_par' dir='ltr' id='par_1_34' title="bbox 2191 928 3740 1002">
     <span class='ocr_line' id='line_1_34' title="bbox 2191 928 3740 1002; baseline 0.005 -22"><span class='ocrx_word' id='word_1_204' title='bbox 2191 928 2284 980; x_wconf 81' lang='grc' dir='ltr'><strong>τδν</strong></span> <span class='ocrx_word' id='word_1_205' title='bbox 2333 928 2550 1000; x_wconf 79' lang='grc' dir='ltr'>ἔρωτα,</span> <span class='ocrx_word' id='word_1_206' title='bbox 2606 931 2698 985; x_wconf 76' lang='grc' dir='ltr'><strong>καὶ</strong></span> <span class='ocrx_word' id='word_1_207' title='bbox 2739 930 3040 1002; x_wconf 86' lang='grc' dir='ltr'>ποθήσαντι</span> <span class='ocrx_word' id='word_1_208' title='bbox 3084 931 3428 1002; x_wconf 81' lang='grc' dir='ltr'>δωρήσασθαι</span> <span class='ocrx_word' id='word_1_209' title='bbox 3466 933 3525 985; x_wconf 83' lang='grc' dir='ltr'><strong>τὸ</strong></span> <span class='ocrx_word' id='word_1_210' title='bbox 3565 934 3740 988; x_wconf 80' lang='grc' dir='ltr'>ποθού-</span> 
     </span>
    </p>
   </div>
   <div class='ocr_carea' id='block_1_35' title="bbox 2197 1039 2376 1091">
    <p class='ocr_par' dir='ltr' id='par_1_35' title="bbox 2197 1039 2376 1091">
     <span class='ocr_line' id='line_1_35' title="bbox 2197 1039 2376 1091; baseline 0.011 -17"><span class='ocrx_word' id='word_1_211' title='bbox 2197 1039 2376 1091; x_wconf 87' lang='grc' dir='ltr'>μενον.</span> 
     </span>
    </p>
   </div>
   <div class='ocr_carea' id='block_1_36' title="bbox 2712 1133 3256 1204">
    <p class='ocr_par' dir='ltr' id='par_1_36' title="bbox 2712 1133 3256 1204">
     <span class='ocr_line' id='line_1_36' title="bbox 2712 1133 3256 1204; baseline -0.006 -14"><span class='ocrx_word' id='word_1_212' title='bbox 2712 1136 2828 1190; x_wconf 73' lang='grc' dir='ltr'><strong>ω’.</strong></span> <span class='ocrx_word' id='word_1_213' title='bbox 2851 1166 2922 1177; x_wconf 86' lang='grc'><strong><em>-</em></strong></span> <span class='ocrx_word' id='word_1_214' title='bbox 2955 1133 3256 1204; x_wconf 72' lang='grc' dir='ltr'>Οὑρΰιινῷ.</span> 
     </span>
    </p>
   </div>
   <div class='ocr_carea' id='block_1_37' title="bbox 2263 1248 3742 1320">
    <p class='ocr_par' dir='ltr' id='par_1_37' title="bbox 2263 1248 3742 1320">
     <span class='ocr_line' id='line_1_37' title="bbox 2263 1248 3742 1320; baseline 0.001 -20"><span class='ocrx_word' id='word_1_215' title='bbox 2263 1249 2504 1302; x_wconf 81' lang='grc' dir='ltr'>Δέδωκεν</span> <span class='ocrx_word' id='word_1_216' title='bbox 2534 1251 2664 1320; x_wconf 79' lang='grc' dir='ltr'>ἡμῖν</span> <span class='ocrx_word' id='word_1_217' title='bbox 2688 1252 2716 1303; x_wconf 87' lang='grc' dir='ltr'><strong>ό</strong></span> <span class='ocrx_word' id='word_1_218' title='bbox 2743 1250 3120 1320; x_wconf 80' lang='grc' dir='ltr'><strong>μεγαλόδωρος</strong></span> <span class='ocrx_word' id='word_1_219' title='bbox 3143 1248 3422 1318; x_wconf 81' lang='grc' dir='ltr'><strong>Δεσπότης</strong></span> <span class='ocrx_word' id='word_1_220' title='bbox 3445 1249 3536 1302; x_wconf 74' lang='grc' dir='ltr'>καὶ</span> <span class='ocrx_word' id='word_1_221' title='bbox 3559 1250 3742 1318; x_wconf 81' lang='grc' dir='ltr'>ταύτης</span> 
     </span>
    </p>
   </div>
   <div class='ocr_carea' id='block_1_38' title="bbox 2191 1337 3742 1410">
    <p class='ocr_par' dir='ltr' id='par_1_38' title="bbox 2191 1337 3742 1410">
     <span class='ocr_line' id='line_1_38' title="bbox 2191 1337 3742 1410; baseline 0 -20"><span class='ocrx_word' id='word_1_222' title='bbox 2191 1337 2354 1391; x_wconf 83' lang='grc' dir='ltr'>πάλιν</span> <span class='ocrx_word' id='word_1_223' title='bbox 2395 1338 2697 1390; x_wconf 82' lang='grc' dir='ltr'>ἀπολαῦσαι</span> <span class='ocrx_word' id='word_1_224' title='bbox 2732 1339 2832 1408; x_wconf 87' lang='grc' dir='ltr'>τῆς</span> <span class='ocrx_word' id='word_1_225' title='bbox 2874 1338 3089 1410; x_wconf 80' lang='grc' dir='ltr'><strong>ἑορτῆς,</strong></span> <span class='ocrx_word' id='word_1_226' title='bbox 3131 1337 3226 1391; x_wconf 70' lang='grc' dir='ltr'><strong>καὶ</strong></span> <span class='ocrx_word' id='word_1_227' title='bbox 3265 1337 3362 1407; x_wconf 82' lang='grc' dir='ltr'><strong>τὴν</strong></span> <span class='ocrx_word' id='word_1_228' title='bbox 3412 1339 3742 1410; x_wconf 74' lang='grc' dir='ltr'>ἑορταστικὴν</span> 
     </span>
    </p>
   </div>
   <div class='ocr_carea' id='block_1_39' title="bbox 2193 1428 3744 1500">
    <p class='ocr_par' dir='ltr' id='par_1_39' title="bbox 2193 1428 3744 1500">
     <span class='ocr_line' id='line_1_39' title="bbox 2193 1428 3744 1500; baseline 0 -20"><span class='ocrx_word' id='word_1_229' title='bbox 2193 1430 2494 1500; x_wconf 79' lang='grc' dir='ltr'><strong>πρόσρησιν</strong></span> <span class='ocrx_word' id='word_1_230' title='bbox 2543 1429 2756 1499; x_wconf 79' lang='grc' dir='ltr'><strong>πέμψαι</strong></span> <span class='ocrx_word' id='word_1_231' title='bbox 2810 1432 2876 1500; x_wconf 81' lang='grc' dir='ltr'>τῇ</span> <span class='ocrx_word' id='word_1_232' title='bbox 2931 1428 3380 1499; x_wconf 72' lang='grc' dir='ltr'>μεγαλοπρεπείᾳ</span> <span class='ocrx_word' id='word_1_233' title='bbox 3426 1431 3491 1498; x_wconf 80' lang='grc' dir='ltr'>τῇ</span> <span class='ocrx_word' id='word_1_234' title='bbox 3545 1432 3644 1498; x_wconf 78' lang='grc' dir='ltr'><strong>σῇ·</strong></span> <span class='ocrx_word' id='word_1_235' title='bbox 3689 1431 3744 1499; x_wconf 73' lang='grc' dir='ltr'><strong>ην</strong></span> 
     </span>
    </p>
   </div>
   <div class='ocr_carea' id='block_1_40' title="bbox 2191 1519 3746 1591">
    <p class='ocr_par' dir='ltr' id='par_1_40' title="bbox 2191 1519 3746 1591">
     <span class='ocr_line' id='line_1_40' title="bbox 2191 1519 3746 1591; baseline 0 -19"><span class='ocrx_word' id='word_1_236' title='bbox 2191 1521 2454 1588; x_wconf 77' lang='grc' dir='ltr'>ὑγιαίνειν</span> <span class='ocrx_word' id='word_1_237' title='bbox 2495 1538 2555 1574; x_wconf 89' lang='grc' dir='ltr'><strong>τε</strong></span> <span class='ocrx_word' id='word_1_238' title='bbox 2622 1521 2716 1573; x_wconf 77' lang='grc' dir='ltr'><strong>καὶ</strong></span> <span class='ocrx_word' id='word_1_239' title='bbox 2772 1521 3099 1590; x_wconf 78' lang='grc' dir='ltr'>διαλάμπειν</span> <span class='ocrx_word' id='word_1_240' title='bbox 3158 1519 3471 1590; x_wconf 72' lang='grc' dir='ltr'>εὐχόμεθα,</span> <span class='ocrx_word' id='word_1_241' title='bbox 3527 1522 3620 1572; x_wconf 68' lang='grc' dir='ltr'><strong>καὶ</strong></span> <span class='ocrx_word' id='word_1_242' title='bbox 3660 1521 3746 1591; x_wconf 80' lang='grc' dir='ltr'><strong>τῆς</strong></span> 
     </span>
    </p>
   </div>
   <div class='ocr_carea' id='block_1_41' title="bbox 2191 1608 3747 1679">
    <p class='ocr_par' dir='ltr' id='par_1_41' title="bbox 2191 1608 3747 1679">
     <span class='ocr_line' id='line_1_41' title="bbox 2191 1608 3747 1679; baseline 0 -20"><span class='ocrx_word' id='word_1_243' title='bbox 2191 1608 2428 1678; x_wconf 73' lang='grc' dir='ltr'>ἀρρήτου</span> <span class='ocrx_word' id='word_1_244' title='bbox 2475 1609 2568 1661; x_wconf 80' lang='grc' dir='ltr'>καὶ</span> <span class='ocrx_word' id='word_1_245' title='bbox 2600 1609 2880 1661; x_wconf 85' lang='grc' dir='ltr'>θεοσδότου</span> <span class='ocrx_word' id='word_1_246' title='bbox 2936 1608 3262 1678; x_wconf 87' lang='grc' dir='ltr'>μεταλαχεῖν</span> <span class='ocrx_word' id='word_1_247' title='bbox 3303 1609 3543 1678; x_wconf 83' lang='grc' dir='ltr'>δωρεᾶς,</span> <span class='ocrx_word' id='word_1_248' title='bbox 3582 1610 3613 1679; x_wconf 78' lang='grc' dir='ltr'>ἢ</span> <span class='ocrx_word' id='word_1_249' title='bbox 3653 1611 3747 1660; x_wconf 87' lang='grc' dir='ltr'><strong>τῶν</strong></span> 
     </span>
    </p>
   </div>
   <div class='ocr_carea' id='block_1_42' title="bbox 2191 1698 3749 1770">
    <p class='ocr_par' dir='ltr' id='par_1_42' title="bbox 2191 1698 3749 1770">
     <span class='ocr_line' id='line_1_42' title="bbox 2191 1698 3749 1770; baseline 0.001 -19"><span class='ocrx_word' id='word_1_250' title='bbox 2191 1698 2561 1768; x_wconf 76' lang='grc' dir='ltr'>ἐλπιζομένων</span> <span class='ocrx_word' id='word_1_251' title='bbox 2617 1698 2834 1767; x_wconf 79' lang='grc' dir='ltr'><strong>ἀγαθῶν</strong></span> <span class='ocrx_word' id='word_1_252' title='bbox 2876 1701 2987 1762; x_wconf 86' lang='grc' dir='ltr'>τοῖς</span> <span class='ocrx_word' id='word_1_253' title='bbox 3029 1698 3324 1770; x_wconf 79' lang='grc' dir='ltr'>προσιοῦσι</span> <span class='ocrx_word' id='word_1_254' title='bbox 3373 1699 3442 1752; x_wconf 89' lang='grc' dir='ltr'><strong>τά</strong></span> <span class='ocrx_word' id='word_1_255' title='bbox 3483 1699 3749 1770; x_wconf 86' lang='grc' dir='ltr'>σπέρματα</span> 
     </span>
    </p>
   </div>
   <div class='ocr_carea' id='block_1_43' title="bbox 2191 1790 3748 1872">
    <p class='ocr_par' dir='ltr' id='par_1_43' title="bbox 2191 1790 3748 1872">
     <span class='ocr_line' id='line_1_43' title="bbox 2191 1790 3748 1872; baseline -0.001 -27"><span class='ocrx_word' id='word_1_256' title='bbox 2191 1795 2434 1864; x_wconf 83' lang='grc' dir='ltr'>χορηγεῖ,</span> <span class='ocrx_word' id='word_1_257' title='bbox 2463 1793 2554 1845; x_wconf 74' lang='grc' dir='ltr'>καὶ</span> <span class='ocrx_word' id='word_1_258' title='bbox 2581 1793 2680 1862; x_wconf 83' lang='grc' dir='ltr'>τῆς</span> <span class='ocrx_word' id='word_1_259' title='bbox 2708 1792 2858 1856; x_wconf 81' lang='grc' dir='ltr'>τέλος</span> <span class='ocrx_word' id='word_1_260' title='bbox 2886 1792 2954 1872; x_wconf 27' lang='grc' dir='ltr'>οὐ,</span> <span class='ocrx_word' id='word_1_261' title='bbox 2967 1792 3262 1861; x_wconf 77' lang='grc' dir='ltr'>δεξομένης</span> <span class='ocrx_word' id='word_1_262' title='bbox 3285 1790 3431 1862; x_wconf 78' lang='grc' dir='ltr'>ζωῇς</span> <span class='ocrx_word' id='word_1_263' title='bbox 3449 1809 3519 1864; x_wconf 37' lang='grc' dir='ltr'>,τε</span> <span class='ocrx_word' id='word_1_264' title='bbox 3550 1792 3638 1843; x_wconf 81' lang='grc' dir='ltr'>καὶ</span> <span class='ocrx_word' id='word_1_265' title='bbox 3662 1792 3748 1860; x_wconf 80' lang='grc' dir='ltr'><strong>βα-</strong></span> 
     </span>
    </p>
   </div>
   <div class='ocr_carea' id='block_1_44' title="bbox 2117 1879 3750 1960">
    <p class='ocr_par' dir='ltr' id='par_1_44' title="bbox 2117 1879 3750 1960">
     <span class='ocr_line' id='line_1_44' title="bbox 2117 1879 3750 1960; baseline -0.002 -26"><span class='ocrx_word' id='word_1_266' title='bbox 2117 1906 2157 1960; x_wconf 72' lang='grc' dir='ltr'><strong>η</strong></span> <span class='ocrx_word' id='word_1_267' title='bbox 2193 1883 2398 1944; x_wconf 87' lang='grc' dir='ltr'>σιλείας</span> <span class='ocrx_word' id='word_1_268' title='bbox 2426 1880 2495 1933; x_wconf 85' lang='grc' dir='ltr'>τὰ</span> <span class='ocrx_word' id='word_1_269' title='bbox 2538 1880 2786 1951; x_wconf 89' lang='grc' dir='ltr'>σύμϐολα</span> <span class='ocrx_word' id='word_1_270' title='bbox 2817 1880 3051 1933; x_wconf 86' lang='grc' dir='ltr'>δίδωσιν.</span> <span class='ocrx_word' id='word_1_271' title='bbox 3106 1881 3300 1933; x_wconf 83' lang='grc' dir='ltr'>Ταῦτα</span> <span class='ocrx_word' id='word_1_272' title='bbox 3334 1879 3428 1932; x_wconf 78' lang='grc' dir='ltr'><strong>τὸν</strong></span> <span class='ocrx_word' id='word_1_273' title='bbox 3472 1879 3750 1948; x_wconf 83' lang='grc' dir='ltr'>φιλάνθρω-</span> 
     </span>
    </p>
   </div>
   <div class='ocr_carea' id='block_1_45' title="bbox 2195 1969 3752 2040">
    <p class='ocr_par' dir='ltr' id='par_1_45' title="bbox 2195 1969 3752 2040">
     <span class='ocr_line' id='line_1_45' title="bbox 2195 1969 3752 2040; baseline -0.004 -15"><span class='ocrx_word' id='word_1_274' title='bbox 2195 1989 2296 2025; x_wconf 89' lang='grc' dir='ltr'><strong>πον</strong></span> <span class='ocrx_word' id='word_1_275' title='bbox 2324 1972 2601 2039; x_wconf 83' lang='grc' dir='ltr'>Δεσπότην</span> <span class='ocrx_word' id='word_1_276' title='bbox 2657 1969 3046 2039; x_wconf 83' lang='grc' dir='ltr'>ἀντιϐολοῦμεν</span> <span class='ocrx_word' id='word_1_277' title='bbox 3092 1970 3170 2040; x_wconf 82' lang='grc' dir='ltr'><strong>τῷ</strong></span> <span class='ocrx_word' id='word_1_278' title='bbox 3213 1969 3295 2040; x_wconf 81' lang='grc' dir='ltr'>σῷ</span> <span class='ocrx_word' id='word_1_279' title='bbox 3339 1969 3557 2039; x_wconf 81' lang='grc' dir='ltr'>μεγέθει</span> <span class='ocrx_word' id='word_1_280' title='bbox 3595 1969 3752 2039; x_wconf 81' lang='grc' dir='ltr'>δωρὴ·</span> 
     </span>
    </p>
   </div>
   <div class='ocr_carea' id='block_1_46' title="bbox 2196 2061 3750 2134">
    <p class='ocr_par' dir='ltr' id='par_1_46' title="bbox 2196 2061 3750 2134">
     <span class='ocr_line' id='line_1_46' title="bbox 2196 2061 3750 2134; baseline -0.002 -16"><span class='ocrx_word' id='word_1_281' title='bbox 2196 2064 2411 2118; x_wconf 75' lang='grc' dir='ltr'>σασθαιο</span> <span class='ocrx_word' id='word_1_282' title='bbox 2450 2064 2726 2132; x_wconf 80' lang='grc' dir='ltr'>πεφύκασι</span> <span class='ocrx_word' id='word_1_283' title='bbox 2770 2062 2878 2134; x_wconf 78' lang='grc' dir='ltr'><strong>γάρ</strong></span> <span class='ocrx_word' id='word_1_284' title='bbox 2902 2065 2952 2116; x_wconf 77' lang='grc' dir='ltr'>οἱ</span> <span class='ocrx_word' id='word_1_285' title='bbox 2980 2063 3286 2132; x_wconf 73' lang='grc' dir='ltr'>φιλοῦντες,</span> <span class='ocrx_word' id='word_1_286' title='bbox 3331 2062 3402 2116; x_wconf 72' lang='grc' dir='ltr'>τὰ</span> <span class='ocrx_word' id='word_1_287' title='bbox 3437 2061 3614 2131; x_wconf 86' lang='grc' dir='ltr'>ἀγαθά</span> <span class='ocrx_word' id='word_1_288' title='bbox 3653 2064 3750 2125; x_wconf 85' lang='grc' dir='ltr'>τοῖς</span> 
     </span>
    </p>
   </div>
   <div class='ocr_carea' id='block_1_47' title="bbox 2193 2155 2587 2224">
    <p class='ocr_par' dir='ltr' id='par_1_47' title="bbox 2193 2155 2587 2224">
     <span class='ocr_line' id='line_1_47' title="bbox 2193 2155 2587 2224; baseline 0.005 -18"><span class='ocrx_word' id='word_1_289' title='bbox 2193 2155 2364 2224; x_wconf 78' lang='grc' dir='ltr'>φίλοις</span> <span class='ocrx_word' id='word_1_290' title='bbox 2393 2157 2587 2209; x_wconf 81' lang='grc' dir='ltr'>αίτεῖν.</span> 
     </span>
    </p>
   </div>
   <div class='ocr_carea' id='block_1_48' title="bbox 2463 2269 3484 2340">
    <p class='ocr_par' dir='ltr' id='par_1_48' title="bbox 2463 2269 3484 2340">
     <span class='ocr_line' id='line_1_48' title="bbox 2463 2269 3484 2340; baseline -0.003 -15"><span class='ocrx_word' id='word_1_291' title='bbox 2463 2272 2581 2325; x_wconf 87' lang='lat' dir='ltr'><strong>OE&#39;.</strong></span> <span class='ocrx_word' id='word_1_292' title='bbox 2607 2302 2676 2311; x_wconf 97' lang='lat'><strong>—</strong></span> <span class='ocrx_word' id='word_1_293' title='bbox 2710 2271 2836 2337; x_wconf 81' lang='grc' dir='ltr'>Τοῖς</span> <span class='ocrx_word' id='word_1_294' title='bbox 2858 2269 3168 2340; x_wconf 74' lang='grc' dir='ltr'>κληρικοῖς</span> <span class='ocrx_word' id='word_1_295' title='bbox 3210 2270 3484 2339; x_wconf 67' lang='grc' dir='ltr'>Βεροίας.</span> 
     </span>
    </p>
   </div>
   <div class='ocr_carea' id='block_1_49' title="bbox 2264 2382 3754 2455">
    <p class='ocr_par' dir='ltr' id='par_1_49' title="bbox 2264 2382 3754 2455">
     <span class='ocr_line' id='line_1_49' title="bbox 2264 2382 3754 2455; baseline -0.005 -14"><span class='ocrx_word' id='word_1_296' title='bbox 2264 2387 2474 2455; x_wconf 85' lang='grc' dir='ltr'>Ἔγνων</span> <span class='ocrx_word' id='word_1_297' title='bbox 2506 2387 2580 2450; x_wconf 81' lang='grc' dir='ltr'>ὡς</span> <span class='ocrx_word' id='word_1_298' title='bbox 2620 2385 2844 2448; x_wconf 81' lang='grc' dir='ltr'><strong>εἰκότως</strong></span> <span class='ocrx_word' id='word_1_299' title='bbox 2875 2385 3003 2452; x_wconf 77' lang='grc' dir='ltr'>περὶ</span> <span class='ocrx_word' id='word_1_300' title='bbox 3047 2384 3147 2453; x_wconf 81' lang='grc' dir='ltr'>τὴν</span> <span class='ocrx_word' id='word_1_301' title='bbox 3179 2383 3459 2454; x_wconf 81' lang='grc' dir='ltr'>ὑμετέραν</span> <span class='ocrx_word' id='word_1_302' title='bbox 3493 2382 3754 2452; x_wconf 75' lang='grc' dir='ltr'>διάκειμαι</span> 
     </span>
    </p>
   </div>
   <div class='ocr_carea' id='block_1_50' title="bbox 2188 2473 3754 2547">
    <p class='ocr_par' dir='ltr' id='par_1_50' title="bbox 2188 2473 3754 2547">
     <span class='ocr_line' id='line_1_50' title="bbox 2188 2473 3754 2547; baseline -0.004 -15"><span class='ocrx_word' id='word_1_303' title='bbox 2188 2479 2515 2532; x_wconf 85' lang='grc' dir='ltr'>θεοσέϐειαν.</span> <span class='ocrx_word' id='word_1_304' title='bbox 2557 2479 2792 2531; x_wconf 87' lang='grc' dir='ltr'>Πέπεικε</span> <span class='ocrx_word' id='word_1_305' title='bbox 2815 2477 2924 2547; x_wconf 88' lang='grc' dir='ltr'><strong>γάρ</strong></span> <span class='ocrx_word' id='word_1_306' title='bbox 2967 2493 3033 2546; x_wconf 88' lang='grc' dir='ltr'><strong>με</strong></span> <span class='ocrx_word' id='word_1_307' title='bbox 3069 2475 3167 2544; x_wconf 82' lang='grc' dir='ltr'>τῆς</span> <span class='ocrx_word' id='word_1_308' title='bbox 3194 2473 3492 2537; x_wconf 87' lang='grc' dir='ltr'>εὐλαϐείας</span> <span class='ocrx_word' id='word_1_309' title='bbox 3523 2473 3668 2544; x_wconf 91' lang='grc' dir='ltr'>ὑμῶν</span> <span class='ocrx_word' id='word_1_310' title='bbox 3697 2475 3754 2526; x_wconf 67' lang='grc' dir='ltr'><strong>τὰ</strong></span> 
     </span>
    </p>
   </div>
   <div class='ocr_carea' id='block_1_51' title="bbox 2186 2565 3754 2642">
    <p class='ocr_par' dir='ltr' id='par_1_51' title="bbox 2186 2565 3754 2642">
     <span class='ocr_line' id='line_1_51' title="bbox 2186 2565 3754 2642; baseline -0.006 -16"><span class='ocrx_word' id='word_1_311' title='bbox 2186 2572 2510 2642; x_wconf 85' lang='grc' dir='ltr'>γράμματα,</span> <span class='ocrx_word' id='word_1_312' title='bbox 2531 2571 2604 2633; x_wconf 82' lang='grc' dir='ltr'>ὼς</span> <span class='ocrx_word' id='word_1_313' title='bbox 2624 2569 2851 2638; x_wconf 84' lang='grc' dir='ltr'>ἀγαπῶν</span> <span class='ocrx_word' id='word_1_314' title='bbox 2883 2567 3312 2636; x_wconf 86' lang='grc' dir='ltr'>ἀνταγαπῶμαι.</span> <span class='ocrx_word' id='word_1_315' title='bbox 3340 2566 3550 2628; x_wconf 73' lang='grc' dir='ltr'>Πολλὰς</span> <span class='ocrx_word' id='word_1_316' title='bbox 3580 2566 3632 2617; x_wconf 83' lang='grc' dir='ltr'>δὲ</span> <span class='ocrx_word' id='word_1_317' title='bbox 3657 2565 3754 2633; x_wconf 77' lang='grc' dir='ltr'>ἔχω</span> 
     </span>
    </p>
   </div>
   <div class='ocr_carea' id='block_1_52' title="bbox 2185 2655 3755 2732">
    <p class='ocr_par' dir='ltr' id='par_1_52' title="bbox 2185 2655 3755 2732">
     <span class='ocr_line' id='line_1_52' title="bbox 2185 2655 3755 2732; baseline -0.006 -17"><span class='ocrx_word' id='word_1_318' title='bbox 2185 2665 2281 2731; x_wconf 86' lang='grc' dir='ltr'>τῆς</span> <span class='ocrx_word' id='word_1_319' title='bbox 2311 2661 2437 2732; x_wconf 70' lang='grc' dir='ltr'>περὶ</span> <span class='ocrx_word' id='word_1_320' title='bbox 2470 2660 2624 2730; x_wconf 83' lang='grc' dir='ltr'>ὑμῶν</span> <span class='ocrx_word' id='word_1_321' title='bbox 2655 2661 2875 2728; x_wconf 81' lang='grc' dir='ltr'>ἀγάπης</span> <span class='ocrx_word' id='word_1_322' title='bbox 2913 2658 3011 2721; x_wconf 81' lang='grc' dir='ltr'>τὰς</span> <span class='ocrx_word' id='word_1_323' title='bbox 3045 2659 3328 2727; x_wconf 78' lang='grc' dir='ltr'>ἀφορμάς.</span> <span class='ocrx_word' id='word_1_324' title='bbox 3381 2656 3603 2726; x_wconf 88' lang='grc' dir='ltr'>Πρῶτον</span> <span class='ocrx_word' id='word_1_325' title='bbox 3647 2655 3755 2724; x_wconf 71' lang='grc' dir='ltr'>μὲν,</span> 
     </span>
    </p>
   </div>
   <div class='ocr_carea' id='block_1_53' title="bbox 2185 2748 3756 2820">
    <p class='ocr_par' dir='ltr' id='par_1_53' title="bbox 2185 2748 3756 2820">
     <span class='ocr_line' id='line_1_53' title="bbox 2185 2748 3756 2820; baseline -0.003 -16"><span class='ocrx_word' id='word_1_326' title='bbox 2185 2751 2243 2804; x_wconf 76' lang='grc' dir='ltr'>τὸ</span> <span class='ocrx_word' id='word_1_327' title='bbox 2264 2749 2355 2803; x_wconf 81' lang='grc' dir='ltr'><strong>τόν</strong></span> <span class='ocrx_word' id='word_1_328' title='bbox 2383 2751 2644 2818; x_wconf 87' lang='grc' dir='ltr'>ὑμέτερον</span> <span class='ocrx_word' id='word_1_329' title='bbox 2673 2750 2903 2820; x_wconf 84' lang='grc' dir='ltr'>πατέρα,</span> <span class='ocrx_word' id='word_1_330' title='bbox 2936 2749 3025 2803; x_wconf 82' lang='grc' dir='ltr'><strong>τὸν</strong></span> <span class='ocrx_word' id='word_1_331' title='bbox 3057 2751 3233 2820; x_wconf 84' lang='grc' dir='ltr'>μέγαν</span> <span class='ocrx_word' id='word_1_332' title='bbox 3275 2750 3492 2801; x_wconf 76' lang='grc' dir='ltr'>ἐκεῖνον</span> <span class='ocrx_word' id='word_1_333' title='bbox 3523 2748 3616 2800; x_wconf 82' lang='grc' dir='ltr'><strong>καὶ</strong></span> <span class='ocrx_word' id='word_1_334' title='bbox 3635 2748 3756 2800; x_wconf 82' lang='grc' dir='ltr'>ἀπο-</span> 
     </span>
    </p>
   </div>
   <div class='ocr_carea' id='block_1_54' title="bbox 2187 2833 3756 2908">
    <p class='ocr_par' dir='ltr' id='par_1_54' title="bbox 2187 2833 3756 2908">
     <span class='ocr_line' id='line_1_54' title="bbox 2187 2833 3756 2908; baseline -0.004 -16"><span class='ocrx_word' id='word_1_335' title='bbox 2187 2839 2428 2893; x_wconf 84' lang='grc' dir='ltr'>στολικὸν</span> <span class='ocrx_word' id='word_1_336' title='bbox 2456 2839 2644 2907; x_wconf 81' lang='grc' dir='ltr'>ἄνδρα,</span> <span class='ocrx_word' id='word_1_337' title='bbox 2679 2839 2774 2892; x_wconf 68' lang='grc' dir='ltr'>καὶ</span> <span class='ocrx_word' id='word_1_338' title='bbox 2817 2838 2948 2908; x_wconf 77' lang='grc' dir='ltr'>ἐμὸν</span> <span class='ocrx_word' id='word_1_339' title='bbox 2992 2837 3328 2906; x_wconf 81' lang='grc' dir='ltr'>γεγενῆσθαι</span> <span class='ocrx_word' id='word_1_340' title='bbox 3364 2837 3601 2906; x_wconf 88' lang='grc' dir='ltr'>πατέρα.</span> <span class='ocrx_word' id='word_1_341' title='bbox 3641 2833 3756 2886; x_wconf 80' lang='grc' dir='ltr'>Δεύ-</span> 
     </span>
    </p>
   </div>
   <div class='ocr_carea' id='block_1_55' title="bbox 2185 2924 3757 3000">
    <p class='ocr_par' dir='ltr' id='par_1_55' title="bbox 2185 2924 3757 3000">
     <span class='ocr_line' id='line_1_55' title="bbox 2185 2924 3757 3000; baseline -0.006 -16"><span class='ocrx_word' id='word_1_342' title='bbox 2185 2948 2340 3000; x_wconf 80' lang='grc' dir='ltr'>τερον</span> <span class='ocrx_word' id='word_1_343' title='bbox 2379 2931 2454 2994; x_wconf 80' lang='grc' dir='ltr'><strong>δέ,</strong></span> <span class='ocrx_word' id='word_1_344' title='bbox 2493 2929 2554 2981; x_wconf 83' lang='grc' dir='ltr'><strong>τὸ</strong></span> <span class='ocrx_word' id='word_1_345' title='bbox 2590 2929 2684 2982; x_wconf 73' lang='grc' dir='ltr'>καὶ</span> <span class='ocrx_word' id='word_1_346' title='bbox 2726 2929 2817 2981; x_wconf 81' lang='grc' dir='ltr'><strong>τὸν</strong></span> <span class='ocrx_word' id='word_1_347' title='bbox 2855 2928 3277 2980; x_wconf 88' lang='grc' dir='ltr'>θεοσεϐέστατον</span> <span class='ocrx_word' id='word_1_348' title='bbox 3315 2927 3636 2985; x_wconf 74' lang='grc' dir='ltr'>ἐπίσκοπον,</span> <span class='ocrx_word' id='word_1_349' title='bbox 3677 2924 3757 2976; x_wconf 77' lang='grc' dir='ltr'>τὸν</span> 
     </span>
    </p>
   </div>
   <div class='ocr_carea' id='block_1_56' title="bbox 2181 3013 3758 3090">
    <p class='ocr_par' dir='ltr' id='par_1_56' title="bbox 2181 3013 3758 3090">
     <span class='ocr_line' id='line_1_56' title="bbox 2181 3013 3758 3090; baseline -0.005 -19"><span class='ocrx_word' id='word_1_350' title='bbox 2181 3019 2278 3072; x_wconf 78' lang='grc' dir='ltr'>νῦν</span> <span class='ocrx_word' id='word_1_351' title='bbox 2323 3019 2421 3090; x_wconf 81' lang='grc' dir='ltr'><strong>τὴν</strong></span> <span class='ocrx_word' id='word_1_352' title='bbox 2467 3017 2736 3087; x_wconf 82' lang='grc' dir='ltr'>ὑμετέραν</span> <span class='ocrx_word' id='word_1_353' title='bbox 2792 3016 3120 3086; x_wconf 82' lang='grc' dir='ltr'>Ἐκκλησίαν</span> <span class='ocrx_word' id='word_1_354' title='bbox 3176 3015 3458 3075; x_wconf 77' lang='grc' dir='ltr'>ἰθύνοντα.</span> <span class='ocrx_word' id='word_1_355' title='bbox 3505 3013 3758 3085; x_wconf 68' lang='grc' dir='ltr'>ὁμόψυχον</span> 
     </span>
    </p>
   </div>
   <div class='ocr_carea' id='block_1_57' title="bbox 2182 3104 3761 3179">
    <p class='ocr_par' dir='ltr' id='par_1_57' title="bbox 2182 3104 3761 3179">
     <span class='ocr_line' id='line_1_57' title="bbox 2182 3104 3761 3179; baseline -0.004 -18"><span class='ocrx_word' id='word_1_356' title='bbox 2182 3109 2323 3179; x_wconf 84' lang='grc' dir='ltr'>ἔχειν</span> <span class='ocrx_word' id='word_1_357' title='bbox 2361 3111 2454 3162; x_wconf 68' lang='grc' dir='ltr'><strong>καὶ</strong></span> <span class='ocrx_word' id='word_1_358' title='bbox 2503 3111 2721 3177; x_wconf 84' lang='grc' dir='ltr'>γνήσιον</span> <span class='ocrx_word' id='word_1_359' title='bbox 2767 3107 3012 3176; x_wconf 81' lang='grc' dir='ltr'>ἀδελφόν.</span> <span class='ocrx_word' id='word_1_360' title='bbox 3057 3108 3282 3176; x_wconf 80' lang='grc' dir='ltr'>Τρίτον,</span> <span class='ocrx_word' id='word_1_361' title='bbox 3329 3107 3444 3160; x_wconf 87' lang='grc' dir='ltr'><strong>τῶν</strong></span> <span class='ocrx_word' id='word_1_362' title='bbox 3485 3106 3684 3160; x_wconf 86' lang='grc' dir='ltr'>πόλεων</span> <span class='ocrx_word' id='word_1_363' title='bbox 3711 3104 3761 3156; x_wconf 74' lang='grc' dir='ltr'>τὶ</span> 
     </span>
    </p>
   </div>
   <div class='ocr_carea' id='block_1_58' title="bbox 504 3195 2080 3291">
    <p class='ocr_par' dir='ltr' id='par_1_58' title="bbox 504 3201 2077 3276">
     <span class='ocr_line' id='line_1_58' title="bbox 504 3201 2077 3276; baseline 0.008 -25"><span class='ocrx_word' id='word_1_364' title='bbox 504 3213 622 3251; x_wconf 91' lang='lat' dir='ltr'><strong>cem</strong></span> <span class='ocrx_word' id='word_1_365' title='bbox 646 3213 1040 3255; x_wconf 86' lang='lat' dir='ltr'><strong>commeemus:</strong></span> <span class='ocrx_word' id='word_1_366' title='bbox 1063 3201 1164 3255; x_wconf 89' lang='lat' dir='ltr'><strong>hoc</strong></span> <span class='ocrx_word' id='word_1_367' title='bbox 1185 3211 1370 3257; x_wconf 88' lang='lat' dir='ltr'><strong>autem</strong></span> <span class='ocrx_word' id='word_1_368' title='bbox 1393 3213 1449 3257; x_wconf 92' lang='lat' dir='ltr'><strong>et</strong></span> <span class='ocrx_word' id='word_1_369' title='bbox 1476 3204 1770 3259; x_wconf 88' lang='lat' dir='ltr'><strong>amicitiam</strong></span> <span class='ocrx_word' id='word_1_370' title='bbox 1794 3223 2077 3276; x_wconf 85' lang='lat' dir='ltr'><strong>generare,</strong></span> 
     </span>
    </p>
   </div>
   <div class='ocr_carea' id='block_1_59' title="bbox 2183 3195 3767 3291">
    <p class='ocr_par' dir='ltr' id='par_1_59' title="bbox 2183 3195 3767 3268">
     <span class='ocr_line' id='line_1_59' title="bbox 2183 3195 3767 3268; baseline -0.004 -16"><span class='ocrx_word' id='word_1_371' title='bbox 2183 3200 2495 3268; x_wconf 81' lang='grc' dir='ltr'>γειτόνημα.</span> <span class='ocrx_word' id='word_1_372' title='bbox 2527 3199 2817 3268; x_wconf 83' lang='grc' dir='ltr'>Τέταρτον,</span> <span class='ocrx_word' id='word_1_373' title='bbox 2857 3198 2917 3250; x_wconf 83' lang='grc' dir='ltr'><strong>τὸ</strong></span> <span class='ocrx_word' id='word_1_374' title='bbox 2946 3196 3095 3266; x_wconf 75' lang='grc' dir='ltr'>θαμά</span> <span class='ocrx_word' id='word_1_375' title='bbox 3125 3197 3276 3266; x_wconf 79' lang='grc' dir='ltr'>πρὸς</span> <span class='ocrx_word' id='word_1_376' title='bbox 3322 3196 3589 3267; x_wconf 79' lang='grc' dir='ltr'>ἀλλήλους</span> <span class='ocrx_word' id='word_1_377' title='bbox 3635 3195 3767 3264; x_wconf 75' lang='grc' dir='ltr'>ἡμᾶς</span> 
     </span>
    </p>
   </div>
   <div class='ocr_carea' id='block_1_60' title="bbox 503 3294 2078 3362">
    <p class='ocr_par' dir='ltr' id='par_1_60' title="bbox 503 3294 2078 3362">
     <span class='ocr_line' id='line_1_60' title="bbox 503 3294 2078 3362; baseline 0.006 -19"><span class='ocrx_word' id='word_1_378' title='bbox 503 3299 888 3360; x_wconf 81' lang='lat' dir='ltr'><strong>etgeneratam</strong></span> <span class='ocrx_word' id='word_1_379' title='bbox 915 3308 1242 3347; x_wconf 87' lang='lat' dir='ltr'><strong>conservare</strong></span> <span class='ocrx_word' id='word_1_380' title='bbox 1258 3294 1424 3348; x_wconf 89' lang='lat' dir='ltr'><strong>valet.</strong></span> <span class='ocrx_word' id='word_1_381' title='bbox 1441 3294 1595 3360; x_wconf 88' lang='lat' dir='ltr'><strong>Quod</strong></span> <span class='ocrx_word' id='word_1_382' title='bbox 1615 3297 1658 3350; x_wconf 91' lang='lat' dir='ltr'><strong>si</strong></span> <span class='ocrx_word' id='word_1_383' title='bbox 1688 3307 1869 3351; x_wconf 89' lang='lat' dir='ltr'><strong>autem</strong></span> <span class='ocrx_word' id='word_1_384' title='bbox 1889 3300 2078 3362; x_wconf 83' lang='lat' dir='ltr'><strong>vultis,</strong></span> 
     </span>
    </p>
   </div>
   <div class='ocr_carea' id='block_1_61' title="bbox 503 3381 2082 3458">
    <p class='ocr_par' dir='ltr' id='par_1_61' title="bbox 503 3381 2082 3458">
     <span class='ocr_line' id='line_1_61' title="bbox 503 3381 2082 3458; baseline 0.007 -26"><span class='ocrx_word' id='word_1_385' title='bbox 503 3381 755 3448; x_wconf 87' lang='lat' dir='ltr'><strong>quintum</strong></span> <span class='ocrx_word' id='word_1_386' title='bbox 777 3382 953 3436; x_wconf 88' lang='lat' dir='ltr'><strong>dicam</strong></span> <span class='ocrx_word' id='word_1_387' title='bbox 989 3401 1001 3436; x_wconf 90' lang='lat'><strong>:</strong></span> <span class='ocrx_word' id='word_1_388' title='bbox 1029 3400 1150 3452; x_wconf 68' lang='lat' dir='ltr'><strong>qua:</strong></span> <span class='ocrx_word' id='word_1_389' title='bbox 1173 3385 1372 3454; x_wconf 73' lang='lat' dir='ltr'><strong>lingua:</strong></span> <span class='ocrx_word' id='word_1_390' title='bbox 1391 3385 1458 3438; x_wconf 91' lang='lat' dir='ltr'><strong>ad</strong></span> <span class='ocrx_word' id='word_1_391' title='bbox 1475 3402 1635 3440; x_wconf 82' lang='lat' dir='ltr'><strong>aures</strong></span> <span class='ocrx_word' id='word_1_392' title='bbox 1659 3396 1744 3442; x_wconf 92' lang='lat' dir='ltr'><strong>est</strong></span> <span class='ocrx_word' id='word_1_393' title='bbox 1766 3390 2082 3458; x_wconf 89' lang='lat' dir='ltr'><strong>eonjunctio</strong></span> 
     </span>
    </p>
   </div>
   <div class='ocr_carea' id='block_1_62' title="bbox 505 3469 2084 3546">
    <p class='ocr_par' dir='ltr' id='par_1_62' title="bbox 505 3469 2084 3546">
     <span class='ocr_line' id='line_1_62' title="bbox 505 3469 2084 3546; baseline 0.008 -26"><span class='ocrx_word' id='word_1_394' title='bbox 505 3469 618 3540; x_wconf 89' lang='lat' dir='ltr'><strong>(illa</strong></span> <span class='ocrx_word' id='word_1_395' title='bbox 643 3470 844 3540; x_wconf 90' lang='lat' dir='ltr'><strong>quippe</strong></span> <span class='ocrx_word' id='word_1_396' title='bbox 874 3471 1040 3525; x_wconf 77' lang='lat' dir='ltr'><strong>verba</strong></span> <span class='ocrx_word' id='word_1_397' title='bbox 1075 3471 1304 3540; x_wconf 83' lang='lat' dir='ltr'><strong>profert,</strong></span> <span class='ocrx_word' id='word_1_398' title='bbox 1333 3471 1417 3526; x_wconf 70' lang='lat' dir='ltr'><strong>hae</strong></span> <span class='ocrx_word' id='word_1_399' title='bbox 1432 3489 1564 3527; x_wconf 89' lang='lat' dir='ltr'><strong>vero</strong></span> <span class='ocrx_word' id='word_1_400' title='bbox 1584 3475 1912 3546; x_wconf 86' lang='lat' dir='ltr'><strong>excipiunt),</strong></span> <span class='ocrx_word' id='word_1_401' title='bbox 1935 3493 2084 3531; x_wconf 88' lang='lat' dir='ltr'><strong>cam-</strong></span> 
     </span>
    </p>
   </div>
   <div class='ocr_carea' id='block_1_63' title="bbox 503 3560 2080 3622">
    <p class='ocr_par' dir='ltr' id='par_1_63' title="bbox 503 3560 2080 3622">
     <span class='ocr_line' id='line_1_63' title="bbox 503 3560 2080 3622; baseline 0.006 -10"><span class='ocrx_word' id='word_1_402' title='bbox 503 3560 626 3613; x_wconf 84' lang='lat' dir='ltr'><strong>dem</strong></span> <span class='ocrx_word' id='word_1_403' title='bbox 659 3569 716 3616; x_wconf 92' lang='lat' dir='ltr'><strong>et</strong></span> <span class='ocrx_word' id='word_1_404' title='bbox 763 3578 862 3616; x_wconf 90' lang='lat' dir='ltr'><strong>nos</strong></span> <span class='ocrx_word' id='word_1_405' title='bbox 911 3562 1177 3616; x_wconf 87' lang='lat' dir='ltr'><strong>habemus</strong></span> <span class='ocrx_word' id='word_1_406' title='bbox 1222 3563 1533 3617; x_wconf 82' lang='lat' dir='ltr'><strong>vobiscum.</strong></span> <span class='ocrx_word' id='word_1_407' title='bbox 1571 3565 1679 3619; x_wconf 77' lang='lat' dir='ltr'><strong>Vos</strong></span> <span class='ocrx_word' id='word_1_408' title='bbox 1719 3568 1922 3620; x_wconf 89' lang='lat' dir='ltr'><strong>etenim</strong></span> <span class='ocrx_word' id='word_1_409' title='bbox 1956 3583 2080 3622; x_wconf 87' lang='lat' dir='ltr'><strong>cum</strong></span> 
     </span>
    </p>
   </div>
   <div class='ocr_carea' id='block_1_64' title="bbox 500 3651 2081 3727">
    <p class='ocr_par' dir='ltr' id='par_1_64' title="bbox 500 3651 2081 3727">
     <span class='ocr_line' id='line_1_64' title="bbox 500 3651 2081 3727; baseline 0.004 -22"><span class='ocrx_word' id='word_1_410' title='bbox 500 3651 778 3721; x_wconf 82' lang='lat' dir='ltr'><strong>voluptate</strong></span> <span class='ocrx_word' id='word_1_411' title='bbox 805 3669 1088 3707; x_wconf 87' lang='lat' dir='ltr'><strong>sermones</strong></span> <span class='ocrx_word' id='word_1_412' title='bbox 1110 3662 1326 3707; x_wconf 87' lang='lat' dir='ltr'><strong>nostros</strong></span> <span class='ocrx_word' id='word_1_413' title='bbox 1349 3654 1573 3720; x_wconf 84' lang='lat' dir='ltr'><strong>auditis,</strong></span> <span class='ocrx_word' id='word_1_414' title='bbox 1600 3663 1656 3710; x_wconf 89' lang='lat' dir='ltr'><strong>et</strong></span> <span class='ocrx_word' id='word_1_415' title='bbox 1686 3672 1785 3726; x_wconf 76' lang='lat' dir='ltr'><strong>ego</strong></span> <span class='ocrx_word' id='word_1_416' title='bbox 1829 3658 2081 3727; x_wconf 77' lang='lat' dir='ltr'><strong>exiguam</strong></span> 
     </span>
    </p>
   </div>
   <div class='ocr_carea' id='block_1_65' title="bbox 504 3741 2078 3819">
    <p class='ocr_par' dir='ltr' id='par_1_65' title="bbox 504 3741 2078 3819">
     <span class='ocr_line' id='line_1_65' title="bbox 504 3741 2078 3819; baseline 0.006 -25"><span class='ocrx_word' id='word_1_417' title='bbox 504 3741 646 3796; x_wconf 90' lang='lat' dir='ltr'><strong>hanc</strong></span> <span class='ocrx_word' id='word_1_418' title='bbox 674 3743 874 3796; x_wconf 89' lang='lat' dir='ltr'><strong>stillam</strong></span> <span class='ocrx_word' id='word_1_419' title='bbox 901 3744 1241 3812; x_wconf 84' lang='lat' dir='ltr'><strong>perlibenter</strong></span> <span class='ocrx_word' id='word_1_420' title='bbox 1271 3746 1324 3800; x_wconf 91' lang='lat' dir='ltr'><strong>in</strong></span> <span class='ocrx_word' id='word_1_421' title='bbox 1370 3762 1468 3800; x_wconf 86' lang='lat' dir='ltr'><strong>vos</strong></span> <span class='ocrx_word' id='word_1_422' title='bbox 1507 3746 1754 3800; x_wconf 68' lang='lat' dir='ltr'><strong>ell‘uudo.</strong></span> <span class='ocrx_word' id='word_1_423' title='bbox 1794 3748 2078 3819; x_wconf 86' lang='lat' dir='ltr'><strong>Colophon</strong></span> 
     </span>
    </p>
   </div>
   <div class='ocr_carea' id='block_1_66' title="bbox 501 3833 2077 3910">
    <p class='ocr_par' dir='ltr' id='par_1_66' title="bbox 501 3833 2077 3910">
     <span class='ocr_line' id='line_1_66' title="bbox 501 3833 2077 3910; baseline 0.007 -26"><span class='ocrx_word' id='word_1_424' title='bbox 501 3840 688 3885; x_wconf 90' lang='lat' dir='ltr'><strong>autem</strong></span> <span class='ocrx_word' id='word_1_425' title='bbox 726 3833 950 3887; x_wconf 91' lang='lat' dir='ltr'><strong>unionis</strong></span> <span class='ocrx_word' id='word_1_426' title='bbox 977 3843 1197 3897; x_wconf 54' lang='lat' dir='ltr'><strong>nostra,</strong></span> <span class='ocrx_word' id='word_1_427' title='bbox 1244 3834 1374 3888; x_wconf 85' lang='lat' dir='ltr'><strong>fidei</strong></span> <span class='ocrx_word' id='word_1_428' title='bbox 1426 3845 1512 3890; x_wconf 90' lang='lat' dir='ltr'><strong>est</strong></span> <span class='ocrx_word' id='word_1_429' title='bbox 1562 3839 1894 3894; x_wconf 82' lang='lat' dir='ltr'><strong>consensio:</strong></span> <span class='ocrx_word' id='word_1_430' title='bbox 1931 3843 2077 3910; x_wconf 84' lang='lat' dir='ltr'><strong>quod</strong></span> 
     </span>
    </p>
   </div>
   <div class='ocr_carea' id='block_1_67' title="bbox 503 3923 2080 3995">
    <p class='ocr_par' dir='ltr' id='par_1_67' title="bbox 503 3923 2080 3995">
     <span class='ocr_line' id='line_1_67' title="bbox 503 3923 2080 3995; baseline 0.008 -20"><span class='ocrx_word' id='word_1_431' title='bbox 503 3923 816 3991; x_wconf 88' lang='lat' dir='ltr'><strong>spuriorum</strong></span> <span class='ocrx_word' id='word_1_432' title='bbox 853 3924 1166 3994; x_wconf 85' lang='lat' dir='ltr'><strong>dogmatum</strong></span> <span class='ocrx_word' id='word_1_433' title='bbox 1193 3926 1401 3980; x_wconf 90' lang='lat' dir='ltr'><strong>nullum</strong></span> <span class='ocrx_word' id='word_1_434' title='bbox 1449 3927 1804 3995; x_wconf 87' lang='lat' dir='ltr'><strong>admiseritis,</strong></span> <span class='ocrx_word' id='word_1_435' title='bbox 1850 3933 1944 3986; x_wconf 90' lang='lat' dir='ltr'><strong>sed</strong></span> <span class='ocrx_word' id='word_1_436' title='bbox 1985 3949 2080 3986; x_wconf 90' lang='lat' dir='ltr'><strong>au-</strong></span> 
     </span>
    </p>
   </div>
   <div class='ocr_carea' id='block_1_68' title="bbox 503 4016 2074 4089">
    <p class='ocr_par' dir='ltr' id='par_1_68' title="bbox 503 4016 2074 4089">
     <span class='ocr_line' id='line_1_68' title="bbox 503 4016 2074 4089; baseline 0.008 -22"><span class='ocrx_word' id='word_1_437' title='bbox 503 4016 710 4084; x_wconf 86' lang='lat' dir='ltr'><strong>tiquam</strong></span> <span class='ocrx_word' id='word_1_438' title='bbox 736 4016 883 4070; x_wconf 88' lang='lat' dir='ltr'><strong>illam</strong></span> <span class='ocrx_word' id='word_1_439' title='bbox 917 4026 974 4071; x_wconf 90' lang='lat' dir='ltr'><strong>et</strong></span> <span class='ocrx_word' id='word_1_440' title='bbox 997 4018 1349 4087; x_wconf 87' lang='lat' dir='ltr'><strong>apostolicam</strong></span> <span class='ocrx_word' id='word_1_441' title='bbox 1380 4020 1687 4075; x_wconf 85' lang='lat' dir='ltr'><strong>doctrinam</strong></span> <span class='ocrx_word' id='word_1_442' title='bbox 1713 4026 2074 4089; x_wconf 89' lang='lat' dir='ltr'><strong>conservetis,</strong></span> 
     </span>
    </p>
   </div>
   <div class='ocr_carea' id='block_1_69' title="bbox 501 4107 2076 4184">
    <p class='ocr_par' dir='ltr' id='par_1_69' title="bbox 501 4107 2076 4184">
     <span class='ocr_line' id='line_1_69' title="bbox 501 4107 2076 4184; baseline 0.008 -26"><span class='ocrx_word' id='word_1_443' title='bbox 501 4123 665 4176; x_wconf 91' lang='lat' dir='ltr'><strong>quam</strong></span> <span class='ocrx_word' id='word_1_444' title='bbox 716 4107 1026 4162; x_wconf 86' lang='lat' dir='ltr'><strong>veneranda</strong></span> <span class='ocrx_word' id='word_1_445' title='bbox 1070 4109 1228 4163; x_wconf 84' lang='lat' dir='ltr'><strong>vobis</strong></span> <span class='ocrx_word' id='word_1_446' title='bbox 1275 4112 1505 4167; x_wconf 92' lang='lat' dir='ltr'><strong>canities</strong></span> <span class='ocrx_word' id='word_1_447' title='bbox 1537 4115 1736 4176; x_wconf 90' lang='lat' dir='ltr'><strong>attulit,</strong></span> <span class='ocrx_word' id='word_1_448' title='bbox 1769 4131 1932 4184; x_wconf 89' lang='lat' dir='ltr'><strong>quam</strong></span> <span class='ocrx_word' id='word_1_449' title='bbox 1962 4117 2076 4171; x_wconf 89' lang='lat' dir='ltr'><strong>vir-</strong></span> 
     </span>
    </p>
   </div>
   <div class='ocr_carea' id='block_1_70' title="bbox 504 4199 2075 4275">
    <p class='ocr_par' dir='ltr' id='par_1_70' title="bbox 504 4199 2075 4275">
     <span class='ocr_line' id='line_1_70' title="bbox 504 4199 2075 4275; baseline 0.006 -21"><span class='ocrx_word' id='word_1_450' title='bbox 504 4199 635 4254; x_wconf 83' lang='lat' dir='ltr'><strong>tutis</strong></span> <span class='ocrx_word' id='word_1_451' title='bbox 664 4199 896 4254; x_wconf 90' lang='lat' dir='ltr'><strong>sudores</strong></span> <span class='ocrx_word' id='word_1_452' title='bbox 923 4200 1195 4256; x_wconf 87' lang='lat' dir='ltr'><strong>aluerunt.</strong></span> <span class='ocrx_word' id='word_1_453' title='bbox 1240 4201 1439 4257; x_wconf 84' lang='lat' dir='ltr'><strong>llortor</strong></span> <span class='ocrx_word' id='word_1_454' title='bbox 1489 4221 1618 4274; x_wconf 79' lang='lat' dir='ltr'><strong>ergo</strong></span> <span class='ocrx_word' id='word_1_455' title='bbox 1672 4207 1932 4275; x_wconf 72' lang='lat' dir='ltr'><strong>pietatem</strong></span> <span class='ocrx_word' id='word_1_456' title='bbox 1980 4225 2075 4264; x_wconf 92' lang='lat' dir='ltr'><strong>ve-</strong></span> 
     </span>
    </p>
   </div>
   <div class='ocr_carea' id='block_1_71' title="bbox 501 4293 2074 4371">
    <p class='ocr_par' dir='ltr' id='par_1_71' title="bbox 501 4293 2074 4371">
     <span class='ocr_line' id='line_1_71' title="bbox 501 4293 2074 4371; baseline 0.008 -28"><span class='ocrx_word' id='word_1_457' title='bbox 501 4297 691 4356; x_wconf 87' lang='lat' dir='ltr'><strong>stra&#39;m,</strong></span> <span class='ocrx_word' id='word_1_458' title='bbox 721 4300 780 4346; x_wconf 92' lang='lat' dir='ltr'><strong>ut</strong></span> <span class='ocrx_word' id='word_1_459' title='bbox 813 4293 991 4362; x_wconf 81' lang='lat' dir='ltr'><strong>gregis</strong></span> <span class='ocrx_word' id='word_1_460' title='bbox 1020 4295 1280 4363; x_wconf 87' lang='lat' dir='ltr'><strong>majorem</strong></span> <span class='ocrx_word' id='word_1_461' title='bbox 1321 4312 1466 4350; x_wconf 92' lang='lat' dir='ltr'><strong>nunc</strong></span> <span class='ocrx_word' id='word_1_462' title='bbox 1487 4315 1675 4352; x_wconf 89' lang='lat' dir='ltr'><strong>curam</strong></span> <span class='ocrx_word' id='word_1_463' title='bbox 1736 4301 2074 4371; x_wconf 90' lang='lat' dir='ltr'><strong>suscipiatis,</strong></span> 
     </span>
    </p>
   </div>
   <div class='ocr_carea' id='block_1_72' title="bbox 501 4385 2075 4458">
    <p class='ocr_par' dir='ltr' id='par_1_72' title="bbox 501 4385 2075 4458">
     <span class='ocr_line' id='line_1_72' title="bbox 501 4385 2075 4458; baseline 0.008 -23"><span class='ocrx_word' id='word_1_464' title='bbox 501 4391 665 4451; x_wconf 85' lang='lat' dir='ltr'><strong>atque</strong></span> <span class='ocrx_word' id='word_1_465' title='bbox 717 4385 865 4439; x_wconf 87' lang='lat' dir='ltr'><strong>hunc</strong></span> <span class='ocrx_word' id='word_1_466' title='bbox 913 4385 1139 4440; x_wconf 76' lang='lat' dir='ltr'><strong>illzesum</strong></span> <span class='ocrx_word' id='word_1_467' title='bbox 1185 4389 1391 4455; x_wconf 87' lang='lat' dir='ltr'><strong>pastori</strong></span> <span class='ocrx_word' id='word_1_468' title='bbox 1441 4391 1788 4458; x_wconf 90' lang='lat' dir='ltr'><strong>custodiatis,</strong></span> <span class='ocrx_word' id='word_1_469' title='bbox 1841 4403 1902 4447; x_wconf 94' lang='lat' dir='ltr'><strong>ut</strong></span> <span class='ocrx_word' id='word_1_470' title='bbox 1949 4409 2075 4447; x_wconf 90' lang='lat' dir='ltr'><strong>cum</strong></span> 
     </span>
    </p>
   </div>
   <div class='ocr_carea' id='block_1_73' title="bbox 502 4472 2074 4549">
    <p class='ocr_par' dir='ltr' id='par_1_73' title="bbox 502 4472 2074 4549">
     <span class='ocr_line' id='line_1_73' title="bbox 502 4472 2074 4549; baseline 0.008 -25"><span class='ocrx_word' id='word_1_471' title='bbox 502 4472 699 4526; x_wconf 85' lang='lat' dir='ltr'><strong>fiducia</strong></span> <span class='ocrx_word' id='word_1_472' title='bbox 735 4473 945 4542; x_wconf 77' lang='lat'><strong>1125</strong></span> <span class='ocrx_word' id='word_1_473' title='bbox 982 4477 1296 4543; x_wconf 76' lang='lat' dir='ltr'><strong>przeclaram</strong></span> <span class='ocrx_word' id='word_1_474' title='bbox 1335 4477 1480 4532; x_wconf 91' lang='lat' dir='ltr'><strong>illam</strong></span> <span class='ocrx_word' id='word_1_475' title='bbox 1526 4481 1851 4549; x_wconf 71' lang='lat' dir='ltr'><strong>patriarchze</strong></span> <span class='ocrx_word' id='word_1_476' title='bbox 1883 4499 2074 4538; x_wconf 86' lang='lat' dir='ltr'><strong>vocem</strong></span> 
     </span>
    </p>
   </div>
   <div class='ocr_carea' id='block_1_74' title="bbox 501 4565 1994 4638">
    <p class='ocr_par' dir='ltr' id='par_1_74' title="bbox 501 4565 1994 4638">
     <span class='ocr_line' id='line_1_74' title="bbox 501 4565 1994 4638; baseline 0.005 -23"><span class='ocrx_word' id='word_1_477' title='bbox 501 4565 776 4632; x_wconf 87' lang='lat' dir='ltr'><strong>usurpetis</strong></span> <span class='ocrx_word' id='word_1_478' title='bbox 807 4583 819 4617; x_wconf 93' lang='lat'>:</span> <span class='ocrx_word' id='word_1_479' title='bbox 860 4585 877 4615; x_wconf 86' lang='grc'><em>‹</em></span> <span class='ocrx_word' id='word_1_480' title='bbox 908 4565 1018 4620; x_wconf 80' lang='lat' dir='ltr'><strong>Nec</strong></span> <span class='ocrx_word' id='word_1_481' title='bbox 1041 4583 1068 4620; x_wconf 91' lang='lat' dir='ltr'><strong>a</strong></span> <span class='ocrx_word' id='word_1_482' title='bbox 1092 4567 1264 4622; x_wconf 87' lang='lat' dir='ltr'><strong>bestia</strong></span> <span class='ocrx_word' id='word_1_483' title='bbox 1288 4580 1506 4638; x_wconf 89' lang='lat' dir='ltr'><strong>captum</strong></span> <span class='ocrx_word' id='word_1_484' title='bbox 1541 4571 1718 4625; x_wconf 87' lang='lat' dir='ltr'><strong>obtuli</strong></span> <span class='ocrx_word' id='word_1_485' title='bbox 1751 4572 1847 4625; x_wconf 86' lang='lat' dir='ltr'><strong>tibi</strong></span> <span class='ocrx_word' id='word_1_486' title='bbox 1879 4571 1945 4626; x_wconf 60' lang='grc' dir='ltr'><strong>⁵ο.</strong></span> <span class='ocrx_word' id='word_1_487' title='bbox 1976 4593 1994 4623; x_wconf 74' lang='grc' dir='ltr'><strong>ι</strong></span> 
     </span>
    </p>
   </div>
   <div class='ocr_carea' id='block_1_75' title="bbox 2188 3288 3766 3360">
    <p class='ocr_par' dir='ltr' id='par_1_75' title="bbox 2188 3288 3766 3360">
     <span class='ocr_line' id='line_1_75' title="bbox 2188 3288 3766 3360; baseline -0.006 -17"><span class='ocrx_word' id='word_1_488' title='bbox 2188 3293 2395 3360; x_wconf 79' lang='grc' dir='ltr'>φοιτᾷν.</span> <span class='ocrx_word' id='word_1_489' title='bbox 2445 3289 2646 3341; x_wconf 81' lang='grc' dir='ltr'>Ἱκανὸν</span> <span class='ocrx_word' id='word_1_490' title='bbox 2686 3288 2741 3340; x_wconf 78' lang='grc' dir='ltr'><strong>δὲ</strong></span> <span class='ocrx_word' id='word_1_491' title='bbox 2776 3288 2931 3340; x_wconf 78' lang='grc' dir='ltr'>τοῦτο</span> <span class='ocrx_word' id='word_1_492' title='bbox 2975 3289 3068 3342; x_wconf 74' lang='grc' dir='ltr'><strong>καὶ</strong></span> <span class='ocrx_word' id='word_1_493' title='bbox 3102 3290 3295 3340; x_wconf 71' lang='grc' dir='ltr'>τεκεῖν</span> <span class='ocrx_word' id='word_1_494' title='bbox 3325 3288 3538 3356; x_wconf 81' lang='grc' dir='ltr'>φιλίαν,</span> <span class='ocrx_word' id='word_1_495' title='bbox 3573 3288 3662 3338; x_wconf 74' lang='grc' dir='ltr'><strong>καὶ</strong></span> <span class='ocrx_word' id='word_1_496' title='bbox 3690 3301 3766 3336; x_wconf 77' lang='grc' dir='ltr'>τε·</span> 
     </span>
    </p>
   </div>
   <div class='ocr_carea' id='block_1_76' title="bbox 2184 3376 3763 3452">
    <p class='ocr_par' dir='ltr' id='par_1_76' title="bbox 2184 3376 3763 3452">
     <span class='ocr_line' id='line_1_76' title="bbox 2184 3376 3763 3452; baseline 0.005 -2"><span class='ocrx_word' id='word_1_497' title='bbox 2184 3382 2402 3452; x_wconf 79' lang='grc' dir='ltr'>Χοεῖσαν</span> <span class='ocrx_word' id='word_1_498' title='bbox 2427 3381 2676 3449; x_wconf 69' lang='grc' dir='ltr'>αὐξῆσαι.</span> <span class='ocrx_word' id='word_1_499' title='bbox 2710 3382 2769 3432; x_wconf 75' lang='lat' dir='ltr'><strong>Ei</strong></span> <span class='ocrx_word' id='word_1_500' title='bbox 2807 3380 2863 3431; x_wconf 81' lang='grc' dir='ltr'><strong>δὲ</strong></span> <span class='ocrx_word' id='word_1_501' title='bbox 2899 3379 3174 3448; x_wconf 66' lang='grc' dir='ltr'><strong>βούλεπθεν</strong></span> <span class='ocrx_word' id='word_1_502' title='bbox 3204 3383 3314 3431; x_wconf 57' lang='grc' dir='ltr'>καὶ</span> <span class='ocrx_word' id='word_1_503' title='bbox 3341 3379 3603 3449; x_wconf 80' lang='grc' dir='ltr'>πέμπτην</span> <span class='ocrx_word' id='word_1_504' title='bbox 3629 3376 3732 3448; x_wconf 63' lang='grc' dir='ltr'><strong>ἐρῶ</strong></span> <span class='ocrx_word' id='word_1_505' title='bbox 3751 3393 3763 3406; x_wconf 71' lang='grc'><strong>’</strong></span> 
     </span>
    </p>
   </div>
   <div class='ocr_carea' id='block_1_77' title="bbox 2183 3469 3768 3546">
    <p class='ocr_par' dir='ltr' id='par_1_77' title="bbox 2183 3469 3768 3546">
     <span class='ocr_line' id='line_1_77' title="bbox 2183 3469 3768 3546; baseline -0.004 -21"><span class='ocrx_word' id='word_1_506' title='bbox 2183 3476 2248 3545; x_wconf 79' lang='grc' dir='ltr'>ἣν</span> <span class='ocrx_word' id='word_1_507' title='bbox 2293 3475 2517 3546; x_wconf 80' lang='grc' dir='ltr'>παρέχει</span> <span class='ocrx_word' id='word_1_508' title='bbox 2570 3473 2867 3540; x_wconf 83' lang='grc' dir='ltr'>συνάφειαν</span> <span class='ocrx_word' id='word_1_509' title='bbox 2903 3471 3119 3539; x_wconf 85' lang='grc' dir='ltr'>γλῶττα</span> <span class='ocrx_word' id='word_1_510' title='bbox 3165 3471 3318 3539; x_wconf 65' lang='grc' dir='ltr'>πρξς</span> <span class='ocrx_word' id='word_1_511' title='bbox 3362 3471 3538 3542; x_wconf 78' lang='grc' dir='ltr'>ἀκοὴν</span> <span class='ocrx_word' id='word_1_512' title='bbox 3585 3473 3638 3539; x_wconf 85' lang='grc' dir='ltr'>(ἡ</span> <span class='ocrx_word' id='word_1_513' title='bbox 3678 3469 3768 3538; x_wconf 71' lang='grc' dir='ltr'>μὲν</span> 
     </span>
    </p>
   </div>
   <div class='ocr_carea' id='block_1_78' title="bbox 2183 3562 3766 3636">
    <p class='ocr_par' dir='ltr' id='par_1_78' title="bbox 2183 3562 3766 3636">
     <span class='ocr_line' id='line_1_78' title="bbox 2183 3562 3766 3636; baseline -0.003 -18"><span class='ocrx_word' id='word_1_514' title='bbox 2183 3566 2288 3634; x_wconf 76' lang='grc' dir='ltr'>γὰρ</span> <span class='ocrx_word' id='word_1_515' title='bbox 2329 3566 2588 3636; x_wconf 77' lang='grc' dir='ltr'>προφέρει</span> <span class='ocrx_word' id='word_1_516' title='bbox 2637 3565 2759 3626; x_wconf 73' lang='grc' dir='ltr'>τοὺς</span> <span class='ocrx_word' id='word_1_517' title='bbox 2793 3563 3002 3630; x_wconf 77' lang='grc' dir='ltr'>λόγους,</span> <span class='ocrx_word' id='word_1_518' title='bbox 3037 3565 3068 3633; x_wconf 86' lang='grc' dir='ltr'>ἡ</span> <span class='ocrx_word' id='word_1_519' title='bbox 3117 3562 3174 3614; x_wconf 83' lang='grc' dir='ltr'><strong>δὲ</strong></span> <span class='ocrx_word' id='word_1_520' title='bbox 3217 3562 3454 3634; x_wconf 78' lang='grc' dir='ltr'>δέχεται</span> <span class='ocrx_word' id='word_1_521' title='bbox 3511 3562 3766 3624; x_wconf 78' lang='grc' dir='ltr'>τούτους),</span> 
     </span>
    </p>
   </div>
   <div class='ocr_carea' id='block_1_79' title="bbox 2180 3653 3769 3726">
    <p class='ocr_par' dir='ltr' id='par_1_79' title="bbox 2180 3653 3769 3726">
     <span class='ocr_line' id='line_1_79' title="bbox 2180 3653 3769 3726; baseline -0.003 -18"><span class='ocrx_word' id='word_1_522' title='bbox 2180 3657 2382 3726; x_wconf 84' lang='grc' dir='ltr'>ταύτην</span> <span class='ocrx_word' id='word_1_523' title='bbox 2414 3657 2504 3708; x_wconf 80' lang='grc' dir='ltr'><strong>καὶ</strong></span> <span class='ocrx_word' id='word_1_524' title='bbox 2535 3658 2693 3726; x_wconf 74' lang='grc' dir='ltr'>ἡμεῖς</span> <span class='ocrx_word' id='word_1_525' title='bbox 2725 3655 2918 3725; x_wconf 84' lang='grc' dir='ltr'>ἔχομεν</span> <span class='ocrx_word' id='word_1_526' title='bbox 2953 3653 3089 3724; x_wconf 74' lang='grc' dir='ltr'>πρὸς</span> <span class='ocrx_word' id='word_1_527' title='bbox 3119 3655 3294 3723; x_wconf 71' lang='grc' dir='ltr'>ὑμᾶς.</span> <span class='ocrx_word' id='word_1_528' title='bbox 3334 3656 3449 3708; x_wconf 81' lang='grc' dir='ltr'>Καὶ</span> <span class='ocrx_word' id='word_1_529' title='bbox 3476 3655 3588 3726; x_wconf 74' lang='grc' dir='ltr'>γὰρ</span> <span class='ocrx_word' id='word_1_530' title='bbox 3623 3655 3769 3722; x_wconf 76' lang='grc' dir='ltr'>ὑμεῖς</span> 
     </span>
    </p>
   </div>
   <div class='ocr_carea' id='block_1_80' title="bbox 2182 3741 3768 3815">
    <p class='ocr_par' dir='ltr' id='par_1_80' title="bbox 2182 3741 3768 3815">
     <span class='ocr_line' id='line_1_80' title="bbox 2182 3741 3768 3815; baseline -0.004 -17"><span class='ocrx_word' id='word_1_531' title='bbox 2182 3747 2371 3815; x_wconf 73' lang='grc' dir='ltr'>ἥδιστα</span> <span class='ocrx_word' id='word_1_532' title='bbox 2416 3745 2523 3796; x_wconf 90' lang='grc' dir='ltr'><strong>τῶν</strong></span> <span class='ocrx_word' id='word_1_533' title='bbox 2578 3744 2860 3814; x_wconf 84' lang='grc' dir='ltr'>ἡμετέρων</span> <span class='ocrx_word' id='word_1_534' title='bbox 2905 3742 3199 3796; x_wconf 84' lang='grc' dir='ltr'>ὲπακούετε</span> <span class='ocrx_word' id='word_1_535' title='bbox 3236 3743 3450 3812; x_wconf 84' lang='grc' dir='ltr'>λόγων,</span> <span class='ocrx_word' id='word_1_536' title='bbox 3496 3742 3651 3812; x_wconf 84' lang='grc' dir='ltr'><strong>κάγὼ</strong></span> <span class='ocrx_word' id='word_1_537' title='bbox 3679 3741 3768 3812; x_wconf 78' lang='grc' dir='ltr'>τὴν</span> 
     </span>
    </p>
   </div>
   <div class='ocr_carea' id='block_1_81' title="bbox 2181 3834 3768 3905">
    <p class='ocr_par' dir='ltr' id='par_1_81' title="bbox 2181 3834 3768 3905">
     <span class='ocr_line' id='line_1_81' title="bbox 2181 3834 3768 3905; baseline -0.003 -17"><span class='ocrx_word' id='word_1_538' title='bbox 2181 3836 2370 3890; x_wconf 79' lang='grc' dir='ltr'>λιϐάδα</span> <span class='ocrx_word' id='word_1_539' title='bbox 2411 3853 2511 3904; x_wconf 88' lang='grc' dir='ltr'><strong>μου</strong></span> <span class='ocrx_word' id='word_1_540' title='bbox 2549 3835 2646 3905; x_wconf 85' lang='grc' dir='ltr'>τὴν</span> <span class='ocrx_word' id='word_1_541' title='bbox 2679 3835 2917 3905; x_wconf 75' lang='grc' dir='ltr'>σμικρὰν</span> <span class='ocrx_word' id='word_1_542' title='bbox 2953 3835 3238 3896; x_wconf 73' lang='grc' dir='ltr'>ἀσπασίως</span> <span class='ocrx_word' id='word_1_543' title='bbox 3278 3838 3365 3899; x_wconf 71' lang='grc' dir='ltr'><strong>εἰς</strong></span> <span class='ocrx_word' id='word_1_544' title='bbox 3407 3838 3559 3905; x_wconf 79' lang='grc' dir='ltr'>ὑμᾶς</span> <span class='ocrx_word' id='word_1_545' title='bbox 3592 3834 3768 3888; x_wconf 86' lang='grc' dir='ltr'>ἀναλί-</span> 
     </span>
    </p>
   </div>
   <div class='ocr_carea' id='block_1_82' title="bbox 2182 3925 3766 3996">
    <p class='ocr_par' dir='ltr' id='par_1_82' title="bbox 2182 3925 3766 3996">
     <span class='ocr_line' id='line_1_82' title="bbox 2182 3925 3766 3996; baseline -0.002 -16"><span class='ocrx_word' id='word_1_546' title='bbox 2182 3946 2316 3980; x_wconf 86' lang='grc' dir='ltr'>σκω.</span> <span class='ocrx_word' id='word_1_547' title='bbox 2360 3928 2417 3980; x_wconf 82' lang='grc' dir='ltr'>ὐ</span> <span class='ocrx_word' id='word_1_548' title='bbox 2449 3927 2504 3979; x_wconf 80' lang='grc' dir='ltr'>δὲ</span> <span class='ocrx_word' id='word_1_549' title='bbox 2543 3926 2783 3993; x_wconf 78' lang='grc' dir='ltr'>κολοφὼν</span> <span class='ocrx_word' id='word_1_550' title='bbox 2812 3926 2909 3994; x_wconf 86' lang='grc' dir='ltr'><strong>τῆς</strong></span> <span class='ocrx_word' id='word_1_551' title='bbox 2943 3925 3208 3987; x_wconf 84' lang='grc' dir='ltr'>ὲνὼσεως,</span> <span class='ocrx_word' id='word_1_552' title='bbox 3261 3928 3296 3996; x_wconf 82' lang='grc' dir='ltr'>ἡ</span> <span class='ocrx_word' id='word_1_553' title='bbox 3349 3927 3644 3996; x_wconf 79' lang='grc' dir='ltr'>συμφωνία</span> <span class='ocrx_word' id='word_1_554' title='bbox 3677 3926 3766 3994; x_wconf 77' lang='grc' dir='ltr'>τῆς</span> 
     </span>
    </p>
   </div>
   <div class='ocr_carea' id='block_1_83' title="bbox 2181 4013 3766 4086">
    <p class='ocr_par' dir='ltr' id='par_1_83' title="bbox 2181 4013 3766 4086">
     <span class='ocr_line' id='line_1_83' title="bbox 2181 4013 3766 4086; baseline -0.003 -17"><span class='ocrx_word' id='word_1_555' title='bbox 2181 4017 2442 4078; x_wconf 83' lang='grc' dir='ltr'>πίστεως·</span> <span class='ocrx_word' id='word_1_556' title='bbox 2462 4015 2523 4067; x_wconf 77' lang='grc' dir='ltr'>τὸ</span> <span class='ocrx_word' id='word_1_557' title='bbox 2550 4015 2715 4084; x_wconf 78' lang='grc' dir='ltr'>μηδὲν</span> <span class='ocrx_word' id='word_1_558' title='bbox 2739 4013 2844 4066; x_wconf 86' lang='grc' dir='ltr'><strong>τῶν</strong></span> <span class='ocrx_word' id='word_1_559' title='bbox 2875 4013 3043 4066; x_wconf 83' lang='grc' dir='ltr'>νόθων</span> <span class='ocrx_word' id='word_1_560' title='bbox 3065 4015 3426 4079; x_wconf 78' lang='grc' dir='ltr'>εἰσδέξασθαι</span> <span class='ocrx_word' id='word_1_561' title='bbox 3457 4017 3766 4086; x_wconf 84' lang='grc' dir='ltr'>δογμάτων,</span> 
     </span>
    </p>
   </div>
   <div class='ocr_carea' id='block_1_84' title="bbox 2179 4106 3770 4178">
    <p class='ocr_par' dir='ltr' id='par_1_84' title="bbox 2179 4106 3770 4178">
     <span class='ocr_line' id='line_1_84' title="bbox 2179 4106 3770 4178; baseline -0.005 -14"><span class='ocrx_word' id='word_1_562' title='bbox 2179 4111 2313 4164; x_wconf 86' lang='grc' dir='ltr'><strong>ἀλλά</strong></span> <span class='ocrx_word' id='word_1_563' title='bbox 2340 4108 2436 4178; x_wconf 85' lang='grc' dir='ltr'><strong>τὴν</strong></span> <span class='ocrx_word' id='word_1_564' title='bbox 2472 4107 2703 4160; x_wconf 77' lang='grc' dir='ltr'>παλαιάν</span> <span class='ocrx_word' id='word_1_565' title='bbox 2744 4106 2957 4177; x_wconf 86' lang='grc' dir='ltr'>ὲκείνην</span> <span class='ocrx_word' id='word_1_566' title='bbox 3004 4106 3097 4159; x_wconf 71' lang='grc' dir='ltr'><strong>καὶ</strong></span> <span class='ocrx_word' id='word_1_567' title='bbox 3144 4107 3534 4178; x_wconf 73' lang='grc' dir='ltr'>ἀποστολικὴν</span> <span class='ocrx_word' id='word_1_568' title='bbox 3577 4107 3770 4176; x_wconf 79' lang='grc' dir='ltr'>φυλάτ-</span> 
     </span>
    </p>
   </div>
   <div class='ocr_carea' id='block_1_85' title="bbox 2176 4187 3772 4271">
    <p class='ocr_par' dir='ltr' id='par_1_85' title="bbox 2176 4187 3772 4271">
     <span class='ocr_line' id='line_1_85' title="bbox 2176 4187 3772 4271; baseline -0.006 -12"><span class='ocrx_word' id='word_1_569' title='bbox 2176 4222 2290 4259; x_wconf 85' lang='grc' dir='ltr'>τειν</span> <span class='ocrx_word' id='word_1_570' title='bbox 2328 4201 2695 4265; x_wconf 83' lang='grc' dir='ltr'>διδασκαλίαν,</span> <span class='ocrx_word' id='word_1_571' title='bbox 2730 4187 2802 4271; x_wconf 57' lang='grc' dir='ltr'><strong>’ἣν</strong></span> <span class='ocrx_word' id='word_1_572' title='bbox 2840 4203 2872 4270; x_wconf 84' lang='grc' dir='ltr'>ἡ</span> <span class='ocrx_word' id='word_1_573' title='bbox 2910 4199 3183 4270; x_wconf 84' lang='grc' dir='ltr'>σεϐασμία</span> <span class='ocrx_word' id='word_1_574' title='bbox 3218 4201 3356 4270; x_wconf 85' lang='grc' dir='ltr'>ὑμῖν</span> <span class='ocrx_word' id='word_1_575' title='bbox 3406 4205 3772 4271; x_wconf 73' lang='grc' dir='ltr'>προσενήνοχς</span> 
     </span>
    </p>
   </div>
   <div class='ocr_carea' id='block_1_86' title="bbox 2177 4290 3772 4366">
    <p class='ocr_par' dir='ltr' id='par_1_86' title="bbox 2177 4290 3772 4366">
     <span class='ocr_line' id='line_1_86' title="bbox 2177 4290 3772 4366; baseline -0.006 -15"><span class='ocrx_word' id='word_1_576' title='bbox 2177 4296 2360 4359; x_wconf 79' lang='grc' dir='ltr'>πολιὰ,</span> <span class='ocrx_word' id='word_1_577' title='bbox 2389 4297 2454 4366; x_wconf 71' lang='grc' dir='ltr'>ἣν</span> <span class='ocrx_word' id='word_1_578' title='bbox 2482 4295 2681 4364; x_wconf 74' lang='grc' dir='ltr'>ἀρετῆς</span> <span class='ocrx_word' id='word_1_579' title='bbox 2715 4292 2936 4363; x_wconf 80' lang='grc' dir='ltr'>ἱδρῶτες</span> <span class='ocrx_word' id='word_1_580' title='bbox 2959 4291 3278 4360; x_wconf 70' lang='grc' dir='ltr'>έξέθρεψαν.</span> <span class='ocrx_word' id='word_1_581' title='bbox 3312 4293 3642 4364; x_wconf 83' lang='grc' dir='ltr'>Παρακαλῶ</span> <span class='ocrx_word' id='word_1_582' title='bbox 3665 4290 3772 4343; x_wconf 82' lang='grc' dir='ltr'>τοί-</span> 
     </span>
    </p>
   </div>
   <div class='ocr_carea' id='block_1_87' title="bbox 2176 4383 3776 4458">
    <p class='ocr_par' dir='ltr' id='par_1_87' title="bbox 2176 4383 3776 4458">
     <span class='ocr_line' id='line_1_87' title="bbox 2176 4383 3776 4458; baseline -0.005 -16"><span class='ocrx_word' id='word_1_583' title='bbox 2176 4396 2270 4443; x_wconf 77' lang='grc' dir='ltr'><strong>νυν</strong></span> <span class='ocrx_word' id='word_1_584' title='bbox 2313 4389 2412 4458; x_wconf 77' lang='grc' dir='ltr'><strong>τὴν</strong></span> <span class='ocrx_word' id='word_1_585' title='bbox 2445 4385 2712 4456; x_wconf 85' lang='grc' dir='ltr'>ὑμετέραν</span> <span class='ocrx_word' id='word_1_586' title='bbox 2750 4383 3058 4436; x_wconf 79' lang='grc' dir='ltr'>θεοσέϐειαν</span> <span class='ocrx_word' id='word_1_587' title='bbox 3092 4383 3186 4435; x_wconf 74' lang='grc' dir='ltr'>νῦν</span> <span class='ocrx_word' id='word_1_588' title='bbox 3232 4385 3476 4439; x_wconf 85' lang='grc' dir='ltr'>πλείονα</span> <span class='ocrx_word' id='word_1_589' title='bbox 3519 4385 3624 4454; x_wconf 80' lang='grc' dir='ltr'>τῆς</span> <span class='ocrx_word' id='word_1_590' title='bbox 3663 4384 3776 4436; x_wconf 88' lang='grc' dir='ltr'>ποί-</span> 
     </span>
    </p>
   </div>
   <div class='ocr_carea' id='block_1_88' title="bbox 2181 4475 3774 4550">
    <p class='ocr_par' dir='ltr' id='par_1_88' title="bbox 2181 4475 3774 4550">
     <span class='ocr_line' id='line_1_88' title="bbox 2181 4475 3774 4550; baseline -0.004 -18"><span class='ocrx_word' id='word_1_591' title='bbox 2181 4495 2316 4550; x_wconf 90' lang='grc' dir='ltr'>μνης</span> <span class='ocrx_word' id='word_1_592' title='bbox 2351 4475 2681 4548; x_wconf 82' lang='grc' dir='ltr'>ποιήσασθαι</span> <span class='ocrx_word' id='word_1_593' title='bbox 2707 4475 3070 4546; x_wconf 82' lang='grc' dir='ltr'>προμήθειαν,</span> <span class='ocrx_word' id='word_1_594' title='bbox 3103 4476 3196 4528; x_wconf 79' lang='grc' dir='ltr'><strong>καὶ</strong></span> <span class='ocrx_word' id='word_1_595' title='bbox 3237 4477 3493 4545; x_wconf 80' lang='grc' dir='ltr'>φυλάξαι</span> <span class='ocrx_word' id='word_1_596' title='bbox 3535 4477 3616 4547; x_wconf 82' lang='grc' dir='ltr'>τῷ</span> <span class='ocrx_word' id='word_1_597' title='bbox 3663 4491 3774 4527; x_wconf 85' lang='grc' dir='ltr'>ποι-</span> 
     </span>
    </p>
   </div>
   <div class='ocr_carea' id='block_1_89' title="bbox 2184 4565 3780 4640">
    <p class='ocr_par' dir='ltr' id='par_1_89' title="bbox 2184 4565 3780 4640">
     <span class='ocr_line' id='line_1_89' title="bbox 2184 4565 3780 4640; baseline -0.003 -19"><span class='ocrx_word' id='word_1_598' title='bbox 2184 4569 2304 4640; x_wconf 90' lang='grc' dir='ltr'>μένι</span> <span class='ocrx_word' id='word_1_599' title='bbox 2335 4567 2538 4635; x_wconf 85' lang='grc' dir='ltr'>ταύτην</span> <span class='ocrx_word' id='word_1_600' title='bbox 2578 4565 2889 4636; x_wconf 84' lang='grc' dir='ltr'>ἀλώϐητον,</span> <span class='ocrx_word' id='word_1_601' title='bbox 2924 4565 3018 4619; x_wconf 67' lang='grc' dir='ltr'><strong>καὶ</strong></span> <span class='ocrx_word' id='word_1_602' title='bbox 3056 4566 3192 4636; x_wconf 88' lang='grc' dir='ltr'><strong>μετά</strong></span> <span class='ocrx_word' id='word_1_603' title='bbox 3228 4568 3568 4639; x_wconf 75' lang='grc' dir='ltr'>παρρησίας</span> <span class='ocrx_word' id='word_1_604' title='bbox 3611 4567 3780 4620; x_wconf 82' lang='grc' dir='ltr'>εἰπεῖν</span> 
     </span>
    </p>
   </div>
   <div class='ocr_carea' id='block_1_90' title="bbox 498 4654 2622 4734">
    <p class='ocr_par' dir='ltr' id='par_1_90' title="bbox 498 4654 2622 4734">
     <span class='ocr_line' id='line_1_90' title="bbox 498 4654 2622 4734; baseline 0.002 -28"><span class='ocrx_word' id='word_1_605' title='bbox 498 4654 590 4707; x_wconf 83' lang='grc' dir='ltr'><strong>τὸν</strong></span> <span class='ocrx_word' id='word_1_606' title='bbox 622 4656 931 4720; x_wconf 78' lang='grc' dir='ltr'>ἀξιέπαινον</span> <span class='ocrx_word' id='word_1_607' title='bbox 951 4658 1041 4711; x_wconf 76' lang='grc' dir='ltr'>τοῦ</span> <span class='ocrx_word' id='word_1_608' title='bbox 1067 4662 1402 4732; x_wconf 85' lang='grc' dir='ltr'>πατριάρχου</span> <span class='ocrx_word' id='word_1_609' title='bbox 1429 4661 1603 4729; x_wconf 74' lang='grc' dir='ltr'>λόγον’</span> <span class='ocrx_word' id='word_1_610' title='bbox 1638 4683 1654 4714; x_wconf 85' lang='grc' dir='ltr'><strong>ι</strong></span> <span class='ocrx_word' id='word_1_611' title='bbox 1690 4663 2037 4734; x_wconf 86' lang='grc' dir='ltr'>Θηριάλωτον</span> <span class='ocrx_word' id='word_1_612' title='bbox 2062 4666 2162 4718; x_wconf 87' lang='grc' dir='ltr'><strong>οὐκ</strong></span> <span class='ocrx_word' id='word_1_613' title='bbox 2195 4660 2424 4732; x_wconf 79' lang='grc' dir='ltr'>ὲνήνοχά</span> <span class='ocrx_word' id='word_1_614' title='bbox 2460 4677 2563 4712; x_wconf 85' lang='grc' dir='ltr'>σοι.</span> <span class='ocrx_word' id='word_1_615' title='bbox 2604 4678 2622 4711; x_wconf 75' lang='grc' dir='ltr'><strong>ι</strong></span> 
     </span>
    </p>
   </div>
   <div class='ocr_carea' id='block_1_91' title="bbox 779 4769 1788 4845">
    <p class='ocr_par' dir='ltr' id='par_1_91' title="bbox 779 4769 1788 4845">
     <span class='ocr_line' id='line_1_91' title="bbox 779 4769 1788 4845; baseline 0.007 -24"><span class='ocrx_word' id='word_1_616' title='bbox 779 4769 1310 4826; x_wconf 77' lang='lat' dir='ltr'><strong>l.XXVl.—-Uram&#39;o</strong></span> <span class='ocrx_word' id='word_1_617' title='bbox 1356 4774 1567 4843; x_wconf 79' lang='lat' dir='ltr'><strong>prwsidi</strong></span> <span class='ocrx_word' id='word_1_618' title='bbox 1609 4773 1788 4845; x_wconf 82' lang='lat' dir='ltr'><strong>Cypri.</strong></span> 
     </span>
    </p>
   </div>
   <div class='ocr_carea' id='block_1_92' title="bbox 572 4876 2072 4954">
    <p class='ocr_par' dir='ltr' id='par_1_92' title="bbox 572 4876 2072 4954">
     <span class='ocr_line' id='line_1_92' title="bbox 572 4876 2072 4954; baseline 0.005 -23"><span class='ocrx_word' id='word_1_619' title='bbox 572 4876 851 4931; x_wconf 87' lang='lat' dir='ltr'><strong>Sineeram</strong></span> <span class='ocrx_word' id='word_1_620' title='bbox 903 4878 1194 4933; x_wconf 87' lang='lat' dir='ltr'><strong>amicitiam</strong></span> <span class='ocrx_word' id='word_1_621' title='bbox 1245 4881 1537 4950; x_wconf 60' lang='lat' dir='ltr'><strong>praesentia</strong></span> <span class='ocrx_word' id='word_1_622' title='bbox 1591 4884 1934 4954; x_wconf 84' lang='lat' dir='ltr'><strong>corroborat,</strong></span> <span class='ocrx_word' id='word_1_623' title='bbox 1990 4886 2072 4940; x_wconf 90' lang='lat' dir='ltr'><strong>lo-</strong></span> 
     </span>
    </p>
   </div>
   <div class='ocr_carea' id='block_1_93' title="bbox 499 4967 2074 5044">
    <p class='ocr_par' dir='ltr' id='par_1_93' title="bbox 499 4967 2074 5044">
     <span class='ocr_line' id='line_1_93' title="bbox 499 4967 2074 5044; baseline 0.005 -24"><span class='ocrx_word' id='word_1_624' title='bbox 499 4982 688 5021; x_wconf 86' lang='lat' dir='ltr'><strong>eorum</strong></span> <span class='ocrx_word' id='word_1_625' title='bbox 736 4978 919 5022; x_wconf 77' lang='lat' dir='ltr'><strong>autem</strong></span> <span class='ocrx_word' id='word_1_626' title='bbox 961 4967 1221 5022; x_wconf 90' lang='lat' dir='ltr'><strong>distantia</strong></span> <span class='ocrx_word' id='word_1_627' title='bbox 1255 4985 1365 5023; x_wconf 89' lang='lat' dir='ltr'><strong>non</strong></span> <span class='ocrx_word' id='word_1_628' title='bbox 1407 4970 1633 5024; x_wconf 90' lang='lat' dir='ltr'><strong>dirimit.</strong></span> <span class='ocrx_word' id='word_1_629' title='bbox 1660 4973 1845 5026; x_wconf 83' lang='lat' dir='ltr'><strong>Valida</strong></span> <span class='ocrx_word' id='word_1_630' title='bbox 1871 4975 2074 5044; x_wconf 89' lang='lat' dir='ltr'><strong>quippe</strong></span> 
     </span>
    </p>
   </div>
   <div class='ocr_carea' id='block_1_94' title="bbox 500 5053 2075 5131">
    <p class='ocr_par' dir='ltr' id='par_1_94' title="bbox 500 5053 2075 5131">
     <span class='ocr_line' id='line_1_94' title="bbox 500 5053 2075 5131; baseline 0.006 -19"><span class='ocrx_word' id='word_1_631' title='bbox 500 5053 664 5131; x_wconf 86' lang='lat' dir='ltr'><strong>hujus</strong></span> <span class='ocrx_word' id='word_1_632' title='bbox 683 5071 810 5114; x_wconf 93' lang='lat' dir='ltr'><strong>sunt</strong></span> <span class='ocrx_word' id='word_1_633' title='bbox 830 5060 1069 5114; x_wconf 86' lang='lat' dir='ltr'><strong>vincula.</strong></span> <span class='ocrx_word' id='word_1_634' title='bbox 1111 5059 1267 5124; x_wconf 84' lang='lat' dir='ltr'><strong>Quod</strong></span> <span class='ocrx_word' id='word_1_635' title='bbox 1297 5060 1520 5129; x_wconf 88' lang='lat' dir='ltr'><strong>quidem</strong></span> <span class='ocrx_word' id='word_1_636' title='bbox 1556 5072 1612 5116; x_wconf 90' lang='lat' dir='ltr'><strong>et</strong></span> <span class='ocrx_word' id='word_1_637' title='bbox 1639 5079 1704 5116; x_wconf 80' lang='lat' dir='ltr'><strong>ex</strong></span> <span class='ocrx_word' id='word_1_638' title='bbox 1735 5065 1858 5119; x_wconf 86' lang='lat' dir='ltr'><strong>aliis</strong></span> <span class='ocrx_word' id='word_1_639' title='bbox 1888 5067 2075 5122; x_wconf 89' lang='lat' dir='ltr'><strong>multis</strong></span> 
     </span>
    </p>
   </div>
   <div class='ocr_carea' id='block_1_95' title="bbox 498 5149 2072 5218">
    <p class='ocr_par' dir='ltr' id='par_1_95' title="bbox 498 5149 2072 5218">
     <span class='ocr_line' id='line_1_95' title="bbox 498 5149 2072 5218; baseline 0.008 -17"><span class='ocrx_word' id='word_1_640' title='bbox 498 5162 827 5218; x_wconf 79' lang='lat' dir='ltr'><strong>cognoscere</strong></span> <span class='ocrx_word' id='word_1_641' title='bbox 871 5149 1034 5202; x_wconf 91' lang='lat' dir='ltr'><strong>estin</strong></span> <span class='ocrx_word' id='word_1_642' title='bbox 1063 5161 1318 5218; x_wconf 91' lang='lat' dir='ltr'><strong>promptu</strong></span> <span class='ocrx_word' id='word_1_643' title='bbox 1359 5167 1372 5201; x_wconf 91' lang='lat'><strong>:</strong></span> <span class='ocrx_word' id='word_1_644' title='bbox 1415 5151 1509 5205; x_wconf 87' lang='lat' dir='ltr'><strong>sed</strong></span> <span class='ocrx_word' id='word_1_645' title='bbox 1537 5152 1604 5205; x_wconf 88' lang='lat' dir='ltr'><strong>ad</strong></span> <span class='ocrx_word' id='word_1_646' title='bbox 1627 5153 1757 5208; x_wconf 85' lang='lat' dir='ltr'><strong>dicti</strong></span> <span class='ocrx_word' id='word_1_647' title='bbox 1783 5156 2072 5212; x_wconf 85' lang='lat' dir='ltr'><strong>veritatem</strong></span> 
     </span>
    </p>
   </div>
   <div class='ocr_carea' id='block_1_96' title="bbox 500 5239 2070 5306">
    <p class='ocr_par' dir='ltr' id='par_1_96' title="bbox 500 5239 2070 5306">
     <span class='ocr_line' id='line_1_96' title="bbox 500 5239 2070 5306; baseline 0.006 -15"><span class='ocrx_word' id='word_1_648' title='bbox 500 5239 631 5292; x_wconf 82' lang='lat' dir='ltr'><strong>satis</strong></span> <span class='ocrx_word' id='word_1_649' title='bbox 661 5252 781 5291; x_wconf 86' lang='lat' dir='ltr'><strong>esse</strong></span> <span class='ocrx_word' id='word_1_650' title='bbox 805 5246 1037 5306; x_wconf 89' lang='lat' dir='ltr'><strong>possunt</strong></span> <span class='ocrx_word' id='word_1_651' title='bbox 1065 5253 1152 5291; x_wconf 91' lang='lat' dir='ltr'><strong>res</strong></span> <span class='ocrx_word' id='word_1_652' title='bbox 1174 5246 1394 5292; x_wconf 68' lang='grc' dir='ltr'>ιιοειιτο.</span> <span class='ocrx_word' id='word_1_653' title='bbox 1439 5239 1606 5294; x_wconf 83' lang='lat' dir='ltr'><strong>Multa</strong></span> <span class='ocrx_word' id='word_1_654' title='bbox 1650 5242 1797 5295; x_wconf 87' lang='lat' dir='ltr'><strong>enim</strong></span> <span class='ocrx_word' id='word_1_655' title='bbox 1835 5259 1935 5298; x_wconf 90' lang='lat' dir='ltr'><strong>nos</strong></span> <span class='ocrx_word' id='word_1_656' title='bbox 1985 5260 2070 5300; x_wconf 89' lang='lat' dir='ltr'><strong>se-</strong></span> 
     </span>
    </p>
   </div>
   <div class='ocr_carea' id='block_1_97' title="bbox 499 5329 2070 5399">
    <p class='ocr_par' dir='ltr' id='par_1_97' title="bbox 499 5329 2070 5399">
     <span class='ocr_line' id='line_1_97' title="bbox 499 5329 2070 5399; baseline 0.006 -18"><span class='ocrx_word' id='word_1_657' title='bbox 499 5330 752 5399; x_wconf 80' lang='lat' dir='ltr'><strong>jungunt,</strong></span> <span class='ocrx_word' id='word_1_658' title='bbox 794 5337 850 5381; x_wconf 89' lang='lat' dir='ltr'><strong>et</strong></span> <span class='ocrx_word' id='word_1_659' title='bbox 877 5336 1110 5390; x_wconf 87' lang='lat' dir='ltr'><strong>montes,</strong></span> <span class='ocrx_word' id='word_1_660' title='bbox 1157 5338 1212 5382; x_wconf 92' lang='lat' dir='ltr'><strong>et</strong></span> <span class='ocrx_word' id='word_1_661' title='bbox 1260 5329 1444 5395; x_wconf 84' lang='lat' dir='ltr'><strong>urbes,</strong></span> <span class='ocrx_word' id='word_1_662' title='bbox 1474 5340 1529 5385; x_wconf 93' lang='lat' dir='ltr'><strong>et</strong></span> <span class='ocrx_word' id='word_1_663' title='bbox 1574 5348 1764 5388; x_wconf 91' lang='lat' dir='ltr'><strong>mare:</strong></span> <span class='ocrx_word' id='word_1_664' title='bbox 1803 5335 1936 5389; x_wconf 91' lang='lat' dir='ltr'><strong>nihil</strong></span> <span class='ocrx_word' id='word_1_665' title='bbox 1991 5347 2070 5390; x_wconf 86' lang='lat' dir='ltr'><strong>ta-</strong></span> 
     </span>
    </p>
   </div>
   <div class='ocr_carea' id='block_1_98' title="bbox 504 5419 2070 5489">
    <p class='ocr_par' dir='ltr' id='par_1_98' title="bbox 504 5419 2070 5489">
     <span class='ocr_line' id='line_1_98' title="bbox 504 5419 2070 5489; baseline 0.006 -18"><span class='ocrx_word' id='word_1_666' title='bbox 504 5435 626 5472; x_wconf 88' lang='lat' dir='ltr'><strong>men</strong></span> <span class='ocrx_word' id='word_1_667' title='bbox 670 5419 1086 5489; x_wconf 71' lang='lat' dir='ltr'><strong>magnificentiae</strong></span> <span class='ocrx_word' id='word_1_668' title='bbox 1115 5427 1218 5474; x_wconf 74' lang='lat' dir='ltr'><strong>tua:</strong></span> <span class='ocrx_word' id='word_1_669' title='bbox 1242 5421 1560 5475; x_wconf 87' lang='lat' dir='ltr'><strong>memoriam</strong></span> <span class='ocrx_word' id='word_1_670' title='bbox 1587 5425 1866 5479; x_wconf 70' lang='lat' dir='ltr'><strong>exstinxit.</strong></span> <span class='ocrx_word' id='word_1_671' title='bbox 1899 5427 2070 5481; x_wconf 89' lang='lat' dir='ltr'><strong>Simul</strong></span> 
     </span>
    </p>
   </div>
   <div class='ocr_carea' id='block_1_99' title="bbox 503 5510 2072 5586">
    <p class='ocr_par' dir='ltr' id='par_1_99' title="bbox 503 5510 2072 5586">
     <span class='ocr_line' id='line_1_99' title="bbox 503 5510 2072 5586; baseline 0.008 -24"><span class='ocrx_word' id='word_1_672' title='bbox 503 5525 566 5562; x_wconf 86' lang='lat' dir='ltr'><strong>ac.</strong></span> <span class='ocrx_word' id='word_1_673' title='bbox 589 5510 734 5563; x_wconf 93' lang='lat' dir='ltr'><strong>enim</strong></span> <span class='ocrx_word' id='word_1_674' title='bbox 768 5511 838 5564; x_wconf 90' lang='lat' dir='ltr'><strong>ab</strong></span> <span class='ocrx_word' id='word_1_675' title='bbox 871 5510 1104 5565; x_wconf 90' lang='lat' dir='ltr'><strong>urbibus</strong></span> <span class='ocrx_word' id='word_1_676' title='bbox 1138 5511 1246 5565; x_wconf 90' lang='lat' dir='ltr'><strong>illis</strong></span> <span class='ocrx_word' id='word_1_677' title='bbox 1268 5527 1388 5580; x_wconf 72' lang='lat' dir='ltr'><strong>qua:</strong></span> <span class='ocrx_word' id='word_1_678' title='bbox 1416 5515 1552 5568; x_wconf 90' lang='lat' dir='ltr'><strong>mari</strong></span> <span class='ocrx_word' id='word_1_679' title='bbox 1577 5515 1826 5586; x_wconf 83' lang='lat' dir='ltr'><strong>adjacent</strong></span> <span class='ocrx_word' id='word_1_680' title='bbox 1847 5519 2072 5574; x_wconf 87' lang='lat' dir='ltr'><strong>venien-</strong></span> 
     </span>
    </p>
   </div>
   <div class='ocr_carea' id='block_1_100' title="bbox 505 5603 2074 5678">
    <p class='ocr_par' dir='ltr' id='par_1_100' title="bbox 505 5603 2074 5678">
     <span class='ocr_line' id='line_1_100' title="bbox 505 5603 2074 5678; baseline 0.008 -28"><span class='ocrx_word' id='word_1_681' title='bbox 505 5609 611 5653; x_wconf 85' lang='lat' dir='ltr'><strong>tem</strong></span> <span class='ocrx_word' id='word_1_682' title='bbox 662 5604 940 5657; x_wconf 85' lang='lat' dir='ltr'><strong>ccrnimus</strong></span> <span class='ocrx_word' id='word_1_683' title='bbox 992 5603 1254 5672; x_wconf 88' lang='lat' dir='ltr'><strong>aliquem,</strong></span> <span class='ocrx_word' id='word_1_684' title='bbox 1306 5619 1430 5656; x_wconf 63' lang='lat' dir='ltr'><strong>mox</strong></span> <span class='ocrx_word' id='word_1_685' title='bbox 1454 5605 1690 5675; x_wconf 73' lang='lat' dir='ltr'><strong>Cyprum</strong></span> <span class='ocrx_word' id='word_1_686' title='bbox 1718 5619 1772 5660; x_wconf 84' lang='lat' dir='ltr'><strong>et</strong></span> <span class='ocrx_word' id='word_1_687' title='bbox 1800 5611 2074 5678; x_wconf 70' lang='lat' dir='ltr'><strong>egregium</strong></span> 
     </span>
    </p>
   </div>
   <div class='ocr_carea' id='block_1_101' title="bbox 502 5691 2077 5764">
    <p class='ocr_par' dir='ltr' id='par_1_101' title="bbox 502 5691 2077 5764">
     <span class='ocr_line' id='line_1_101' title="bbox 502 5691 2077 5764; baseline 0.01 -24"><span class='ocrx_word' id='word_1_688' title='bbox 502 5691 622 5756; x_wconf 81' lang='lat' dir='ltr'><strong>ejus</strong></span> <span class='ocrx_word' id='word_1_689' title='bbox 674 5702 940 5748; x_wconf 89' lang='lat' dir='ltr'><strong>rectorem</strong></span> <span class='ocrx_word' id='word_1_690' title='bbox 984 5710 1164 5749; x_wconf 87' lang='lat' dir='ltr'><strong>sermo</strong></span> <span class='ocrx_word' id='word_1_691' title='bbox 1213 5693 1466 5762; x_wconf 86' lang='lat' dir='ltr'><strong>producit</strong></span> <span class='ocrx_word' id='word_1_692' title='bbox 1522 5696 1575 5748; x_wconf 90' lang='lat' dir='ltr'><strong>in</strong></span> <span class='ocrx_word' id='word_1_693' title='bbox 1630 5697 1889 5764; x_wconf 78' lang='lat' dir='ltr'><strong>taedium,</strong></span> <span class='ocrx_word' id='word_1_694' title='bbox 1927 5700 2077 5754; x_wconf 70' lang='lat' dir='ltr'><strong>lecta-</strong></span> 
     </span>
    </p>
   </div>
   <div class='ocr_carea' id='block_1_102' title="bbox 572 5840 1074 5911">
    <p class='ocr_par' dir='ltr' id='par_1_102' title="bbox 572 5840 1074 5911">
     <span class='ocr_line' id='line_1_102' title="bbox 572 5840 1074 5911; baseline 0.012 -16"><span class='ocrx_word' id='word_1_695' title='bbox 572 5840 617 5870; x_wconf 76' lang='lat'>&quot;</span> <span class='ocrx_word' id='word_1_696' title='bbox 647 5841 780 5896; x_wconf 86' lang='lat' dir='ltr'><strong>Cen.</strong></span> <span class='ocrx_word' id='word_1_697' title='bbox 814 5861 956 5911; x_wconf 73' lang='lat' dir='ltr'><strong>mu,</strong></span> <span class='ocrx_word' id='word_1_698' title='bbox 989 5846 1074 5901; x_wconf 76' lang='lat'><strong>59.</strong></span> 
     </span>
    </p>
   </div>
   <div class='ocr_carea' id='block_1_103' title="bbox 2390 4771 3544 4843">
    <p class='ocr_par' dir='ltr' id='par_1_103' title="bbox 2390 4771 3544 4843">
     <span class='ocr_line' id='line_1_103' title="bbox 2390 4771 3544 4843; baseline 0.003 -17"><span class='ocrx_word' id='word_1_699' title='bbox 2390 4773 2526 4838; x_wconf 61' lang='lat' dir='ltr'><strong>0C7.</strong></span> <span class='ocrx_word' id='word_1_700' title='bbox 2566 4801 2632 4810; x_wconf 84' lang='lat'><strong>——-</strong></span> <span class='ocrx_word' id='word_1_701' title='bbox 2668 4773 2934 4843; x_wconf 62' lang='grc' dir='ltr'>Οὐρανιξῳ</span> <span class='ocrx_word' id='word_1_702' title='bbox 2976 4771 3217 4840; x_wconf 81' lang='grc' dir='ltr'>ἄρχοντι</span> <span class='ocrx_word' id='word_1_703' title='bbox 3252 4775 3544 4840; x_wconf 71' lang='grc' dir='ltr'>Κύπρου.</span> 
     </span>
    </p>
   </div>
   <div class='ocr_carea' id='block_1_104' title="bbox 2243 4884 3779 4956">
    <p class='ocr_par' dir='ltr' id='par_1_104' title="bbox 2243 4884 3779 4956">
     <span class='ocr_line' id='line_1_104' title="bbox 2243 4884 3779 4956; baseline 0.001 -18"><span class='ocrx_word' id='word_1_704' title='bbox 2243 4885 2353 4956; x_wconf 74' lang='grc' dir='ltr'>Τὴν</span> <span class='ocrx_word' id='word_1_705' title='bbox 2393 4885 2658 4954; x_wconf 85' lang='grc' dir='ltr'>εἱλικρινῆ</span> <span class='ocrx_word' id='word_1_706' title='bbox 2691 4884 2874 4953; x_wconf 81' lang='grc' dir='ltr'>φιλίαν</span> <span class='ocrx_word' id='word_1_707' title='bbox 2903 4884 3159 4954; x_wconf 82' lang='grc' dir='ltr'>κρατύνει</span> <span class='ocrx_word' id='word_1_708' title='bbox 3201 4885 3302 4954; x_wconf 80' lang='grc' dir='ltr'><strong>μὲν</strong></span> <span class='ocrx_word' id='word_1_709' title='bbox 3359 4888 3657 4954; x_wconf 80' lang='grc' dir='ltr'>συνουσία,</span> <span class='ocrx_word' id='word_1_710' title='bbox 3692 4904 3779 4939; x_wconf 90' lang='grc' dir='ltr'>το-</span> 
     </span>
    </p>
   </div>
   <div class='ocr_carea' id='block_1_105' title="bbox 2173 4976 3782 5051">
    <p class='ocr_par' dir='ltr' id='par_1_105' title="bbox 2173 4976 3782 5051">
     <span class='ocr_line' id='line_1_105' title="bbox 2173 4976 3782 5051; baseline 0 -21"><span class='ocrx_word' id='word_1_711' title='bbox 2173 4977 2308 5047; x_wconf 83' lang='grc' dir='ltr'>πικὴ</span> <span class='ocrx_word' id='word_1_712' title='bbox 2336 4977 2391 5030; x_wconf 79' lang='grc' dir='ltr'><strong>δὲ</strong></span> <span class='ocrx_word' id='word_1_713' title='bbox 2412 4979 2473 5029; x_wconf 86' lang='grc' dir='ltr'><strong>οὑ</strong></span> <span class='ocrx_word' id='word_1_714' title='bbox 2493 4976 2766 5046; x_wconf 84' lang='grc' dir='ltr'>διατέμνει</span> <span class='ocrx_word' id='word_1_715' title='bbox 2792 4976 3071 5039; x_wconf 77' lang='grc' dir='ltr'>διάστασις</span> <span class='ocrx_word' id='word_1_716' title='bbox 3099 4992 3110 5005; x_wconf 78' lang='grc'><strong><em>⁸</em></strong></span> <span class='ocrx_word' id='word_1_717' title='bbox 3145 4977 3348 5046; x_wconf 73' lang='grc' dir='ltr'>ἰσχυρά</span> <span class='ocrx_word' id='word_1_718' title='bbox 3386 4978 3504 5051; x_wconf 76' lang='grc' dir='ltr'><strong>γάρ</strong></span> <span class='ocrx_word' id='word_1_719' title='bbox 3544 4981 3618 5034; x_wconf 77' lang='grc' dir='ltr'><strong>τά</strong></span> <span class='ocrx_word' id='word_1_720' title='bbox 3659 4981 3782 5032; x_wconf 72' lang='grc' dir='ltr'>ταύι</span> 
     </span>
    </p>
   </div>
   <div class='ocr_carea' id='block_1_106' title="bbox 2169 5068 3778 5140">
    <p class='ocr_par' dir='ltr' id='par_1_106' title="bbox 2169 5068 3778 5140">
     <span class='ocr_line' id='line_1_106' title="bbox 2169 5068 3778 5140; baseline -0.002 -18"><span class='ocrx_word' id='word_1_721' title='bbox 2169 5087 2269 5140; x_wconf 87' lang='grc' dir='ltr'><strong>της</strong></span> <span class='ocrx_word' id='word_1_722' title='bbox 2292 5069 2484 5139; x_wconf 88' lang='grc' dir='ltr'>δεσμά.</span> <span class='ocrx_word' id='word_1_723' title='bbox 2516 5069 2625 5122; x_wconf 66' lang='grc' dir='ltr'><strong>Καὶ</strong></span> <span class='ocrx_word' id='word_1_724' title='bbox 2652 5068 2808 5121; x_wconf 79' lang='grc' dir='ltr'>τοῦτο</span> <span class='ocrx_word' id='word_1_725' title='bbox 2831 5069 2984 5138; x_wconf 87' lang='grc' dir='ltr'>γνοίη</span> <span class='ocrx_word' id='word_1_726' title='bbox 3015 5069 3111 5139; x_wconf 74' lang='grc' dir='ltr'><strong>μὲν</strong></span> <span class='ocrx_word' id='word_1_727' title='bbox 3137 5069 3201 5121; x_wconf 80' lang='grc' dir='ltr'>ἄν</span> <span class='ocrx_word' id='word_1_728' title='bbox 3238 5085 3323 5130; x_wconf 83' lang='grc' dir='ltr'><strong>τις</strong></span> <span class='ocrx_word' id='word_1_729' title='bbox 3347 5070 3450 5121; x_wconf 75' lang='grc' dir='ltr'><strong>καὶ</strong></span> <span class='ocrx_word' id='word_1_730' title='bbox 3489 5073 3552 5137; x_wconf 77' lang='grc' dir='ltr'><strong>ἐξ</strong></span> <span class='ocrx_word' id='word_1_731' title='bbox 3581 5070 3778 5138; x_wconf 74' lang='grc' dir='ltr'>ἐτέρων</span> 
     </span>
    </p>
   </div>
   <div class='ocr_carea' id='block_1_107' title="bbox 2174 5159 3776 5231">
    <p class='ocr_par' dir='ltr' id='par_1_107' title="bbox 2174 5159 3776 5231">
     <span class='ocr_line' id='line_1_107' title="bbox 2174 5159 3776 5231; baseline -0.002 -17"><span class='ocrx_word' id='word_1_732' title='bbox 2174 5160 2408 5214; x_wconf 84' lang='grc' dir='ltr'>πολλῶν·</span> <span class='ocrx_word' id='word_1_733' title='bbox 2443 5161 2654 5231; x_wconf 86' lang='grc' dir='ltr'>ἀπόχρη</span> <span class='ocrx_word' id='word_1_734' title='bbox 2695 5161 2752 5213; x_wconf 76' lang='grc' dir='ltr'>δὲ</span> <span class='ocrx_word' id='word_1_735' title='bbox 2786 5160 2880 5213; x_wconf 65' lang='grc' dir='ltr'><strong>καὶ</strong></span> <span class='ocrx_word' id='word_1_736' title='bbox 2918 5159 2986 5212; x_wconf 75' lang='grc' dir='ltr'><strong>τά</strong></span> <span class='ocrx_word' id='word_1_737' title='bbox 3014 5159 3136 5212; x_wconf 74' lang='grc' dir='ltr'>καθ’</span> <span class='ocrx_word' id='word_1_738' title='bbox 3172 5160 3323 5229; x_wconf 76' lang='grc' dir='ltr'>ἡμᾶς</span> <span class='ocrx_word' id='word_1_739' title='bbox 3359 5161 3645 5225; x_wconf 79' lang='grc' dir='ltr'>ἐπιδεῖξαι</span> <span class='ocrx_word' id='word_1_740' title='bbox 3688 5160 3776 5212; x_wconf 82' lang='grc' dir='ltr'>τοῦ</span> 
     </span>
    </p>
   </div>
   <div class='ocr_carea' id='block_1_108' title="bbox 2163 5249 3779 5322">
    <p class='ocr_par' dir='ltr' id='par_1_108' title="bbox 2163 5249 3779 5322">
     <span class='ocr_line' id='line_1_108' title="bbox 2163 5249 3779 5322; baseline 0.002 -21"><span class='ocrx_word' id='word_1_741' title='bbox 2163 5249 2323 5317; x_wconf 81' lang='grc' dir='ltr'>λόγου</span> <span class='ocrx_word' id='word_1_742' title='bbox 2351 5251 2399 5301; x_wconf 87' lang='grc' dir='ltr'>τ’</span> <span class='ocrx_word' id='word_1_743' title='bbox 2428 5249 2644 5320; x_wconf 84' lang='grc' dir='ltr'>ἀληθές.</span> <span class='ocrx_word' id='word_1_744' title='bbox 2676 5250 2849 5303; x_wconf 69' lang='grc' dir='ltr'>Πελλά</span> <span class='ocrx_word' id='word_1_745' title='bbox 2885 5251 2994 5319; x_wconf 73' lang='grc' dir='ltr'><strong>γάρ</strong></span> <span class='ocrx_word' id='word_1_746' title='bbox 3017 5251 3162 5320; x_wconf 72' lang='grc' dir='ltr'>ἡμᾶς</span> <span class='ocrx_word' id='word_1_747' title='bbox 3205 5250 3459 5317; x_wconf 80' lang='grc' dir='ltr'>διίστησι</span> <span class='ocrx_word' id='word_1_748' title='bbox 3511 5253 3617 5304; x_wconf 65' lang='grc' dir='ltr'>καὶ</span> <span class='ocrx_word' id='word_1_749' title='bbox 3658 5253 3779 5322; x_wconf 73' lang='grc' dir='ltr'>ὅρη,</span> 
     </span>
    </p>
   </div>
   <div class='ocr_carea' id='block_1_109' title="bbox 2168 5337 3781 5410">
    <p class='ocr_par' dir='ltr' id='par_1_109' title="bbox 2168 5337 3781 5410">
     <span class='ocr_line' id='line_1_109' title="bbox 2168 5337 3781 5410; baseline 0 -18"><span class='ocrx_word' id='word_1_750' title='bbox 2168 5340 2260 5392; x_wconf 77' lang='grc' dir='ltr'><strong>καὶ</strong></span> <span class='ocrx_word' id='word_1_751' title='bbox 2289 5340 2491 5403; x_wconf 84' lang='grc' dir='ltr'>πόλεις,</span> <span class='ocrx_word' id='word_1_752' title='bbox 2518 5340 2611 5392; x_wconf 77' lang='grc' dir='ltr'><strong>καὶ</strong></span> <span class='ocrx_word' id='word_1_753' title='bbox 2633 5340 2870 5392; x_wconf 88' lang='grc' dir='ltr'>θάλαττα</span> <span class='ocrx_word' id='word_1_754' title='bbox 2898 5357 2906 5367; x_wconf 90' lang='grc'>·</span> <span class='ocrx_word' id='word_1_755' title='bbox 2935 5339 3052 5394; x_wconf 87' lang='grc' dir='ltr'>ἀλλ’</span> <span class='ocrx_word' id='word_1_756' title='bbox 3076 5340 3230 5392; x_wconf 79' lang='grc' dir='ltr'>οὐδὲν</span> <span class='ocrx_word' id='word_1_757' title='bbox 3253 5337 3502 5393; x_wconf 77' lang='grc' dir='ltr'>ἔσϐεσεν</span> <span class='ocrx_word' id='word_1_758' title='bbox 3535 5347 3639 5410; x_wconf 82' lang='grc' dir='ltr'>τῆς</span> <span class='ocrx_word' id='word_1_759' title='bbox 3657 5341 3781 5408; x_wconf 62' lang='grc' dir='ltr'>νσῆς</span> 
     </span>
    </p>
   </div>
   <div class='ocr_carea' id='block_1_110' title="bbox 2175 5429 3781 5502">
    <p class='ocr_par' dir='ltr' id='par_1_110' title="bbox 2175 5429 3781 5502">
     <span class='ocr_line' id='line_1_110' title="bbox 2175 5429 3781 5502; baseline 0.001 -21"><span class='ocrx_word' id='word_1_760' title='bbox 2175 5430 2647 5501; x_wconf 88' lang='grc' dir='ltr'>μεγαλοπρεπείας</span> <span class='ocrx_word' id='word_1_761' title='bbox 2699 5431 2796 5502; x_wconf 85' lang='grc' dir='ltr'>τὴν</span> <span class='ocrx_word' id='word_1_762' title='bbox 2847 5433 3087 5500; x_wconf 85' lang='grc' dir='ltr'>μνήμην.</span> <span class='ocrx_word' id='word_1_763' title='bbox 3149 5429 3334 5492; x_wconf 77' lang='grc' dir='ltr'>Εὐθὺς</span> <span class='ocrx_word' id='word_1_764' title='bbox 3384 5433 3506 5502; x_wconf 67' lang='grc' dir='ltr'><strong>γὰρ</strong></span> <span class='ocrx_word' id='word_1_765' title='bbox 3550 5434 3618 5502; x_wconf 75' lang='grc' dir='ltr'><strong>ἦν</strong></span> <span class='ocrx_word' id='word_1_766' title='bbox 3658 5447 3781 5482; x_wconf 55' lang='grc' dir='ltr'>τινα</span> 
     </span>
    </p>
   </div>
   <div class='ocr_carea' id='block_1_111' title="bbox 2175 5521 3781 5590">
    <p class='ocr_par' dir='ltr' id='par_1_111' title="bbox 2175 5521 3781 5590">
     <span class='ocr_line' id='line_1_111' title="bbox 2175 5521 3781 5590; baseline 0 -18"><span class='ocrx_word' id='word_1_767' title='bbox 2175 5521 2372 5589; x_wconf 74' lang='grc' dir='ltr'>ἴδωμεν</span> <span class='ocrx_word' id='word_1_768' title='bbox 2412 5522 2469 5587; x_wconf 77' lang='grc' dir='ltr'>ἐξ</span> <span class='ocrx_word' id='word_1_769' title='bbox 2523 5522 2746 5574; x_wconf 78' lang='grc' dir='ltr'>ἐκείνων</span> <span class='ocrx_word' id='word_1_770' title='bbox 2786 5521 3088 5590; x_wconf 81' lang='grc' dir='ltr'>ἀφιγμένον</span> <span class='ocrx_word' id='word_1_771' title='bbox 3137 5521 3243 5574; x_wconf 85' lang='grc' dir='ltr'><strong>τῶν</strong></span> <span class='ocrx_word' id='word_1_772' title='bbox 3295 5523 3550 5586; x_wconf 79' lang='grc' dir='ltr'>πόλεων,</span> <span class='ocrx_word' id='word_1_773' title='bbox 3593 5524 3649 5575; x_wconf 80' lang='grc' dir='ltr'>αἳ</span> <span class='ocrx_word' id='word_1_774' title='bbox 3685 5525 3781 5588; x_wconf 84' lang='grc' dir='ltr'>τῆς</span> 
     </span>
    </p>
   </div>
   <div class='ocr_carea' id='block_1_112' title="bbox 2177 5610 3778 5682">
    <p class='ocr_par' dir='ltr' id='par_1_112' title="bbox 2177 5610 3778 5682">
     <span class='ocr_line' id='line_1_112' title="bbox 2177 5610 3778 5682; baseline -0.004 -19"><span class='ocrx_word' id='word_1_775' title='bbox 2177 5611 2442 5682; x_wconf 85' lang='grc' dir='ltr'>θαλάττης</span> <span class='ocrx_word' id='word_1_776' title='bbox 2475 5612 2614 5665; x_wconf 76' lang='grc' dir='ltr'>εἰσὶν</span> <span class='ocrx_word' id='word_1_777' title='bbox 2655 5613 3066 5681; x_wconf 74' lang='grc' dir='ltr'>ἀγχιτέρμονες,</span> <span class='ocrx_word' id='word_1_778' title='bbox 3114 5610 3212 5681; x_wconf 80' lang='grc' dir='ltr'>τὴν</span> <span class='ocrx_word' id='word_1_779' title='bbox 3257 5610 3506 5682; x_wconf 85' lang='grc' dir='ltr'>Κύπρον</span> <span class='ocrx_word' id='word_1_780' title='bbox 3562 5612 3656 5664; x_wconf 76' lang='grc' dir='ltr'><strong>καὶ</strong></span> <span class='ocrx_word' id='word_1_781' title='bbox 3689 5611 3778 5660; x_wconf 70' lang='grc' dir='ltr'><strong>τὸν</strong></span> 
     </span>
    </p>
   </div>
   <div class='ocr_carea' id='block_1_113' title="bbox 2179 5703 3778 5776">
    <p class='ocr_par' dir='ltr' id='par_1_113' title="bbox 2179 5703 3778 5776">
     <span class='ocr_line' id='line_1_113' title="bbox 2179 5703 3778 5776; baseline -0.002 -23"><span class='ocrx_word' id='word_1_782' title='bbox 2179 5703 2377 5774; x_wconf 73' lang='grc' dir='ltr'>ταύτης</span> <span class='ocrx_word' id='word_1_783' title='bbox 2408 5705 2626 5774; x_wconf 85' lang='grc' dir='ltr'>ἄριστον</span> <span class='ocrx_word' id='word_1_784' title='bbox 2662 5705 3000 5776; x_wconf 81' lang='grc' dir='ltr'>κυϐερνήτην</span> <span class='ocrx_word' id='word_1_785' title='bbox 3038 5705 3116 5767; x_wconf 81' lang='grc' dir='ltr'>εἰς</span> <span class='ocrx_word' id='word_1_786' title='bbox 3153 5703 3320 5774; x_wconf 77' lang='grc' dir='ltr'>μέσον</span> <span class='ocrx_word' id='word_1_787' title='bbox 3357 5705 3386 5754; x_wconf 82' lang='grc' dir='ltr'>ὁ</span> <span class='ocrx_word' id='word_1_788' title='bbox 3432 5705 3599 5772; x_wconf 79' lang='grc' dir='ltr'>λόγος</span> <span class='ocrx_word' id='word_1_789' title='bbox 3646 5718 3778 5771; x_wconf 69' lang='grc' dir='ltr'>προς</span> 
     </span>
    </p>
   </div>
  </div>
