4056 6416
339 470 474 541 1245

1619 464 1983 528 EPISTOLA
2025 466 2309 529 LXXVII.

3462 463 3595 530 HA6

340 583 514 652 φέρει,
560 581 656 634 καὶ
681 579 997 652 γαννύμεθα
1035 579 1096 634 τὸ
1144 580 1237 633 σὺν
1268 575 1559 642 ἀκούοντες
1592 577 1772 639 κλέος.
1803 575 1919 630 Νῦν

2041 590 2255 645 nurque
2304 576 2533 646 gloriam
2571 584 2719 630 tuam
2748 575 3056 649 audientes.
3083 573 3240 629 Nunc
3268 587 3398 628 vero
3428 575 3598 645 putis-

341 676 394 728 δὲ
420 674 786 745 διαφερόντως
819 671 1021 742 πολλῆς
1060 669 1473 741 ἐνεπλήσθημεν
1503 668 1773 739 θυμηδίας
1795 684 1811 699 ο
1847 666 1910 719 τὸ

343 766 446 837 γάρ
497 764 717 817 πάντων
758 764 891 835 ἡμῖν
932 759 1341 834 ἐρασμιώτερον
1394 760 1814 832 μεμαθήκαμεν.
1850 758 1917 812 Τί

344 858 450 928 γάρ
476 857 626 927 ἡμῖν,
662 849 708 908 ὦ
735 855 947 925 ἄριστε,
975 852 1384 924 θυμηρέστερον
1411 850 1507 903 τοῦ
1539 849 1638 921 τὴν
1670 849 1918 915 ἀξιέπαι-

345 948 431 1000 νόν
461 963 555 1000 σου
583 943 761 1016 ψυχὴν
786 944 866 1015 τῷ
892 944 991 1014 τῆς
1023 943 1276 1012 γνώσεως
1312 943 1453 1010 φωτὶ
1495 938 1919 1010 πεφωτισμένην

350 1040 476 1092 ίδείν
500 1056 514 1105 ;
550 1036 653 1090 Τὸν
679 1036 790 1105 γὰρ
820 1035 1034 1098 πολλοῖς
1060 1032 1438 1104 κοσμούμενον
1466 1032 1660 1085 εἴδεσιν
1693 1028 1917 1100 ἀρετῆς,

347 1130 551 1183 δίκαιον
592 1127 874 1198 ἡγούμεθα
914 1125 1006 1179 καὶ
1041 1124 1132 1178 τὸν
1156 1122 1361 1193 ταύτης
1401 1121 1729 1194 προσλαϐεῖν
1769 1119 1924 1173 κολο-

349 1221 531 1291 φῶνα·
556 1221 653 1273 καὶ
694 1218 1026 1288 πιστεύομεν
1070 1216 1147 1279 ὡς
1183 1213 1429 1284 ὀψόμεθα
1471 1214 1533 1266 τὸ
1565 1211 1919 1282 ποθούμενον.

359 1311 623 1381 Ἀρπάσει
645 1310 753 1380 γὰρ
782 1309 940 1381 δῆλον
985 1309 1067 1362 ὅτι
1103 1306 1402 1377 προθύμως
1430 1307 1463 1377 ἡ
1496 1305 1565 1375 σὴ
1599 1302 1925 1374 λαμπρότης

347 1404 446 1473 τὴν
472 1401 747 1455 θεόσδοτον
777 1399 1007 1471 δωρεὰν,
1044 1398 1197 1470 παρά
1231 1396 1469 1468 γνησίων
1504 1394 1671 1466 φίλων
1697 1393 1794 1447 καὶ
1824 1411 1923 1447 σα·-

349 1493 465 1562 φῶς
484 1491 689 1562 ταύτης
712 1489 1091 1560 ἐπισταμένων
1113 1489 1174 1543 τὸ
1205 1488 1433 1560 μέγεθος
1474 1485 1922 1558 προτρεπομένη,

351 1585 444 1639 καὶ
502 1583 639 1654 πρὸς
685 1582 775 1636 τὸν
827 1580 1204 1652 μεγαλόδωρον
1224 1579 1607 1650 ποδηγουμένη
1629 1577 1782 1641 Θεὸν,
1808 1595 1826 1627 ι
1866 1575 1926 1641 δς

351 1678 558 1740 πάντας
591 1673 913 1745 ἀνθρώπους
932 1672 1076 1725 θέλει
1112 1671 1370 1742 σωθῆναι,
1392 1670 1488 1724 καὶ
1513 1670 1592 1733 είς
1631 1668 1926 1737 ἐπίγνωσιν

349 1765 605 1837 ἀληθείας
621 1766 814 1830 ἐλθεῖν,
844 1784 864 1815 ι
885 1764 981 1817 καὶ
1007 1763 1075 1816 δι’
1097 1760 1400 1833 ἀνθρώπων
1418 1759 1738 1831 ἀνθρώπους
1758 1776 1931 1830 σαγη-

349 1858 495 1913 νεύει
531 1858 669 1930 πρὸς
697 1856 995 1927 σωτηρίαν,
1021 1856 1102 1918 είς
1134 1854 1330 1924 ἀγήρω
1356 1851 1501 1924 ζωὴν
1529 1852 1658 1915 τοὺς
1694 1852 1928 1922 ἀγρευο-

352 1954 545 2022 μένους
571 1952 822 2018 ἀπάγων.
864 1948 923 2002 Ὀ
956 1948 1053 2018 μὲν
1083 1946 1191 2017 γὰρ
1218 1943 1502 2015 ἰχθυολκὸς
1530 1941 1638 1995 τῶν
1669 1939 1924 2011 θηρωμέ-

348 2060 454 2099 νων
479 2043 583 2113 τὴν
615 2041 759 2111 ζωὴν
786 2041 1101 2109 ἀφαιρεῖται
1120 2054 1135 2069 ο
1179 2038 1208 2090 ὁ
1243 2035 1299 2088 δὲ
1333 2034 1600 2105 ἡμέτερος
1629 2031 1927 2087 ἀσπαλιευ-

347 2135 468 2206 τὴς,
514 2134 652 2203 ὅπερ
699 2131 766 2184 ἂν
807 2130 1086 2200 ζωγρήσῃ,
1127 2126 1237 2180 τῶν
1269 2124 1482 2197 πικρῶν
1519 2124 1797 2193 ἐλευθεροῖ
1832 2119 1927 2174 τοῦ

350 2222 581 2277 θανάτου
633 2219 870 2289 δεσμῶν.
939 2215 1146 2270 Τούτου
1208 2215 1369 2286 χάριν
1438 2234 1458 2266 ι
1502 2215 1595 2267 ἐπὶ
1662 2213 1766 2282 τῆς
1827 2212 1930 2282 γῆς

348 2316 532 2388 ὤφθη,
566 2315 659 2368 καὶ
682 2315 794 2376 τοῖς
828 2308 1138 2382 ἀνθρώποις
1166 2306 1582 2378 συνανεστράφη
1604 2345 1620 2369 ,
1662 2324 1680 2357 ι
1716 2304 1812 2358 καὶ
1840 2304 1931 2357 διὰ

349 2407 451 2477 τῆς
483 2403 766 2478 όρωμένης
801 2400 1218 2473 ἀνθρωπότητος
1245 2398 1342 2469 τὴν
1371 2397 1654 2467 ζωηφόρον
1683 2397 1795 2459 τοῖς
1832 2395 1931 2448 ἀν-

351 2497 594 2570 θρώποις
622 2492 969 2551 διδασκαλίαν
996 2494 1390 2565 προσήνεγκεν,
1420 2491 1516 2544 καὶ
1537 2490 1777 2557 λογικοῖς
1797 2487 1933 2559 πρέ-

351 2604 561 2643 πουσαν
577 2586 851 2641 πολιτείαν
878 2583 1270 2655 ἐνομοθέτησεν
1289 2599 1303 2614 ·
1324 2582 1419 2634 καὶ
1444 2580 1573 2644 τοὺς
1593 2579 1789 2650 νόμους
1811 2580 1933 2641 ταῖς

353 2676 824 2752 θαυματουργίαις
851 2675 1149 2746 κρατύνας,
1191 2672 1457 2727 κατέλυσε
1490 2669 1571 2742 τῷ
1599 2670 1697 2741 τῆς
1731 2668 1932 2740 σαρκὸς

352 2771 573 2841 θανάτῳ
599 2769 691 2823 τὸν
728 2768 959 2823 θάνατον
983 2781 998 2797 ·
1044 2766 1139 2819 καὶ
1163 2763 1369 2834 ταύτην
1402 2763 1735 2832 ἀναστήσας,
1766 2760 1933 2813 πᾶσιν

352 2866 489 2935 ἡμῖν
529 2857 799 2930 ὑπέσχετο
830 2859 929 2929 τὴν
958 2857 1284 2926 ἀνάστασιν,
1329 2852 1592 2924 ἐχέγγυον
1635 2849 1935 2921 ἀξιόχρεων

351 2955 456 3023 τῆς
490 2953 765 3024 ἡμετέρας
792 2950 1140 3011 ἀναστάσεως
1161 2946 1255 3000 τοῦ
1282 2946 1466 3016 τιμίου
1493 2943 1746 3014 σώματος
1767 2939 1934 2995 αὑτοῦ

352 3045 607 3108 δεδωκὼς
641 3046 742 3115 τὴν
785 3042 1101 3096 ἀνάστασιν.
1129 3038 1286 3093 Οὕτω
1318 3038 1376 3091 δὲ
1419 3037 1546 3100 τοὺς
1591 3033 1935 3105 ἀνθρώπους,

355 3139 458 3192 καὶ
484 3137 658 3191 ταῦτα
702 3128 1018 3206 μισοῦντας,
1050 3132 1359 3202 ἠγάπησεν,
1390 3129 1465 3192 ὼς
1509 3126 1571 3180 τὸ
1597 3126 1698 3197 τῆς
1730 3127 1937 3178 οίκονο-

361 3232 492 3301 μίας
517 3230 817 3300 μυστήριον
854 3226 1008 3297 παρά
1034 3241 1177 3278 τισιν
1211 3220 1558 3277 ἀπιστεῖσθαι
1584 3217 1674 3272 διὰ
1702 3217 1802 3289 τὴν
1829 3216 1939 3270 τῶν
1968 3263 2014 3325 C

448 3321 463 3325 _
575 3319 585 3325 .
741 3319 753 3325 -
883 3316 996 3325 --.
1101 3316 1144 3325 ..
1220 3315 1232 3325 .
1381 3308 1587 3325 ...η-
1720 3308 1746 3320 ν
1840 3307 1898 3325 ν,

356 3319 702 3391 παθημάτων
732 3316 1061 3387 ὑπερϐολήν.
1101 3315 1343 3385 Ἀπόχρη
1377 3311 1434 3364 δὲ
1476 3308 1647 3375 δεῖξαι
1684 3308 1785 3378 τῆς
1816 3307 1939 3374 φιλ-

359 3411 682 3482 ανθρωπίας
727 3410 827 3480 τὴν
872 3407 1130 3472 ἄϐυσσον,
1181 3403 1365 3458 καὶτὸ
1409 3402 1535 3464 τοὺς
1581 3396 1944 3460 ἀπιστοῦντας

357 3505 444 3557 ἔτι
489 3503 610 3558 καθ’
658 3501 873 3573 ἡμέραν
916 3498 1156 3567 ἑκάστην
1198 3498 1405 3549 καλεῖν.
1452 3494 1606 3547 Ποιεῖ
1655 3491 1713 3544 δὲ
1759 3488 1941 3553 τοῦτο,

357 3597 463 3666 οὐχ
499 3594 576 3658 ὡς
607 3591 956 3664 ἀνθρωπίνης
1001 3587 1301 3659 θεραπείας
1336 3584 1592 3655 δεόμενος
1635 3581 1802 3653 (τίνος
1834 3579 1943 3650 γὰρ

361 3674 557 3757 ἐνδεὴς
588 3685 698 3739 τῶν
725 3685 862 3738 ὅλων
884 3682 914 3735 ό
937 3679 1219 3751 Ποιητής),
1245 3677 1361 3731 ἀλλ’
1394 3676 1471 3741 ὡς
1507 3674 1676 3745 διψῶν
1714 3673 1945 3728 ἑκάστου

362 3776 467 3848 τὴν
518 3775 812 3845 σωτηρίαν.
873 3773 1158 3844 Ἅρπασον
1198 3770 1400 3834 τοίνυν,
1445 3762 1492 3822 ὦ
1543 3765 1839 3836 θαυμάσιε,
1886 3764 1948 3817 τὸ

362 3868 563 3939 δῶρον,
613 3865 712 3920 καὶ
757 3865 852 3918 τὸν
886 3863 1181 3933 φιλόδωρον
1232 3859 1494 3933 ὕμνησον,
1543 3859 1638 3911 καὶ
1681 3856 1949 3928 μεγίστην

360 3962 502 4032 ἡμῖν
533 3959 628 4012 καὶ
648 3955 1070 4028 θυμηρεστάτην
1099 3953 1434 4023 προξένησον
1456 3950 1673 4020 ἑορτήν.

368 4133 841 4197 οΖη-Εῡλωλῑω
856 4131 1165 4196 ἐπισκόπῳ
1186 4128 1293 4199 τῆς
1310 4127 1609 4198 Περσικῆς
1623 4127 1949 4197 Ἀρμενίας.

446 4247 666 4316 Ἔγνων
735 4246 810 4310 ὡς
860 4245 1124 4317 ἐζήτησεν
1175 4245 1204 4297 ό
1263 4243 1507 4306 Σατανᾶς
1568 4242 1802 4295 σινιάσαι
1860 4242 1953 4294 καὶ

373 4341 522 4411 ὑμᾶς
553 4339 629 4402 ὡς
668 4338 759 4392 τὸν
799 4340 965 4403 σῖτον,
1009 4336 1103 4391 καῖ¹
1140 4334 1436 4389 ὲνδέδωκεν
1466 4336 1495 4388 ό
1526 4334 1824 4405 Δεσπότης,
1865 4333 1953 4387 ἴνα

369 4431 526 4502 δείξῃ
553 4430 643 4485 τὸν
674 4432 840 4492 σῖτον,
880 4427 969 4481 ἵνα
1000 4427 1092 4480 τὸν
1131 4426 1330 4497 χρυσὸν
1372 4426 1665 4498 δοκιμάσῃ,
1713 4425 1801 4478 ἵνα
1826 4425 1953 4488 τοὺς

372 4521 697 4587 δοξάζοντας
764 4517 1120 4586 ἀντιδοξάσῃ,
1190 4517 1277 4570 ἴνα
1335 4516 1463 4580 τοὺς
1538 4515 1776 4586 ἀθλητὰς
1832 4531 1955 4567 στε-

2018 666 2216 720 simum
2244 667 2448 737 ingenti
2470 666 2667 737 gaudio
2697 665 2892 736 repleti
2922 681 3136 732 sumus,
3172 681 3298 720 cum
3344 665 3401 720 id
3449 664 3596 720 didi-

2020 757 2260 811 cerimus
2302 757 2451 827 quod
2521 758 2737 812 caeteris
2789 758 3048 812 omnibus
3105 756 3397 810 amabilius
3441 755 3601 810 nobis

2019 856 2161 903 erat.
2210 847 2353 914 Quid
2393 848 2543 903 enim
2578 848 2763 915 nobis,
2818 849 2903 903 vir
2929 850 3155 919 Optime,
3185 848 3598 918 sitjucundius,
3695 883 3700 888 -

2019 955 2184 1009 quam
2238 939 2571 995 laudabilem
2617 941 2855 994 animam
2901 947 3048 994 tuam
3100 938 3341 994 scientiae
3390 939 3601 994 lumine

2020 1030 2349 1086 illustratam
2384 1030 2680 1086 contueri?
2715 1030 2854 1084 Eum
2883 1030 3108 1100 quippe,
3156 1030 3251 1099 qui
3308 1027 3603 1098 multiplici

2021 1124 2245 1178 virtutis
2262 1128 2465 1194 genere
2491 1123 2561 1178 sit
2585 1132 2832 1190 ornatus,
2861 1137 3080 1191 aequum
3102 1136 3392 1177 censemus
3422 1121 3605 1190 ipsum

2022 1214 2192 1270 etiam
2247 1215 2398 1269 illius
2448 1213 2812 1284 c010phonem
2869 1214 3189 1284 adjungere,
3219 1211 3607 1279 credimusque

2023 1320 2126 1359 nos
2152 1305 2301 1375 quod
2321 1304 2575 1377 cupimus
2623 1312 3039 1373 conspecturos.
3105 1304 3120 1324 ‘
3167 1299 3411 1369 Arripiet
3457 1298 3608 1352 enim

2028 1397 2175 1452 haud
2228 1395 2395 1451 dubie
2442 1404 2697 1466 prompto
2752 1395 2935 1448 animo
2988 1393 3208 1448 claritas
3238 1398 3329 1445 tua
3362 1389 3610 1444 divinum

2027 1488 2255 1553 donum,
2287 1485 2566 1558 germanis
2589 1484 2800 1550 amicis,
2831 1483 2925 1552 qui
2966 1482 3132 1552 hujus
3172 1478 3612 1550 magnitudinem

2025 1576 2272 1650 apprime
2329 1578 2537 1645 norint,
2594 1575 3008 1647 instigantibus,
3069 1579 3127 1629 et
3175 1573 3245 1626 ad
3287 1571 3609 1625 muniﬁcum

2027 1672 2277 1726 datorem
2302 1671 2476 1725 Deum
2508 1667 2930 1733 deducentibus,
2956 1665 3053 1736 qui
3085 1685 3104 1718 ι
3138 1679 3333 1719 omnes
3357 1661 3615 1716 homines

2026 1763 2147 1819 vult
2190 1762 2371 1817 salvos
2421 1760 2565 1826 ﬁeri,
2623 1768 2681 1815 et
2728 1758 2798 1813 ad
2847 1756 3183 1828 agnitionem
3228 1752 3482 1808 veritatis
3513 1766 3613 1805 vc-

2029 1856 2153 1909 nire
2184 1852 2268 1906 “z
2301 1871 2319 1904 ι
2360 1852 2456 1922 qui
2514 1848 2801 1905 hominum
2841 1863 3011 1918 opera
3065 1844 3319 1901 homines
3369 1842 3615 1913 piscatur

2030 1945 2099 2000 ad
2147 1944 2402 2009 salutem,
2455 1941 2525 1996 ad
2562 1939 2704 1995 senii
2747 1945 3031 2008 expertem
3058 1936 3228 1992 vitam
3263 1942 3455 2003 captos
3485 1946 3615 2001 per-

2032 2040 2263 2094 ducens.
2318 2035 2560 2091 Piscium
2597 2032 2747 2088 enim
2798 2036 3029 2086 venator
3082 2027 3195 2081 vita
3240 2025 3423 2095 privat
3476 2036 3617 2091 quos

2034 2128 2182 2199 capit
2216 2143 2231 2180 :
2266 2135 2322 2181 at
2355 2125 2596 2196 piscator
2638 2130 2831 2177 noster
2875 2134 3015 2191 quos
3070 2117 3285 2186 1126
3322 2115 3480 2168 vivos
3526 2126 3617 2167 ce-

2035 2221 2201 2293 perit,
2236 2219 2305 2274 ab
2331 2217 2534 2274 amaris
2556 2215 2750 2271 mortis
2783 2214 3019 2269 vinculis
3048 2211 3268 2267 liberat.
3308 2206 3483 2277 Hujus
3534 2204 3620 2259 rei

2036 2306 2209 2378 gratia
2238 2325 2256 2358 ι
2286 2306 2343 2360 in
2367 2304 2534 2360 terris
2559 2303 2712 2359 visus
2741 2309 2844 2368 est,
2884 2308 2941 2355 et
2974 2314 3101 2354 cum
3133 2294 3456 2351 hominibus
3488 2308 3622 2348 con-

2035 2403 2287 2453 versatus
2318 2404 2404 2451 est
2445 2394 2515 2461 “,
2550 2412 2570 2445 υ
2610 2401 2668 2448 et
2692 2407 2793 2463 per
2827 2391 3003 2446 oculis
3033 2386 3335 2458 expositam
3368 2382 3622 2438 humani-

2036 2496 2226 2555 tatem,
2249 2487 2472 2543 vitalem
2499 2484 2819 2540 hominibus
2842 2482 3150 2538 doctrinam
3176 2477 3381 2542 attulit,
3430 2484 3486 2530 et
3529 2491 3620 2528 ra-

2037 2580 2190 2635 tione
2213 2577 2460 2649 praeditis
2487 2583 2885 2646 congruentem
2909 2570 3389 2627 conversationem
3408 2566 3621 2636 legibus

2038 2671 2238 2736 sanxit,
2264 2670 2521 2739 legesque
2542 2665 2826 2721 miraculis
2853 2662 3207 2725 conﬁrmans,
3231 2657 3417 2714 carnis
3445 2663 3622 2710 morte

2039 2770 2275 2817 mortem
2321 2758 2617 2825 destruxit,
2667 2764 2725 2813 et
2758 2770 2980 2811 carnem
3011 2752 3286 2808 suscitans
3319 2748 3480 2804 nobis
3501 2762 3624 2801 om-

2039 2855 2206 2910 nibus
2224 2850 2684 2909 resurrectionem
2728 2847 3006 2918 promisit,
3040 2845 3303 2899 idoneum
3353 2841 3493 2896 dans
3540 2838 3624 2908 pi-

2042 2961 2182 3017 gnus
2227 2940 2652 2999 resurrectionis
2702 2947 2908 2994 nostrae
2959 2935 3189 3007 pretiosi
3242 2931 3492 3002 corporis
3538 2928 3624 2984 sui

2042 3036 2531 3093 resurrectionem.
2576 3031 2667 3087 Sic
2710 3039 2896 3085 autem
2940 3028 3193 3083 homines
3215 3023 3469 3095 quamvis
3496 3020 3626 3076 odio

2044 3130 2314 3184 habentes
2341 3126 2553 3191 dilexit,
2590 3132 2653 3178 ut
2686 3120 3085 3177 incarnationis
3109 3116 3432 3190 mysterium
3462 3113 3625 3168 [idem

2044 3218 2188 3289 apud
2239 3217 2503 3287 quosdam
2560 3222 2786 3284 propter
2820 3210 3166 3266 cruciatuum
3212 3221 3352 3276 quos
3397 3201 3627 3274 pertulit

2043 3309 2388 3364 atrocitatem
2413 3320 2524 3359 non
2555 3304 2820 3374 obtineat.
2850 3300 3081 3355 Abunde
3114 3313 3248 3351 vero
3300 3296 3368 3351 ad
3401 3295 3630 3349 demon-

2044 3404 2324 3461 strandam
2346 3398 2706 3456 humanitatis
2732 3396 2991 3468 abyssum
3026 3392 3246 3458 sufﬁcit,
3280 3388 3428 3460 quod
3451 3389 3628 3442 incre-

2043 3494 2206 3550 dulos
2235 3493 2539 3547 etiamnum
2584 3487 2643 3541 in
2677 3486 2798 3541 dies
2839 3498 3039 3540 vocare
3090 3496 3200 3536 non
3250 3483 3450 3535 cessat.
3511 3475 3629 3529 Hoc

2022 3599 2213 3655 .porro
2249 3581 2379 3653 agit,
2413 3595 2523 3634 non
2557 3577 2713 3648 quasi
2745 3577 2988 3630 humano
3008 3588 3175 3645 egens
3204 3569 3468 3625 famulatu
3498 3565 3628 3637 (qua

2046 3675 2196 3731 enim
2216 3688 2274 3728 re
2301 3671 2543 3742 indigeat
2564 3668 2659 3739 qui
2693 3667 2952 3723 universa
3005 3660 3294 3731 creavit?),
3348 3657 3444 3713 sed
3478 3656 3628 3711 salu-

2047 3774 2160 3822 tem
2189 3765 2384 3820 sitiens
2424 3760 2881 3830 uniuscujnsque.
2942 3755 3126 3823 Quare
3176 3751 3384 3806 donum
3423 3745 3628 3815 arripe,

2048 3860 2134 3914 vir
2162 3854 2502 3920 admirande,
2555 3851 2799 3920 donique
2844 3853 3129 3903 auctorem
3167 3839 3424 3896 laudibus
3473 3835 3630 3901 etl‘er,

2049 3959 2108 4007 et
2131 3950 2429 4005 maximam
2456 3944 2619 4001 nobis
2658 3938 3229 4014 jucundissimamque
3276 3928 3632 3986 festivitatem

2051 4040 2702 4186 magiam—Eulalia
2746 4120 2988 4190 episcopo
3024 4112 3251 4169 Persica:
3277 4107 3562 4164 Armenias.

2124 4240 2367 4313 Cognovi
2403 4234 2699 4306 expetiisse
2736 4231 3017 4294 Satanam,
3046 4234 3109 4280 ut
3147 4238 3247 4279 vos
3298 4221 3466 4276 etiam
3521 4216 3634 4271 cri-

2053 4309 2243 4391 brare't
2271 4332 2416 4388 sicut
2444 4326 2691 4383 triticum
2736 4322 2805 4388 ”,
2857 4327 2915 4375 et
2962 4315 3280 4389 permisisse
3320 4309 3634 4372 Dominum,

2053 4437 2118 4485 ut
2154 4426 2401 4482 triticum
2444 4416 2784 4479 ostenderet,
2818 4420 2880 4466 ut
2903 4423 3099 4466 aurum
3130 4405 3408 4477 probaret,
3434 4408 3496 4454 ut
3523 4399 3638 4470 glo-

2056 4522 2337 4577 riﬁcantes
2366 4532 2426 4571 se
2467 4509 2821 4585 gloriﬁcaret,
2851 4513 2915 4560 ut
2951 4502 3186 4558 athletas
3238 4502 3547 4559 coronaret,
3579 4498 3641 4546 ut

377 4583 648 4684 (putamen,
680 4583 683 4584 ν
716 4613 805 4665 ἴνα
868 4583 995 4674 τοὺς
1058 4583 1321 4681 ἀριστέας
1382 4583 1722 4678 ἀνακηρύξῂ.
1814 4604 1941 4668 Ἐγὰ

2057 4613 2299 4668 victores
2339 4583 2725 4677 proclamaret.
2785 4597 2900 4666 Ego
2951 4606 3082 4647 sane
3119 4589 3285 4642 timeo
3322 4592 3379 4640 et
3410 4583 3636 4645 horreo,

2868 4687 2879 4692 -
3103 4681 3116 4692 .
3252 4679 3286 4692 .,
3333 4676 3367 4692 _.
3443 4672 3636 4692 HJ.“

383 4672 764 4783 μέντοιηδέδια
804 4705 898 4757 καὶ
957 4672 1186 4775 ιρρίττω,
1233 4701 1292 4755 ού
1340 4699 1469 4772 περὶ
1520 4672 1941 4771 ὑμῶν’-ἀγωνιῶ

2059 4720 2173 4760 non
2195 4701 2265 4756 de
2288 4672 2449 4755 vobis
2471 4691 2762 4763 sollicitus,
2789 4687 2885 4758 qui
2905 4681 3119 4742 strenui
3153 4676 3404 4734 veritatis
3427 4672 3642 4745 pugiles

380 4800 492 4854 τῶν
548 4796 810 4867 γενναίων
883 4794 983 4865 τῆς
1051 4790 1310 4864 ἀληθείας
1386 4791 1701 4860 ἀγωνιστῶν
1725 4830 1740 4854 ,
1847 4789 1961 4843 ἀλλ’

383 4890 541 4954 εἰδὼς
560 4891 643 4944 ὅτι
674 4886 961 4958 συμβαίνει
1001 4886 1094 4939 καί¹
1116 4882 1505 4953 ἀσθενέστερον
1542 4881 1846 4936 διακεῖσθαί
1877 4900 1964 4934 τι-

382 5002 501 5046 νας.
551 4983 616 5036 Et
659 4979 771 5051 γὰρ
808 4979 866 5032 ὲν
902 4976 1225 5030 δυοκαίδεκα
1265 4974 1584 5038 ἀποστόλοις
1634 4969 1714 5037 εἷς
1764 4973 1965 5044 εὑρέθη

384 5075 671 5146 προδότης,
702 5070 925 5141 εὔδηλον
959 5070 1043 5123 ὃτι
1077 5070 1135 5122 ὲν
1180 5067 1604 5128 πολλαπλασίοις
1648 5064 1958 5135 ἀνθρώποις

384 5168 607 5230 πλείους
648 5163 800 5236 εὖροι
847 5179 933 5226 τις
976 5160 1043 5214 ἂν
1079 5159 1181 5231 τῆς
1223 5158 1559 5228 τελειότητος
1603 5155 1957 5217 ἀποδέοντας.

384 5259 572 5315 Ταῦτα
605 5257 951 5327 λογιζόμενος
985 5251 1306 5323 συνεχύθην,
1338 5250 1433 5304 καὶ
1463 5249 1705 5320 ἀθυμίας
1736 5248 1966 5318 ἐνεπλή-

387 5346 526 5417 σθην
551 5345 772 5416 πολλῆς.
832 5363 853 5397 ‹
892 5344 956 5397 Εἰ
984 5343 1092 5414 γάρ
1121 5343 1319 5412 πάσχει
1370 5340 1430 5393 ἓν
1479 5339 1657 5410 μέλος,
1694 5338 1836 5391 κατά
1876 5338 1968 5390 τὸν

388 5438 533 5491 θεῖον
566 5435 910 5499 Ἀπόστολον,
942 5433 1253 5505 συμπάσχει
1282 5431 1459 5485 πάντα
1486 5432 1553 5485 τὰ
1576 5430 1737 5501 μέλη.
1768 5449 1786 5481 ι
1816 5430 1969 5502 Μέλη

387 5531 447 5583 δὲ
473 5529 718 5601 ἀλλήλων
743 5528 932 5598 ἐσμὲν,
960 5527 1054 5581 καὶ
1078 5527 1157 5590 είς
1180 5524 1239 5578 ἒν
1265 5524 1426 5595 σῶμα
1470 5522 1625 5576 τελοῦ
1635 5540 1755 5592 μεν,
1796 5539 1968 5592 κειρα-

390 5620 494 5691 λὴν
538 5620 755 5691 ἔχοντες
787 5620 877 5672 τὸν
921 5617 1196 5687 Δεσπότην
1241 5615 1494 5686 Χριστόν.
1530 5613 1676 5667 Μίαν
1715 5611 1772 5667 δὲ
1818 5615 1968 5684 ὅμως

390 5713 417 5766 ε
426 5732 504 5782 χω
526 5711 635 5782 (5t!)
655 5710 749 5764 τοῦ
771 5709 974 5772 πάθους
994 5705 1446 5779 παραψυχὴν,τὴν
1464 5704 1734 5776 ὑμετέραν
1750 5706 1829 5768 είς
1845 5705 1970 5760 νοῦν

472 5832 512 5862 ⁸⁸
548 5829 731 5885 lTim.
761 5843 815 5892 ιι,
839 5827 890 5879 4.
967 5823 1011 5855 δ’
1038 5823 1270 5879 Baruch.
1308 5838 1385 5889 Ill,
1414 5821 1502 5877 58.

472 5923 585 5997 (50)
618 5922 773 5993 ἔσχον
798 5918 965 5994 Neap.

2059 4796 2194 4853 estis
2219 4812 2233 4848 :
2263 4790 2360 4847 sed
2383 4785 2532 4858 quod
2566 4783 2736 4839 sciam
2765 4777 3011 4843 evenire,
3038 4781 3101 4828 ut
3148 4768 3505 4827 inﬁrmiores.
3532 4763 3645 4819 sint

2059 4882 2332 4944 nonnulli.
2365 4876 2582 4935 Etenim
2615 4874 2662 4929 si
2716 4873 2773 4927 in
2825 4866 3120 4924 duodecim
3171 4859 3437 4933 apostolis
3496 4869 3645 4910 unus

2063 4986 2320 5051 repertus
2350 4983 2437 5029 est
2455 4969 2727 5042 proditor,
2765 4962 2977 5035 1127
3026 4958 3176 5014 haud
3228 4954 3461 5012 dubium
3509 4949 3646 5051 quin

2064 5068 2372 5140 copiosiore
2398 5066 2453 5119 in
2472 5060 2760 5118 hominum
2783 5068 3018 5112 numero
3039 5053 3245 5108 multos
3272 5049 3346 5105 sit
3372 5043 3645 5109 invenire,

2065 5137 2161 5232 qui
2204 5153 2561 5230 perfectionis
2620 5163 2883 5207 numeros
2939 5159 3134 5201 omnes
3198 5156 3311 5196 non
3370 5137 3643 5209 expleant.

2062 5254 2194 5320 Quae
2236 5263 2453 5305 mecum
2490 5252 2757 5313 reputans
2789 5238 3155 5294 conturbatus
3183 5249 3329 5297 sum,
3361 5237 3418 5285 et
3450 5238 3648 5295 magno

2038 5314 2234 5413 animi
2282 5352 2522 5395 maerere
2579 5333 2828 5389 aﬂ'ectus.
2890 5349 2909 5382 ι
2939 5328 3000 5382 Si
3057 5324 3192 5397 quid
3245 5321 3391 5379 enim
3444 5314 3650 5386 patitur

2066 5441 2085 5460 ‘
2134 5449 2306 5491 unum
2354 5428 2685 5494 membrum,
2731 5433 2794 5480 ut
2843 5421 3069 5479 divinus
3103 5414 3298 5472 scribit
3330 5404 3648 5478 Apostolus,

2074 5523 2485 5596 compatiuntur
2525 5517 2710 5574 omnia
2764 5513 3012 5570 membra
3036 5508 3104 5562 “.
3143 5525 3161 5557 ι
3198 5500 3440 5558 Memtra
3466 5504 3652 5550 autem

2076 5629 2268 5673 sumus
2300 5610 2556 5675 invicem,
2604 5615 2665 5663 et
2701 5607 2757 5662 in
2808 5617 2979 5659 unum
3029 5611 3230 5667 corpus
3272 5587 3652 5650 coalescimus,

2078 5714 2242 5779 caput
2270 5703 2538 5760 habentes
2564 5698 2844 5755 Christum
2894 5690 3206 5748 Dominum.
3254 5685 3508 5741 Attamen
3550 5675 3653 5731 do-

1583 5820 1627 5853 ”
1668 5820 1799 5876 Luc.
1858 5838 1986 5891 uti,
2019 5822 2107 5880 5|.
2187 5822 2231 5855 “
2262 5821 2281 5876 l
2314 5818 2445 5878 Cor.
2486 5832 2576 5884 xu,
2610 5813 2701 5871 9.6.
