4056 6446
541 447 675 512 1247

1541 447 2030 510 THEODORETI
2069 444 2413 506 EPISCOPI
2451 445 2821 508 CYRENSIS

3639 454 3753 521 1248

535 561 708 613 lorem
743 571 925 613 meum
972 557 1150 614 reficit
1198 574 1304 612 una
1343 558 1670 626 consolatio,
1706 560 1837 616 dum
1873 567 2114 615 vestram

2219 555 2510 626 λαμϐάνων
2561 557 2838 626 ὁσιότητα.
2883 555 3008 618 Τοῖς
3063 555 3173 624 γὰρ
3219 555 3379 623 θείοις
3431 559 3755 631 ἐντραφέντες

535 649 715 719 cogito
735 648 1099 703 sanctitatem.
1132 649 1343 707 Divinis
1365 664 1602 720 namque
1623 651 1863 704 oraculis
1887 650 2111 714 eruditi,

532 747 589 793 et
620 755 649 794 a
674 747 952 808 pastorum
986 739 1235 810 principe
1271 740 1403 810 quid
1444 741 1652 795 bonum
1689 750 1967 811 pastorem
2015 742 2114 796 de-

532 830 712 900 signet
750 829 1052 896 informati,
1096 830 1325 885 dubium
1369 848 1479 886 non
1507 841 1592 887 est
1621 833 1756 904 quin
1790 849 1893 906 pro
1918 834 2116 888 ovibus

531 920 762 990 posituri
820 920 941 975 sitis
998 923 1212 978 animas
1243 932 1475 978 vestras.
1517 942 1534 974 ι
1562 923 1937 982 Mercenarius
1966 926 2114 982 enim

531 1027 655 1065 eum
679 1011 830 1066 videt
851 1012 1042 1082 lupum
1063 1013 1572 1084 venientem,fugit,
1596 1015 1725 1085 quia
1742 1016 2116 1071 mercenarius

529 1109 634 1166 cst,
662 1110 716 1155 et
751 1101 816 1156 ad
860 1119 1010 1168 eum,
1041 1104 1195 1173 juxta
1224 1104 1440 1158 Domini
1483 1120 1696 1172 vocem,
1724 1123 1836 1160 non
1874 1107 2116 1178 pertinet

530 1191 600 1245 de
657 1193 896 1259 ovibus;
969 1193 1149 1248 bonus
1197 1205 1380 1250 autem
1434 1205 1622 1265 pastor
1671 1198 1908 1252 animam
1958 1214 2115 1254 suam

530 1281 626 1337 dat
653 1299 754 1353 pro
792 1284 991 1338 ovibus
1024 1286 1139 1339 suis
1171 1285 1237 1338 ⁸⁵.
1277 1305 1295 1336 ι
1332 1287 1650 1357 Eodemque
1679 1289 1842 1344 modo
1876 1291 2115 1346 militum

531 1373 643 1428 dux
669 1377 910 1447 optimus
940 1376 1319 1431 fortitudinem
1353 1379 1633 1448 patefacit,
1659 1396 1772 1435 non
1797 1382 1950 1452 pacis
1981 1391 2116 1438 tem-

528 1480 686 1533 pore,
746 1467 840 1521 sed
900 1468 954 1522 in
1004 1469 1168 1534 bello,
1218 1469 1416 1538 partim
1447 1471 1584 1525 alios
1611 1473 1878 1539 excitans,
1915 1476 2113 1544 partim

531 1556 648 1628 ipse
687 1573 786 1627 pro
827 1559 1071 1613 exercitu
1105 1560 1366 1628 periculis
1397 1577 1455 1615 se
1479 1562 1766 1632 objiciens.
1797 1563 2114 1620 Absurdum

528 1647 730 1718 quippe
752 1649 895 1704 foret
926 1651 1150 1705 militari
1182 1652 1392 1707 honore
1413 1655 1570 1709 illum
1598 1654 1730 1722 frui,
1761 1666 1838 1721 et,
1864 1659 1958 1713 ubi
1982 1675 2115 1716 usus

529 1741 724 1809 poscit,
757 1741 1000 1810 pericula
1041 1742 1320 1813 defugere.

599 1827 723 1884 Haec
756 1831 1087 1886 beatissimis
1113 1849 1334 1904 quoque
1362 1835 1652 1905 prophetis
1696 1839 1752 1893 in
1785 1855 1938 1896 more
1965 1857 2113 1896 sem-
2147 1839 2152 1844 ’

2217 647 2392 714 λόγοις
2415 646 2651 716 (3⁸1),καλ⁸
2675 646 2824 718 παρὰ
2841 647 2934 700 τοῦ
2951 647 3337 717 ἀρχιποιμένος
3353 650 3700 722 μεμαθηκότες
3713 657 3754 710 τί

2215 737 2307 790 τὸν
2342 737 2550 806 ἀγαθὸν
2583 739 2975 809 χαρακτηρίζει
3021 738 3278 808 ποιμένα,
3308 737 3524 809 εὔδηλον
3573 743 3648 796 ὅτι
3673 745 3756 816 τὴν

2214 827 2392 899 ψυχὴν
2425 829 2578 898 ὑμῶν
2603 828 2796 900 θήσετε
2844 829 2983 898 ὑπὲρ
3024 830 3132 882 τῶν
3166 829 3468 898 προϐάτων,
3515 852 3533 884 ε
3568 835 3621 886 ὀ
3664 836 3756 908 γὰρ

2221 920 2517 991 μισθωτὸς,
2543 923 2672 975 ὅταν
2702 921 2787 991 ἴδῃ
2816 921 2907 974 τὶν
2935 920 3098 973 λύκον
3124 922 3435 991 ἐρχόμενον,
3469 923 3668 992 φεύγει,
3689 927 3756 980 ὅτι

2219 1010 2488 1081 μισθωτός
2518 1012 2655 1074 ἐστι,
2692 1011 2787 1064 καὶ
2825 1011 2886 1063 ού
2922 1011 3074 1082 μέλει
3097 1011 3245 1080 αὐτῷ
3285 1012 3412 1081 περῖ⁹
3442 1012 3545 1066 τῶν
3577 1016 3756 1083 προεά-

2216 1119 2344 1168 των,
2403 1103 2546 1156 κατὰ
2593 1103 2691 1173 τὴν
2741 1101 2833 1154 τοῦ
2884 1103 3091 1172 Κυρίου
3149 1104 3365 1173 φωνήν·
3415 1104 3444 1155 ὁ
3495 1103 3548 1157 δὲ
3579 1110 3758 1178 ποιμὴν

2214 1197 2242 1248 ὁ
2264 1194 2426 1258 καλὸς
2461 1196 2559 1265 τὴν
2588 1195 2770 1264 ψυχὴν
2816 1194 2986 1247 αὑτοῦ
3025 1193 3241 1262 τίθησιν
3275 1193 3412 1264 ὑπὲρ
3441 1195 3545 1248 τῶν
3572 1198 3755 1266 προεα-

2213 1304 2341 1340 των.
2377 1306 2395 1338 ι
2446 1285 2602 1339 Οὕτω
2640 1286 2734 1339 καὶ
2780 1284 3084 1356 στρατηγὸς
3113 1285 3334 1355 ἄριστος
3367 1287 3465 1338 ούκ
3501 1288 3556 1340 ὲν
3593 1291 3753 1360 εἰρήνῃ

2215 1379 2451 1432 δείκνυσι
2481 1378 2577 1444 τὴν
2621 1377 2828 1430 οἰκείαν
2860 1377 3104 1449 ἀνδρίαν,
3156 1376 3271 1430 ἀλλ’
3303 1379 3360 1429 ὲν
3394 1377 3470 1447 τῷ
3501 1378 3589 1431 τοῦ
3629 1381 3758 1433 πολέο

2218 1487 2320 1539 μου
2369 1468 2568 1540 καιρῷ,
2604 1469 2698 1520 καὶ
2747 1469 2874 1532 τοὺς
2921 1467 3115 1531 ἄλλους
3153 1468 3456 1538 διεγείρων,
3505 1471 3594 1522 καὶ
3623 1471 3756 1534 αὐτὸς

2216 1561 2649 1630 προκινδυνεύων
2674 1560 2775 1629 τῆς
2805 1561 3083 1628 στρατιᾶς.
3119 1562 3357 1612 ’Ἄτοπον
3385 1560 3510 1632 γὰρ,
3549 1562 3640 1630 τῆς
3679 1564 3759 1631 μὲν

2216 1649 2592 1720 στρατηγικῆς
2638 1649 2799 1703 αὐτὸν
2848 1648 3142 1703 ἀπολαύειν
3170 1649 3358 1719 τιμῆς,
3391 1650 3449 1702 ἐν
3491 1650 3544 1702 δὲ
3581 1651 3650 1720 τῷ
3679 1653 3758 1721 τῆς

2214 1741 2401 1813 χρείας
2425 1741 2601 1812 καιρῷ
2632 1741 2759 1805 τοὺς
2789 1742 3066 1804 κινδύνους
3110 1741 3544 1811 ἀποδιδράσκειν.

2286 1831 2472 1885 Ταῦτα
2517 1832 2610 1885 καὶ
2645 1833 2696 1884 οἱ
2752 1833 3148 1901 τρισμακάριοι
3199 1832 3476 1902 προφῆται
3525 1830 3761 1883 διετέλουν

527 1935 626 1990 per
664 1920 887 1976 fuerunt
923 1940 933 1974 :
971 1924 1088 1993 qui,
1131 1927 1381 1992 corporis
1425 1929 1602 1982 salute
1628 1932 1962 2002 postposita,
2014 1950 2113 2003 pro

2217 1921 2496 1986 ποιοῦντες
2524 1938 2539 1953 ⁸
2576 1923 2670 1976 καὶ
2704 1923 2800 1993 τῆς
2843 1923 2940 1992 μὲν
2976 1921 3299 1991 σωματικῆς
3341 1921 3605 1991 σωτηρίας
3647 1921 3761 1990 ὴμέ-

525 2010 746 2077 Judzeis,
763 2014 856 2083 qui
877 2016 1024 2084 ipsos
1042 2018 1340 2074 oderautet
1363 2023 1783 2089 aversabantur,
1806 2027 2017 2082 nullum
2037 2031 2116 2084 la-

525 2099 712 2156 borem
735 2112 789 2158 et
813 2105 1121 2174 periculum
1144 2107 1523 2165 detrectabant
1549 2130 1560 2164 :
1588 2112 1655 2167 de
1672 2115 1874 2184 quibus
1894 2117 2116 2175 divinus

523 2191 818 2262 Apostolus
846 2214 858 2248 :
902 2216 919 2247 ι
948 2197 1196 2267 Lapidati
1218 2209 1366 2265 sunt,
1408 2203 1544 2256 secti
1569 2212 1717 2268 sunt,
1751 2209 1940 2264 tentati
1963 2219 2112 2276 sunt,

525 2285 673 2338 aede
694 2285 858 2355 gladii
877 2289 1081 2343 mortui
1120 2299 1267 2346 sunt.
1309 2291 1664 2350 Circuierunt
1691 2299 1743 2351 in
1780 2300 2016 2367 melotis,
2059 2303 2113 2357 in

524 2376 762 2445 pellibus
781 2379 1040 2447 caprinis,
1062 2391 1303 2452 egentes,
1333 2387 1648 2454 angustiati,
1669 2390 1876 2457 afllicti,
1911 2394 2114 2462 quibus
2153 2442 2156 2444 .

526 2465 724 2537 dignus
747 2485 854 2523 non
877 2481 995 2526 erat
1017 2473 1109 2528 hic
1128 2475 1389 2540 mundus,
1410 2479 1626 2550 1128
1647 2481 1698 2536 in
1721 2483 2114 2542 solitudinibus

526 2567 792 2623 errantes,
829 2570 885 2614 et
912 2563 1212 2629 montibus,
1246 2574 1301 2619 ct
1327 2568 1624 2636 speluncis,
1651 2580 1708 2626 ct
1730 2577 1982 2630 cavernis
2006 2586 2114 2631 ter-

527 2651 710 2702 ram.»
748 2651 838 2706 Sic
869 2662 925 2708 et
956 2654 1127 2710 divini
1156 2660 1388 2727 apostoli
1419 2661 1609 2716 orbem
1634 2664 1955 2722 universum
1981 2685 2111 2740 per-

525 2741 764 2809 agrando
809 2746 1207 2815 praedicabant,
1262 2767 1374 2805 non
1419 2753 1684 2811 habentes
1721 2757 1969 2824 domum,
2001 2778 2112 2818 non

525 2827 752 2895 lectum,
781 2849 889 2886 non
917 2841 1173 2903 stratum,
1202 2854 1313 2894 non
1338 2855 1604 2906 mensam,
1636 2861 1746 2898 non
1776 2847 1924 2902 aliud
1947 2849 2110 2918 quid-

525 2934 689 2987 quam
738 2937 930 2976 eorum
989 2943 1111 2995 quae
1158 2944 1293 2983 usus
1323 2933 1563 2999 postulat
1592 2940 1940 2994 necessarius
1971 2959 1983 2994 :
2013 2944 2108 2997 sed

525 3010 804 3083 ﬂagellati,
833 3025 889 3070 ct
914 3020 1063 3083 torti,
1091 3029 1147 3074 et
1170 3024 1487 3080 carceribus
1510 3026 1740 3093 detenti,
1767 3033 1938 3087 etalia
1963 3036 2110 3092 mille

526 3106 722 3161 mortis
751 3125 948 3179 genera
973 3111 1339 3181 perferentes.
1387 3116 1567 3187 Atque
1612 3119 1728 3176 lucc
1755 3123 1832 3176 illi
1860 3126 2107 3193 perfere-

527 3193 682 3262 bant,
720 3214 831 3254 non
874 3217 974 3270 pro
1015 3205 1162 3258 notis
1207 3214 1264 3259 et
1301 3207 1515 3273 amicis,
1567 3212 1662 3265 sed
1706 3229 1807 3282 pro
1843 3216 1952 3271 illis
1977 3218 2109 3288 ipsis
2136 3244 2176 3299 ρ

526 3288 622 3357 qui
664 3305 760 3345 eos
807 3295 1285 3364 persequebantur
1328 3301 1575 3369 pericula
1629 3304 1778 3360 ultro
1819 3308 2103 3367 adeuntes.

527 3379 648 3446 Quo
683 3394 832 3437 certe
871 3385 1077 3454 justius
1105 3405 1255 3446 nunc
1275 3399 1379 3456 est,
1424 3409 1526 3462 pro
1550 3393 1675 3450 ﬁdei
1700 3399 1886 3464 sociis,
1914 3410 1971 3456 et
1996 3403 2109 3458 fra-

527 3470 726 3536 tribus,
778 3483 834 3527 ct
880 3475 1035 3542 filiis,
1091 3478 1308 3536 irruens
1353 3481 1460 3538 hoc
1505 3491 1752 3555 tempore
1799 3491 2107 3558 periculum

526 3564 803 3631 amplecti.
839 3565 988 3622 lianc
1014 3571 1162 3626 enim
1193 3572 1249 3626 in
1272 3588 1403 3630 suos
1426 3575 1866 3636 benevolentiam
1889 3583 2121 3640 insitam

527 3653 695 3710 habet
737 3657 902 3712 etiam
958 3670 1152 3717 natura
1198 3664 1488 3722 brutarum
1532 3670 1919 3727 animantium.
1972 3676 2107 3732 Nam

527 3754 585 3802 et
607 3763 859 3817 passeres
887 3753 1078 3810 videre
1101 3764 1186 3812 est
1217 3774 1319 3827 pro
1342 3760 1508 3828 pullis
1530 3755 1645 3818 suis
1671 3767 1852 3834 quoad
1879 3780 2110 3837 possunt

528 3836 876 3896 decertantes
897 3882 910 3906 ,
966 3853 1024 3899 et
1070 3862 1209 3916 quas
1240 3849 1386 3904 vires
1423 3850 1629 3906 habent
1662 3855 1729 3909 ad
1760 3836 1978 3912 illorum
2010 3860 2106 3915 de-

528 3926 834 3984 fensionem
865 3943 1188 3990 exercentes
1241 3954 1255 3991 :
1303 3946 1360 3993 et
1387 3941 1492 3995 alia
1523 3943 1778 4000 similiter
1821 3949 2106 4006 volucrum

529 4033 729 4088 genera
751 4037 850 4091 pro
871 4026 1114 4093 parvulis
1138 4029 1253 4085 suis
1274 4033 1582 4101 periculum
1607 4037 1864 4094 subeunt.
1890 4042 1956 4096 Et
1975 4044 2107 4112 quid

527 4110 784 4167 volucres
828 4114 987 4170 dico?
1040 4119 1174 4185 ursi,
1227 4130 1285 4178 et
1311 4125 1493 4193 pardi,
1537 4135 1593 4182 et
1615 4129 1782 4199 lupi,‘
1817 4142 1874 4188 et
1922 4110 2110 4191 leones

528 4203 815 4271 quodlibet
834 4222 934 4276 pro
951 4209 1163 4268 fetuum
1183 4228 1408 4271 suorum
1425 4219 1599 4275 salute
1620 4225 1830 4293 perpeti
1849 4228 2106 4297 gaudent.

528 4293 640 4349 Nec
665 4295 813 4349 enim
842 4297 1119 4361 irruentes
1142 4304 1451 4373 declinant,
1505 4311 1601 4367 sed
1626 4293 2111 4390 illorumvimpetus

527 4387 830 4457 excipiunt,
864 4399 920 4446 et
947 4406 1046 4462 pro
1075 4396 1222 4454 natis
1241 4399 1356 4454 suis
1386 4400 1666 4459 dimicant.

602 4715 727 4770 llzec
749 4732 913 4785 porro
947 4719 1020 4774 ita
1045 4719 1304 4786 disserui,
1341 4737 1452 4777 non
1479 4731 1540 4778 ut
1567 4724 1780 4779 ratione
1805 4727 2110 4781 carentium

529 4809 784 4878 exemplo
809 4810 1052 4865 animum
1082 4813 1277 4867 addam
1301 4815 1492 4883 pietati
1515 4826 1730 4880 vestrm,
1758 4817 1852 4871 sed
1881 4828 1941 4872 ut
1960 4819 2115 4873 dolo-

533 4914 646 4954 rem
679 4900 795 4968 ipse
819 4917 1000 4956 meum
1025 4903 1249 4969 leniam,
1277 4904 1618 4974 doceamque
1644 4922 1743 4960 vos
1770 4906 1974 4962 Christi
1999 4925 2115 4977 gre-

531 5005 650 5059 gem
689 4991 1028 5049 irruentibus
1057 4994 1200 5064 lupis
1231 4995 1349 5049 sine
1385 5005 1600 5064 pastore
1635 5012 1742 5050 non
1774 4998 2111 5065 deserturos,

531 5083 649 5144 sed,
677 5083 940 5138 advocato
956 5086 1022 5140 ad
1043 5087 1305 5140 auxilium
1329 5088 1451 5156 ejus
1463 5088 1716 5154 Domino,
1734 5089 1988 5146 alacriter
2014 5107 2114 5161 pro

533 5169 684 5227 illius
714 5173 1034 5230 defensione
1064 5181 1420 5245 pugnaturos.
1459 5176 1573 5231 Hoc
1595 5179 1740 5232 enim
1768 5188 1983 5250 tempus
2014 5183 2111 5237 dc-

531 5265 704 5318 clarat
751 5265 874 5334 quis
918 5266 990 5320 sit
1028 5277 1248 5335 pastor,
1305 5269 1431 5337 quis
1461 5271 1853 5336 mercenarius,
1902 5284 1958 5329 et
1990 5276 2114 5344 quis

535 5373 751 5428 gregem
788 5357 1082 5425 diligenter
1117 5365 1332 5425 pascat,
1374 5359 1589 5429 1129
1620 5362 1746 5430 quis
1779 5363 1864 5417 lac
1888 5364 2112 5433 quidem

539 5446 786 5499 comedat
809 5485 823 5508 ,
877 5455 934 5498 et
960 5444 1102 5499 lanis
1138 5445 1422 5515 operiatur
1445 5489 1459 5512 ,
1509 5451 1692 5504 ovium
1720 5467 1852 5506 vero
1879 5453 2112 5507 salutem

605 5601 650 5634 ⁸⁸
681 5601 919 5666 Joanz'x,
952 5600 1038 5668 12,
1080 5600 1166 5655 15.
1243 5601 1288 5633 ⁸⁸
1318 5601 1482 5657 Hebr.
1512 5621 1585 5671 τι,
1617 5606 1706 5670 '57,
1737 5606 1825 5659 58.

609 5737 722 5864 (εξιζ
751 5739 952 5804 λογίοις
982 5742 1044 5795 Ν.

612 5807 701 5864 (59.
757 5809 1044 5864 καθειογόυ

757 5809 1168 5881 καθειργόμενοι
1206 5813 1370 5881 Neap.

615 5877 724 5943 (33)
759 5878 847 5934 Sic
873 5877 1029 5934 recte
1062 5877 1469 5951 Neapolitanus.
1505 5885 1825 5941 Sirmondus
1878 5888 2112 5945 habebat

2215 2014 2368 2068 λουψ
2397 2015 2572 2068 πάντα
2602 2015 2656 2067 δὲ
2689 2015 2848 2067 πόνον
2873 2015 2962 2068 καὶ
2993 2013 3236 2068 κίνδυνον
3268 2013 3408 2081 ὑπὲρ
3443 2013 3547 2064 τῶν
3577 2011 3764 2081 μισούν-

2214 2119 2322 2155 των
2357 2103 2552 2164 αύτοὺς
2601 2103 2695 2156 καὶ
2740 2102 3238 2174 ἀποστρεφομένων
3301 2101 3562 2154 Ἰουδαίων
3604 2101 3763 2153 ἀνεδέ-

2215 2211 2392 2264 χοντο.
2448 2195 2584 2264 Περὶ
2624 2194 2828 2248 τούτων
2856 2197 3020 2263 φησὶν
3076 2195 3103 2246 6
3153 2194 3297 2257 θεῖος
3338 2193 3664 2256 ’Λπόστολος,
3697 2193 3762 2244 ὅτι

2221 2304 2240 2335 ι
2292 2283 2704 2354 Ἐλιθάσθησαν,
2739 2284 3102 2354 ἐπρίσθησαν,
3140 2283 3534 2354 ἐπειράθησαν,
3559 2284 3612 2334 ἐν
3645 2282 3764 2350 φόνῳ

2217 2374 2491 2445 μαχαίρας
2519 2373 2806 2427 ἀπέθανον.
2831 2372 3142 2444 ,Περιῆλθον
3176 2375 3234 2425 ὲν
3267 2373 3564 2442 μηλωταῖς,
3606 2374 3658 2424 ἐν
3697 2373 3764 2423 αἱ·

2214 2466 2383 2535 γείοις
2421 2465 2710 2542 δέρμασιν)
2743 2464 3130 2536 ὑστερούμενοι
3163 2505 3178 2529 ,
3224 2464 3560 2533 θλιϐόμενοι,
3591 2480 3765 2515 κακου-

2214 2555 2490 2626 χούμενοι,
2530 2550 2604 2610 ὧν
2635 2553 2734 2609 ούκ
2776 2553 2842 2628 ἦν
2874 2558 3023 2623 ἄξιος
3058 2559 3086 2609 ὁ
3120 2558 3333 2625 κόσμος
3363 2549 3542 2620 οὗτος·
3575 2556 3627 2607 ὲν
3659 2556 3766 2624 ἐρη-

2217 2649 2366 2719 μίαις
2392 2649 2756 2720 πλανώμενοι,
2784 2650 2880 2702 καὶ
2907 2649 3079 2719 ὄρεσι,
3105 2649 3199 2702 καὶ
3222 2647 3536 2718 σπηλαίοις,
3563 2651 3647 2700 καὶ
3670 2650 3767 2709 ταῖς

2213 2740 2374 2803 ὀπαῖς
2422 2741 2521 2810 τῆς
2560 2740 2684 2808 γῆς.
2733 2759 2749 2792 ι
2790 2737 2976 2801 Οὕτως
3018 2739 3068 2791 οἱ
3107 2738 3238 2797 θεῖοι
3277 2737 3568 2791 ἀπόστολοι
3611 2739 3764 2790 πᾶσαν

2214 2831 2658 2902 περινοστοῦντες
2699 2831 2799 2901 τὴν
2837 2830 3161 2900 οἰκουμένην
3207 2831 3533 2900 ἐκήρυττον,
3581 2829 3672 2882 οὐκ
3701 2829 3765 2881 οἱ·

2213 2923 2337 2975 κίαν
2369 2921 2602 2992 ἔχοντες,
2629 2923 2687 2974 ού
2711 2921 2922 2991 κλίνην,
2953 2922 3014 2973 οὐ
3049 2921 3367 2992 στρωμνὴν,
3403 2923 3461 2975 ού
3492 2918 3762 2992 τράπεζαν,

2211 3016 2311 3067 οὐκ
2340 3014 2508 3085 ἄλλην
2536 3012 2659 3066 τινὰ
2684 3013 2789 3066 τῶν
2818 3014 3132 3082 ἀναγκαίων
3169 3015 3395 3084 χρείαν”
3435 3014 3544 3067 ἀλλ’
3583 3012 3765 3076 αἰκιζό-

2215 3121 2385 3174 μενοι,
2414 3105 2508 3157 καὶ
2544 3103 2981 3174 στρεϐλούμενοι,
3008 3104 3100 3156 καὶ
3121 3104 3513 3176 καθειργμένοι
3531 3101 3766 3174 (52),:ul.

2215 3196 2386 3267 μυρία
2438 3196 2682 3250 θανάτων
2740 3197 3105 3267 ὑπομένοντες
3150 3199 3286 3267 εἴδη.
3343 3199 3452 3250 Καὶ
3491 3197 3654 3251 ταῦτα
3684 3197 3770 3248 ὺπ-

2211 3288 2424 3359 έμενον,
2472 3290 2570 3358 οὐχ
2622 3288 2763 3360 ὑπὲρ
2801 3288 3093 3359 γνωρίμων
3125 3288 3458 3359 ἀνθρώπων,
3502 3289 3610 3342 ἀλλ’
3641 3286 3765 3355 ὑπὲρ

2210 3379 2386 3433 αὐτῶν
2413 3379 2636 3432 ἐκείνων
2661 3379 2768 3432 τῶν
2804 3380 3104 3432 διωκόντων
3135 3380 3340 3444 αὐτοὺς
3359 3383 3484 3444 τοὺς
3517 3379 3770 3438 κινδύνους

2210 3469 2542 3538 αἱρούμενοι.
2593 3470 2780 3540 Πολλῷ
2823 3472 3002 3540 τοίνυν
3045 3471 3385 3541 δικαιότερον
3425 3471 3562 3542 ὑπὲρ
3593 3468 3766 3536 όμοπί-

2213 3579 2372 3624 στων,
2409 3560 2504 3614 καὶ
2543 3561 2805 3628 ἀδελφῶν,
2843 3562 2934 3613 καὶ
2959 3560 3201 3622 τέκνων,
3252 3563 3349 3615 τὸν
3388 3563 3480 3616 ἐπὶ
3517 3560 3609 3614 τοῦ
3646 3575 3770 3628 παρ-

2210 3655 2358 3715 όντος
2384 3653 2882 3724 προσ6α>.όντα(55)
2909 3652 3150 3705 κίνδυνον
3171 3653 3555 3720 ἀναδέξασθαι.
3581 3651 3772 3719 Ταύτην

2210 3745 2318 3816 γὰρ
2337 3746 2434 3814 τὴν
2460 3744 2842 3816 φιλοστοργίαν
2874 3743 2986 3814 ἔχει
3013 3744 3108 3797 καὶ
3133 3743 3242 3797 τῶν
3268 3746 3483 3814 ἀλόγων
3507 3747 3540 3816 ἡ
3565 3744 3713 3813 φύσις
3747 3761 3757 3772 ·

2210 3835 2324 3889 ἔστι
2365 3835 2473 3906 γὰρ
2503 3837 2630 3888 ἰδεῖν
2668 3837 2762 3888 καὶ
2806 3834 3096 3906 στρουθοὺς
3129 3836 3272 3907 ὑπὲρ
3293 3838 3405 3890 τῶν
3427 3837 3653 3891 νεοττῶν
3673 3834 3772 3904 (.54)

2213 3928 2667 3998 ύπερμαχοῦντας
2715 3929 2795 3991 εἱς
2839 3928 3092 3998 δύναμιν,
3141 3928 3236 3980 καὶ
3281 3931 3351 4000 ἣν
3395 3928 3605 3998 ἔχουσιν
3632 3926 3769 3995 ἰσχὺν

2213 4021 2351 4091 ὑπὲρ
2393 4020 2599 4073 τούτων
2643 4020 2996 4090 εἰσφέροντας
3015 4037 3028 4051 ·
3059 4022 3156 4072 καὶ
3188 4021 3234 4071 τ’
3256 4021 3393 4073 ἄλλα
3439 4021 3494 4072 δὲ
3525 4019 3630 4071 τῶν
3659 4034 3777 4086 πτη-

2212 4111 2319 4165 νῶν
2347 4110 2476 4180 γένη
2500 4110 2591 4162 τὸν
2631 4111 2771 4182 ὑπὲρ
2788 4111 2895 4163 τῶν
2927 4111 3164 4180 ἐκγόνων
3180 4111 3424 4164 κίνδυνον
3447 4109 3768 4178 ἀναδέχεται.

2210 4203 2383 4256 Καὶτί
2407 4203 2547 4271 λέγω
2567 4202 2632 4255 τὰ
2661 4204 2838 4274 πτηνὰ
2862 4221 2876 4266 ;
2900 4205 3009 4257 Καὶ
3030 4203 3138 4274 γὰρ
3159 4204 3348 4275 ἄρκτοι
3376 4204 3512 4274 (55),
3541 4204 3631 4256 καὶ
3659 4217 3778 4270 παρ·

2210 4293 2411 4358 δάλειςν
2467 4294 2560 4348 καὶ
2602 4294 2776 4360 λύκοι,
2813 4296 2908 4348 καὶ
2947 4296 3180 4358 λέοντες,
3227 4298 3336 4350 πᾶν
3379 4296 3558 4350 ὁτιοῦν
3605 4293 3778 4346 παθεῖν

2211 4383 2352 4454 ὑπὲρ
2377 4383 2471 4453 τῆς
2501 4383 2610 4436 τῶν
2635 4382 2873 4451 ἐκγόνων
2917 4369 3189 4454 σωτηρίας
3233 4384 3517 4453 αἱροῦνται
3548 4402 3560 4413 ·
3597 4383 3656 4436 ού
3685 4381 3780 4452 γὰρ

2213 4473 2477 4542 φεύγουσι
2502 4474 2628 4536 τοὺς
2666 4473 2938 4536 ἐπιόντας,
2971 4473 3106 4526 ἀλλὰ
3153 4475 3248 4544 τὴν
3293 4475 3505 4527 τούτων
3544 4474 3779 4544 δέχονται

2140 4587 2184 4641 ι)
2215 4565 2542 4636 προσϐολὴν,
2575 4565 2670 4619 καὶ
2697 4563 2806 4617 τῶν
2836 4564 3041 4618 τέκνων
3077 4565 3486 4636 ὑπερμαχοῦσι.

2379 4685 2412 4708 θ’

2283 4723 2469 4776 Ταῦτα
2495 4725 2550 4778 δὲ
2581 4723 2878 4793 διεξῆλθον,
2910 4723 3009 4775 οὐκ
3052 4723 3116 4775 ὲκ
3140 4722 3240 4792 τῆς
3268 4723 3375 4776 τῶν
3407 4724 3618 4792 ἀλόγων
3649 4719 3774 4774 είκό·

2213 4832 2299 4877 νος
2328 4816 2404 4876 εἰς
2446 4815 2722 4884 ὑπομονὴν
2750 4815 2843 4867 καὶ
2872 4815 3167 4884 καρτερίαν
3207 4815 3307 4886 τὴν
3337 4815 3617 4884 ὑμετέραν
3646 4813 3782 4881 φιλο-

2212 4906 2362 4959 θεῒαν
2390 4905 2646 4972 ἀλείφων,
2679 4905 2792 4958 ἀλλ’
2816 4905 3054 4975 ἐμαυτὸν
3084 4905 3177 4958 ἐπὶ
3202 4908 3267 4976 τῇ
3297 4905 3508 4976 ἀθυμία
3543 4904 3782 4976 ψυχαγω-

2210 4996 2342 5065 γῶν,
2387 4997 2482 5049 καὶ
2527 4996 2751 5059 πείθων,
2791 4996 2867 5059 ὡς
2905 4997 2966 5048 ού
3012 4995 3366 5066 καταλείψετε
3418 4996 3512 5050 τοῦ
3564 4989 3782 5066 Χριστοῦ

2210 5089 2308 5158 τὴν
2339 5089 2574 5159 ποίμνην
2608 5087 2716 5140 τῶν
2744 5087 2924 5140 λύκων
2955 5089 3218 5140 ἐπιόντων
3254 5089 3384 5141 ἀπο(
3391 5105 3596 5157 μαντον
3628 5105 3638 5116 ·
3665 5083 3783 5138 ἀλλὰ

2207 5179 2299 5232 τὸν
2332 5178 2532 5246 ταύτης
2575 5176 2780 5246 Κύριον
2813 5180 2894 5242 είς
2930 5181 3250 5250 συμμαχίαν
3283 5181 3636 5242 καλέσαντες,
3675 5191 3784 5246 προ-

2209 5269 2396 5341 θύμως
2435 5269 2756 5336 ἀναδέξεσθε
2801 5271 2892 5322 τὸν
2927 5271 3069 5340 ὑπὲρ
3116 5272 3284 5342 αὐτῆς
3333 5271 3548 5339 ἀγῶνα.
3597 5271 3652 5323 ’0
3689 5267 3784 5336 γὰρ

2207 5362 2446 5425 τοιοῦτος
2473 5362 2662 5433 καιρὸς
2693 5361 2984 5425 δείκνυσιν,
3016 5364 3100 5427 τίς
3135 5364 3234 5433 μὲν
3264 5365 3495 5434 ποιμὴν,
3529 5363 3610 5426 τίς
3631 5361 3684 5413 δὲ
3707 5376 3784 5427 μι-

2212 5453 2436 5518 σθωτὸς,
2473 5453 2568 5507 καὶ
2601 5453 2682 5518 τίς
2719 5453 2818 5523 μὲν
2851 5454 3157 5522 φιλοπόνως
3190 5455 3503 5526 ποιμαίνει,
3535 5454 3614 5519 τίς
3647 5451 3698 5505 δὲ
3728 5447 3780 5502 τ’)

2222 5752 2612 5820 προϐάλλοντα.
