4056 6416
333 383 456 449 1249

1624 371 1986 434 EPISTOLA
2028 371 2313 430 LXXVII.

3455 366 3588 428 1250

334 502 423 570 μὲν
453 497 594 566 γάλα
638 493 832 560 ἐσθίει,
875 489 1064 546 καὶτὰ
1109 489 1230 560 ἔρια
1275 485 1683 558 περιϐάλλεται,
1715 485 1812 554 τῆς
1839 482 1895 534 δὲ

2039 497 2229 552 isuper
2259 481 2476 536 habeat.
2515 501 2533 534 ι
2564 481 2668 536 Sed
2700 482 2876 537 ﬁdelis
2905 483 3069 546 Deus,
3095 481 3189 550 qui
3215 497 3321 534 neu
3346 491 3586 548 patietur

331 593 429 646 τῶν
460 587 746 660 προϐάτιον
774 584 1047 655 σωτηρίας
1077 581 1425 651 καταφρονεῖ.
1451 597 1470 630 ι
1509 577 1670 630 Ἀλλὰ
1708 574 1899 654 πιστὸς

332 685 360 735 ὁ
385 681 532 743 Θεὸς.
587 679 646 742 ὃς
684 678 784 730 οὐκ
818 676 968 728 ἐάσει
1011 674 1156 742 ὑμᾶς
1186 669 1514 742 πειραθῆναι
1555 667 1693 737 ὑπὲρ
1732 665 1761 717 ὃ
1811 664 1904 716 δύ-

333 774 509 836 νασθε,
537 771 672 824 ἀλλὰ
711 770 928 836 ποιήσει
962 767 1057 820 σὺν
1102 765 1181 834 τῷ
1215 762 1507 834 πειρασμῷ
1545 761 1637 814 καὶ
1673 757 1773 827 τὴν
1810 756 1903 809 ἕκ-

331 867 481 917 6ισιν
501 861 596 916 τοῦ
628 859 888 912 δύνασθαι
915 856 1059 927 ὑμᾶς
1084 857 1426 922 ὑπενεγκεῖν.
1450 873 1468 906 ι
1489 853 1695 905 Ἐκεῖνο
1716 849 1770 902 δὲ
1798 865 1905 901 πα⁴

337 953 547 1026 ρακαλῶ
573 953 672 1023 τὴν
704 948 978 1021 ὑμετέραν
1012 947 1346 1009 θεοσέϐειαν,
1393 944 1533 997 ὥστε
1568 944 1677 995 τῶν
1708 939 1906 1012 σαθρο-

331 1048 500 1115 τέρων
529 1043 752 1096 πλείονα
783 1038 1121 1110 ποιήσασθαι
1155 1038 1414 1110 πρόνοιαν
1437 1049 1454 1067 ο
1494 1035 1590 1088 καὶ
1622 1033 1695 1103 μὴ
1747 1032 1904 1100 μόνον

330 1139 450 1198 τοὺς
494 1133 884 1203 σαλευομένους
925 1129 1198 1200 στηρίξαι,
1240 1128 1375 1182 ἀλλὰ
1405 1127 1651 1186 καὶτοὺς
1689 1140 1906 1176 πεπτω-

333 1227 490 1291 κότας
511 1228 722 1295 ἐγεῖραι
756 1241 770 1254 ο
803 1223 922 1276 οὐδὲ
958 1222 1066 1292 γὰρ
1101 1222 1149 1273 οἱ
1194 1219 1449 1289 ποιμένες
1481 1217 1590 1268 τῶν
1623 1213 1906 1281 νενοσηκό-

2002 589 2100 628 vos
2148 574 2346 628 tentari
2380 591 2542 644 supra
2571 575 2622 628 id
2659 574 2806 644 quod
2837 574 3090 643 potestis,
3145 573 3240 627 sed
3271 573 3434 625 faciet
3464 587 3588 625 cum

2003 667 2308 721 tentationc
2361 667 2528 720 etiam
2573 668 2780 721 exitum
2831 674 2891 720 ut
2926 667 3149 736 possitis
3175 665 3451 720 sustinere
3470 664 3532 716 *7.
3568 682 3587 715 ι

2003 757 2142 812 Illud
2165 766 2348 811 autem
2378 773 2477 813 oro
2501 758 2761 827 pietatem
2788 766 3026 812 vestram
3051 798 3061 822 ,
3115 766 3176 810 ut
3197 771 3331 826 erga
3355 754 3591 809 debilio-

2005 863 2095 902 res
2129 849 2392 918 majorem
2417 850 2687 903 exseratis
2716 850 3143 919 providentiam,
3179 864 3243 902 ac
3273 863 3384 902 non
3413 848 3592 900 solum

2011 939 2342 995 ﬂuctuantes
2388 941 2716 1006 stabiliatis,
2772 943 2867 996 sed
2912 943 3095 1010 lapsos
3136 941 3302 995 etiam
3349 938 3590 1008 erigatis.

2010 1033 2200 1102 Neque
2226 1034 2373 1086 enim
2427 1042 2675 1102 pastores
2719 1033 3000 1087 morbidas
3023 1047 3156 1086 oves
3180 1039 3543 1086 contemnunt
3576 1047 3590 1084 :

2012 1126 2109 1180 sed
2154 1127 2252 1180 has
2295 1127 2518 1196 quidem
2571 1127 2641 1180 ab
2685 1125 2792 1180 illis
2835 1126 3168 1195 scjungunt,
3221 1125 3432 1178 nullum
3461 1138 3594 1176 vero

2012 1211 2080 1266 ad
2105 1227 2198 1266 eas
2220 1213 2494 1267 curandas
2528 1214 2759 1267 remedii
2789 1229 2962 1283 genus
2986 1213 3431 1282 praetermittunt.

333 1336 434 1370 των
458 1317 721 1386 ἀμελοῦσι
764 1313 1075 1386 προϐάτων,
1124 1311 1263 1365 ἀλλὰ
1295 1310 1591 1381 χωρίζουσι
1631 1307 1729 1378 μὲν
1797 1304 1935 1358 αὐτὰ
1975 1302 2084 1357 τῶν
2135 1304 2333 1370 ἄλλων,
2366 1307 2476 1359 πᾶν
2517 1306 2573 1358 δὲ
2620 1301 2760 1369 εἶδος
2794 1307 2974 1369 αὐτοῖς
3023 1305 3321 1376 θεραπείας
3356 1303 3596 1374 προσ-ςέ-

339 1429 504 1484 ρουσι.

400 1500 572 1552 Τοῦτο
597 1498 691 1552 καὶ
731 1499 862 1567 ἡμῖν
899 1493 1170 1566 ποιητέον.
1199 1493 1337 1555 Τοὺς
1369 1492 1480 1562 γὰρ
1511 1487 1909 1548 ὀλισθαίνοντας

335 1592 631 1660 ἀναστῆσαι
665 1590 955 1659 προσήκει,
975 1587 1069 1640 καὶ
1095 1588 1250 1656 χεῖρα
1276 1584 1477 1654 ὀρέξαι,
1507 1583 1600 1635 καὶ
1625 1579 1909 1651 παραθαρ-

338 1683 512 1746 σῦναι,
547 1681 640 1733 καὶ
671 1679 738 1732 τὰ
767 1678 1103 1748 ἐγγενόμενα
1136 1676 1392 1745 δήγματα
1419 1671 1778 1748 θεραπεῦσαι,
1815 1670 1910 1722 καὶ

2086 1482 2202 1537 Hoc
2227 1490 2284 1538 et
2312 1483 2473 1539 nobis
2501 1483 2874 1552 praestandum
2900 1490 3006 1537 est.
3062 1481 3271 1552 Lapsos
3299 1482 3448 1535 enim
3487 1483 3599 1537 eri-

2014 1589 2142 1644 gere
2172 1583 2410 1644 oportet,
2464 1591 2794 1645 manumque
2822 1575 3128 1645 porrigere,
3163 1581 3221 1628 et
3267 1573 3500 1638 hortari,
3543 1582 3602 1628 et

2018 1666 2200 1720 inﬁxis
2231 1667 2509 1721 morsibus
2555 1666 2797 1730 mederi,
2857 1666 3200 1733 salutemque
3236 1665 3454 1718 illorum
3491 1666 3598 1719 mi-

338 1773 410 1840 μὴ
437 1769 813 1837 ἀπαγορεῦσαι
846 1767 1024 1820 αὐτῶν
1058 1764 1156 1834 τὴν
1189 1764 1484 1833 σωτηρίαν,
1519 1762 1654 1833 μηδὲ
1684 1759 1911 1831 προδοῦ-

2039 1755 2164 1810 time
2213 1757 2576 1826 despondere,
2631 1771 2734 1810 nec
2780 1755 2986 1809 diaboli
3034 1755 3289 1809 faucibus
3331 1756 3594 1825 objiccre.

336 1879 423 1915 ναι
484 1861 561 1930 τῷ
615 1859 842 1930 στόματι
902 1857 997 1910 τοῦ
1041 1857 1312 1909 διαϐόλου.
1348 1855 1518 1907 Τοῦτο
1567 1853 1661 1906 καὶ
1705 1854 1732 1905 ὁ
1769 1852 1910 1913 θεῖος

334 1951 630 2010 ἀπόστολος
663 1948 876 2012 Παῦλος
909 1947 1134 2000 διετέλει
1163 1945 1354 1999 ποιῶν·
1385 1945 1479 1998 καὶ
1511 1943 1778 2004 Γαλάτας,
1817 1957 1912 2009 μει-

337 2043 406 2096 τὰ
433 2043 494 2095 τὸ
524 2045 791 2112 σωτήριον
833 2039 1140 2109 βάπτισμα,
1175 2037 1270 2090 καὶ
1300 2035 1397 2107 τὴν
1431 2035 1526 2087 τοῦ
1565 2034 1711 2086 θείου
1742 2029 1916 2084 Πνεῦ-

342 2151 508 2205 ματος
534 2133 823 2204 χορηγίαν,
851 2132 928 2194 εἰς
953 2131 1050 2199 τὴν
1083 2127 1378 2198 Ἰουδαῖκὴν
1407 2127 1692 2178 ἀσθένειαν
1714 2123 1917 2188 ἐξοκεί-

338 2230 558 2291 λαντας,
591 2229 684 2280 καὶ
712 2223 1014 2294 περιτομὴν
1044 2220 1390 2289 δεξαμένους,
1427 2217 1673 2286 ὠδύρατο
1702 2216 1800 2285 μὲν
1827 2215 1919 2267 καὶ

338 2319 644 2390 ὲθρὴνησεν
678 2315 819 2386 ὑπὲρ
861 2316 1041 2367 πᾶσαν
1079 2310 1292 2380 μητέρα
1325 2308 1698 2378 φιλόστοργονο
1728 2304 1919 2374 ἐθερά-

339 2428 510 2464 πευσε
533 2409 610 2471 δὲ,
645 2409 739 2460 καὶ
768 2406 864 2474 τῆς
893 2401 1204 2476 ἀρρωστίας
1237 2399 1452 2466 ἐκείνης
1483 2397 1798 2466 ἐλευθέρους
1823 2395 1923 2447 ἁπ-

331 2502 528 2570 ’έφηνε
567 2499 676 2551 Καὶ
717 2497 862 2548 ἔστιν
889 2492 1052 2547 αὑτοῦ
1097 2491 1330 2561 βοῶντος
1370 2488 1626 2542 ἀκοῦσαι·
1664 2505 1684 2536 ι
1720 2484 1921 2537 Τεκνία

344 2610 472 2662 μου,
523 2589 618 2650 οὓς
656 2587 818 2640 πάλιν
850 2585 1047 2645 ὠδίνω,
1089 2583 1247 2652 ἄχρις
1291 2572 1350 2632 οὗ
1389 2575 1648 2648 μορφωθῇ
1690 2573 1924 2646 Χριστὸς

341 2687 402 2738 ἐν
417 2685 598 2754 ὑμῖν.»
620 2679 776 2735 Οῦτω
799 2677 910 2730 τῶν
935 2675 1238 2744 Κορινθίων
1261 2670 1596 2730 διδάσκαλον,
1624 2669 1722 2738 τὴν
1747 2683 1924 2734 μυσα-

345 2777 446 2848 ρὰν
480 2774 696 2842 εκείνην
745 2766 1118 2838 τετολμηκότα
1164 2762 1441 2834 πορνείαν,
1489 2761 1584 2814 καὶ
1635 2758 1921 2810 ἐπαίδευσε

343 2863 650 2936 πατρικῶς,
713 2861 802 2913 καὶ
853 2858 1143 2911 ἐπαίδευσε
1202 2855 1322 2906 λίαν
1372 2850 1776 2920 ἐπιστημόνως,
1832 2848 1926 2899 καὶ

341 2955 629 3022 ἀποκόιζας
660 2953 717 3004 ἐν
750 2953 815 3020 τῇ
843 2947 1088 3019 προτέρᾳ
1113 2942 1350 3012 συνῆψεν
1385 2944 1444 2994 ἐν
1474 2944 1538 3011 τῇ
1558 2939 1805 3008 δευτέρᾳ,
1835 2936 1928 2989 καί

341 3062 532 3115 φησιν’
571 3064 589 3094 ε
619 3044 782 3094 ’Ὥστε
811 3042 955 3110 ὑμᾶς
983 3037 1180 3108 μᾶλλον
1201 3033 1533 3106 χαρίσασθαι
1553 3033 1648 3085 καὶ
1676 3045 1932 3100 παρακα-

2019 1849 2134 1904 Hoc
2154 1849 2374 1902 divinus
2398 1849 2616 1903 assidue
2637 1847 2932 1918 przestabat
2953 1847 3232 1916 apostolus
3256 1847 3456 1902 Paulus
3472 1863 3485 1899 :
3501 1845 3597 1917 qui

2022 1940 2272 2000 Galatas,
2304 1948 2427 2009 post
2454 1941 2695 1994 salutare
2728 1939 3018 2008 baptisma,
3049 1939 3332 2008 divinique
3360 1937 3599 2007 Spiritus

2020 2029 2365 2100 largitionem
2395 2069 2410 2091 ,
2471 2029 2528 2082 in
2559 2029 2868 2083 Judzeorum
2904 2030 3278 2082 infirmitatem
3318 2030 3602 2098 prolapsos

2022 2128 2079 2173 ct
2099 2120 2573 2174 circumeisioncm
2599 2120 2878 2188 amplexos
2895 2119 3056 2182 luxit,
3075 2118 3402 2188 deﬁevitque
3436 2133 3600 2189 supra

2025 2223 2189 2275 quam
2214 2216 2416 2262 matres
2437 2209 2739 2261 liberorum
2765 2218 3012 2262 amantes
3061 2208 3239 2261 solent
3288 2225 3301 2261 :
3349 2209 3608 2278 idemque

2027 2297 2260 2361 curavit,
2291 2305 2347 2351 et
2373 2313 2403 2350 a
2429 2296 2630 2352 morbo
2672 2297 2765 2349 illo
2815 2296 3037 2364 penitus
3075 2297 3359 2350 liberavit:
3389 2297 3531 2352 unde
3557 2306 3612 2351 et

2027 2391 2358 2444 clamantem
2388 2389 2579 2443 audire
2611 2389 2741 2443 licet
2766 2409 2778 2444 :
2816 2410 2832 2439 ι
2858 2389 3034 2443 Filioli
3061 2389 3197 2452 mei,
3247 2405 3384 2458 quos
3413 2389 3612 2444 iterum

2028 2481 2312 2550 parturio,
2369 2481 2544 2535 donec
2595 2480 2866 2534 formetur
2907 2481 3160 2535 Christus
3211 2481 3267 2534 in
3313 2481 3474 2534 vobis
3491 2480 3557 2533 θη.
3588 2501 3606 2531 ι

2028 2571 2441 2627 Corinthiorum
2473 2572 3083 2642 quoque‘magistrum,
3120 2572 3212 2640 qui
3244 2572 3510 2625 nefariam
3545 2573 3613 2626 il-

2031 2663 2140 2717 lam
2189 2662 2610 2717 fornicationem
2648 2671 2909 2731 patrarat,
2961 2670 3016 2716 et
3052 2670 3276 2731 paterne
3305 2663 3612 2732 castigavit,

2030 2764 2086 2810 et
2111 2754 2446 2824 peritissime
2471 2754 2708 2809 sanavit.
2757 2753 3006 2822 Cumque
3033 2754 3185 2807 illum
3218 2754 3272 2808 in
3303 2754 3488 2822 priore
3514 2754 3615 2808 ab-

2035 2847 2289 2901 scidisset
2337 2847 2603 2916 Epistola,
2656 2845 2710 2899 in
2761 2846 3068 2914 posteriore
3110 2845 3373 2910 restituit,
3407 2855 3465 2899 ct
3491 2846 3615 2901 ait:

2043 2961 2061 2992 ι
2078 2942 2156 2995 lta
2180 2951 2240 2995 ut
2251 2955 2348 2994 vos
2366 2939 2539 3009 magis
2559 2937 2886 2993 condonetis
2902 2946 2959 2990 et
2975 2936 3334 2992 consolemini
3362 2955 3373 2989 :
3394 2952 3462 2990 ne
3480 2936 3618 2990 forte

2036 3031 2426 3087 abundantiori
2485 3029 2708 3084 tristitia
2773 3028 3139 3083 absorbeatur
3200 3026 3296 3095 qui
3349 3024 3620 3096 ejusmodi

342 3138 524 3201 λέσαι,
592 3137 786 3205 μήπως
849 3135 915 3202 τῇ
970 3127 1337 3200 περισσοτέρᾳ.
1391 3125 1537 3195 λύπῃ
1585 3122 1869 3191 καταποθῇ
1905 3121 1931 3172 ὁ

2039 3137 2122 3180 est
2140 3125 2205 3178 ⁸³.
2220 3126 2315 3179 »Ει
2332 3124 2531 3178 iterum
2558 3121 2656 3175 τευ
2665 3129 2683 3173 ι
2705 3135 2813 3174 non
2828 3119 3370 3174 circumveniamura
3386 3116 3621 3172 Satana:

343 3227 607 3288 τοιοῦτος.
649 3243 666 3276 δ
712 3224 823 3276 Καὶ
865 3223 1047 3275 πάλινο
1093 3239 1112 3272 ι
1157 3220 1278 3272 Ἵνα
1323 3217 1399 3288 μὴ
1447 3212 1933 3282 πλεονεκτηθῶμεν

349 3318 462 3372 ὑπὸ
489 3317 582 3370 τοῦ
614 3315 848 3367 Σατανᾶ·
897 3313 958 3365 οὐ
988 3311 1095 3379 γὰρ
1125 3308 1290 3362 αὑτοῦ
1331 3307 1401 3360 τὰ
1436 3306 1684 3374 νοήματα
1714 3299 1936 3369 ἀγνοοῦ-

353 3425 480 3480 μεν.
522 3426 541 3459 ι
579 3404 737 3459 Οὕτω
769 3405 863 3457 καὶ
897 3405 1008 3464 τοῖς
1041 3400 1150 3452 τῶν
1190 3395 1556 3451 εἰδωλοθύτων
1585 3392 1938 3465 μεταλαμϐά⁴

348 3519 532 3566 νουσι,
597 3500 693 3553 καὶ
753 3497 1088 3565 ἐπετίμησεν
1149 3493 1400 3552 δεόντως,
1473 3488 1568 3540 καὶ
1633 3483 1939 3554 παρῄνεσεν

353 3589 771 3664 προσηκόντως,
826 3587 920 3640 καὶ
971 3585 1070 3654 τῆς
1123 3582 1366 3652 χαλεπῆς
1409 3577 1747 3648 ἠλευθέρωσε
1795 3574 1936 3627 πλάο

351 3693 485 3747 νης.

432 3773 638 3826 Τούτου
670 3771 826 3842 χάριν
850 3767 946 3822 καὶ
981 3769 1010 3820 ὁ
1045 3764 1320 3834 Δεσπότης
1347 3761 1504 3832 ἡμῶν
1546 3759 1800 3831 Χριστὸς,
1831 3756 1943 3811 τῶν

357 3861 680 3921 ἀποστόλων
714 3860 804 3914 τὺν
850 3859 1086 3930 πρῶτον,
1116 3851 1178 3910 οῦ
1213 3857 1310 3926 τὴν
1344 3853 1634 3924 ὁμολογίαν
1672 3846 1783 3904 οἷόν
1823 3865 1944 3904 τινα

358 3956 606 4028 κρηπῖδα
651 3955 747 4008 καὶ
791 3951 1044 4020 θεμέλιον
1084 3951 1185 4018 τῆς
1235 3946 1562 4015 Ἐκκλησίας
1611 3943 1941 4012 κατέπηξεν,

361 4044 749 4115 συνεχώρησεν
797 4039 1124 4108 σαλευθῆναι
1165 4038 1258 4090 καὶ
1283 4034 1609 4105 ἀρνηθῆναι,
1642 4033 1738 4085 καὶ
1781 4031 1944 4084 πάλιν

360 4135 534 4190 αὐτὸν
581 4133 896 4203 άνώρθωσε,
949 4130 1042 4183 δύο
1092 4129 1238 4182 κατά
1287 4126 1454 4179 ταυτὸ
1485 4124 1769 4176 διδάσκων·
1807 4122 1945 4191 μήτε

361 4228 586 4288 ἑαυτοῖς
619 4223 862 4295 θαρρεῖν,
896 4221 989 4272 καὶ
1026 4219 1153 4280 τοὺς
1199 4214 1595 4285 σαλευομένους
1639 4211 1939 4281 στηρίζειν.

378 4314 637 4388 ὐρέξατε
673 4313 852 4366 τοίνυν
879 4312 1057 4380 χεῖρα,
1081 4304 1408 4376 παρακαλῶ,
1437 4305 1548 4360 τοῖς
1575 4299 1945 4366 ὀλισθήσασιν,

362 4408 466 4463 καὶ
489 4405 720 4474 ἀνάγετε
778 4402 886 4472 (56)
932 4403 997 4454 ὲκ
1034 4399 1238 4452 λάκκου
1283 4394 1680 4466 ταλαιπωρίας,
1717 4393 1811 4446 καὶ
1843 4392 1950 4446 ἀπὸ

2041 3218 2255 3286 1130
2278 3232 2385 3268 non
2407 3214 2554 3269 enim
2581 3213 2894 3282 ignoramus
2920 3211 3357 3266 machinationes
3378 3211 3499 3280 ejus
3517 3211 3622 3264 ⁸ο.»

2039 3307 2132 3361 Sic
2160 3314 2216 3359 et
2243 3306 2368 3358 illos
2395 3303 2488 3372 qui
2513 3301 2834 3372 idolothytis
2857 3301 3245 3362 vescebantur,
3278 3308 3333 3353 et
3359 3299 3626 3355 decenter

2039 3393 2378 3461 increpavit,
2439 3400 2496 3444 et
2548 3396 2918 3459 congruenter
2959 3387 3268 3453 admonuit,
3315 3387 3623 3458 gravique‘

2039 3486 2109 3540 ab
2131 3500 2318 3541 errore
2353 3482 2628 3538 liberavit.

2113 3750 2256 3818 Quin
2284 3749 2384 3803 hac
2404 3747 2570 3802 etiam
2599 3745 2667 3800 de
2687 3759 2851 3800 causa
2879 3743 3134 3799 Christus
3159 3743 3426 3796 Dominus
3445 3749 3634 3795 noster

2048 3844 2420 3916 apostolorum
2451 3838 2758 3910 principem
2787 3879 2802 3902 ,
2853 3837 3012 3906 cujus
3041 3833 3444 3889 confessionem
3481 3832 3634 3885 velut

2049 3936 2204 3992 basin
2233 3933 2524 4007 quamdam
2557 3940 2612 3986 et
2630 3930 3048 3984 fundamentum
3067 3926 3327 3981 Ecclesiae
3348 3923 3633 3985 deﬁxerat,

2046 4028 2316 4082 ﬂuctuare
2347 4040 2410 4078 ac
2440 4037 2630 4078 errare
2657 4020 2929 4090 permisit,
2963 4031 3201 4087 eumque
3225 4031 3419 4070 rursus
3439 4015 3633 4079 erexit,

2050 4115 2162 4169 duo
2191 4112 2383 4168 eadem
2414 4125 2584 4179 opera
2612 4109 2841 4171 docens,
2878 4123 2989 4160 non
3015 4107 3184 4160 ﬁdere
3212 4105 3428 4174 seipsis,
3457 4113 3513 4157 et
3532 4103 3638 4156 ﬂu-

2051 4213 2301 4261 ctuantes
2318 4203 2555 4256 ﬁrmare.
2575 4201 2752 4267 Quare
2768 4213 2988 4252 manum
3014 4197 3201 4266 lapsis,
3227 4211 3433 4264 quasso,
3459 4193 3640 4262 porri-

2049 4299 2159 4368 gite
2187 4315 2199 4350 :
2222 4294 2439 4350 educite
2463 4294 2586 4348 illos
2605 4293 2673 4346 de
2695 4292 2820 4346 lacu
2842 4289 3096 4351 miseriae,
3121 4287 3264 4341 etde
3286 4288 3400 4341 luto
3420 4284 3636 4347 focis",

2052 4399 2108 4444 et
2133 4387 2360 4443 statuite
2391 4401 2558 4455 super
2585 4392 2795 4452 petram
2824 4382 2994 4451 pedes
3016 4380 3256 4441 illorum,
3285 4386 3342 4431 et
3363 4376 3640 4430 immittite

365 4497 548 4568 πηλοῦ
580 4473 726 4559 ίλύος
755 4493 895 4564 (57),
924 4491 1018 4544 καὶ
1045 4491 1282 4560 στήσατε
1321 4487 1416 4539 ἐπὶ
1445 4485 1649 4555 πέτραν
1692 4485 1819 4545 τοὺς
1852 4483 1931 4536 πό⁴

2059 4481 2112 4535 in
2142 4497 2204 4536 os
2241 4495 2435 4534 eorum
2475 4478 2752 4532 canticum
2777 4491 3005 4538 novum,
3028 4487 3248 4528 carmen
3277 4473 3389 4526 Deo
3413 4480 3639 4535 nostro;

363 4595 467 4655 δας
495 4589 694 4644 αὐτῶνθ
733 4587 826 4642 καὶ
863 4582 1162 4656 ἐμϐάλλετε
1201 4584 1279 4642 είς
1303 4579 1363 4632 τὸ
1389 4579 1562 4647 στόμα
1592 4577 1772 4629 αὐτῶν
1801 4572 1952 4647 ᾆσμα

367 4683 582 4748 καινὸν,
606 4680 773 4752 ὕμνον
801 4677 879 4748 τῷ
907 4675 1026 4746 Θεῷ
1053 4673 1228 4744 ἡμῶν·
1264 4672 1351 4725 ἵνα
1376 4669 1601 4740 γένηται
1624 4667 1802 4722 αὐτῶν
1830 4668 1957 4720 ὑπό·

366 4774 571 4844 δειγμα
597 4772 697 4840 τῆς
737 4768 940 4839 βλάϐης
989 4765 1295 4834 ὑπόδειγμα
1327 4757 1625 4831 σωτηρίας,
1670 4756 1766 4811 καὶ
1803 4757 1956 4810 ἴδωσι

370 4866 584 4926 πολλοὶ,
608 4865 704 4918 καὶ
740 4859 1040 4931 φοϐηθῶσι,
1077 4859 1168 4911 καὶ
1200 4855 1493 4907 ἐλπίσωσιν
1522 4852 1612 4904 ἐπὶ
1643 4850 1847 4920 Κύριον
1868 4848 1957 4901 τὸν

369 4960 512 5013 Θεὸν
534 4957 717 5028 ἡμῶν.
758 4955 866 5006 Καὶ
907 4948 1304 5004 κωλυέσθωσαν
1335 4947 1434 5016 μὲν
1472 4945 1571 5014 τῆς
1607 4941 1960 5014 μεταλήψεως

369 5052 487 5104 τῶν
524 5047 687 5120 ἱερῶν
723 5042 1061 5116 μυστηρίων,
1096 5040 1170 5110 μὴ
1204 5035 1598 5090 κωλυέσθωσαν
1639 5034 1695 5086 δὲ
1729 5036 1828 5102 τῆς
1855 5031 1963 5085 τῶν

373 5139 805 5212 κατηχουμένων
846 5136 1031 5205 εὐχῆς,
1080 5133 1215 5203 μηδὲ
1250 5131 1350 5200 τῆς
1392 5129 1499 5181 τῶν
1531 5126 1691 5179 θείων
1723 5124 1962 5195 Γραφῶν

375 5234 722 5306 ἀκροάσεως,
754 5229 886 5299 μηδὲ
919 5228 1015 5297 τῆς
1046 5225 1154 5276 τῶν
1191 5221 1527 5276 διδασκάλων
1565 5216 1960 5287 παραινέσεως.

379 5327 504 5379 Τῶν
555 5326 610 5377 δὲ
653 5323 812 5394 ἱερῶν
858 5317 1253 5374 κωλυέσθωσαν
1295 5310 1633 5383 μυστηρίων,
1687 5307 1762 5378 μὴ
1803 5307 1964 5375 μέχρι

2057 4582 2116 4628 ut
2139 4572 2285 4643 quod
2311 4572 2364 4625 in
2389 4570 2497 4624 illis
2523 4568 2832 4638 exemplum
2853 4566 3040 4622 damni
3066 4565 3188 4629 fuit,
3215 4564 3526 4634 exemplum
3551 4560 3645 4615 ﬁat

2058 4665 2252 4720 salutis
2288 4683 2301 4717 :
2340 4673 2401 4716 ut
2432 4661 2656 4716 videant
2683 4660 2843 4713 multi
2878 4666 2934 4713 et
2963 4658 3212 4720 timeant,
3252 4664 3308 4708 et
3337 4660 3561 4724 sperent
3588 4652 3645 4705 in

2060 4755 2352 4812 hominum
2384 4753 2556 4807 Deum
2581 4758 2855 4804 nostrum.
2915 4747 3333 4813 Arceanturque
3364 4759 3393 4796 a
3417 4741 3647 4812 partici-

2059 4850 2283 4920 patione
2307 4859 2591 4902 sacrorum
2616 4841 3006 4914 mysteriorum
3035 4855 3048 4891 :
3073 4854 3103 4892 a
3124 4837 3647 4892 catechumenorum

2060 4950 2244 4996 autem
2271 4938 2520 4994 oratione
2552 4952 2663 4991 non
2687 4934 3116 5005 prohibeantur,
3168 4943 3347 4997 neque
3376 4943 3405 4980 a
3430 4925 3649 5005 divina-

2063 5049 2183 5087 rum
2211 5031 2621 5100 Scripturarum
2650 5025 2955 5086 auditione,
2995 5037 3175 5090 neque
3199 5038 3228 5074 a
3256 5003 3647 5088 magistrorum

2063 5123 2458 5182 admonitione.
2516 5121 2562 5175 Α
2608 5118 2778 5174 sacris
2818 5130 2952 5172 vero
3002 5113 3283 5184 mysteriis
3334 5115 3648 5169 arceantur,

2064 5231 2178 5270 non
2228 5213 2296 5268 ad
2326 5220 2562 5266 mortem
2593 5225 2798 5279 usque,
2836 5206 2932 5262 sed
2963 5205 3030 5260 ad
3060 5213 3277 5273 tempus
3300 5197 3526 5269 aliquod
3554 5195 3653 5249 de-

2074 5305 2290 5361 ﬁnitum
2330 5321 2342 5356 :
2391 5301 2573 5372 quoad
2629 5299 2883 5354 morbum
2931 5302 3248 5367 agnoscant,
3285 5288 3466 5360 quoad
3509 5285 3657 5339 salu-

2077 5412 2185 5454 tem
2215 5402 2494 5466 expetant,
2541 5394 2724 5463 quoad
2777 5397 3156 5460 competenter
3206 5381 3468 5443 luxeriut,
3505 5375 3653 5466 quod

378 5419 640 5478 θανάτου,
676 5413 810 5469 ἀλλὰ
843 5411 1032 5481 χρόνον
1082 5407 1204 5460 τινὰ
1246 5404 1437 5476 ῥητόν·
1472 5401 1576 5462 ἕως
1610 5398 1675 5452 ἂν
1702 5395 1966 5464 ἑπιγνῶσι

2074 5504 2207 5543 vero
2248 5465 2376 5556 rege
2437 5483 2702 5537 derelicto
2770 5481 2838 5534 ad
2903 5487 3192 5549 tyrannum
3239 5465 3651 5537 transfugcrint,

379 5513 484 5582 τὴν
509 5511 686 5574 νόσον,
717 5510 820 5572 ἓως
859 5511 956 5576 τὴν
981 5503 1168 5572 ὑγείαν
1203 5497 1531 5571 ποθήσωσιν,
1562 5494 1666 5555 ἕως
1705 5491 1770 5545 ἂν
1801 5489 1967 5556 ἀξίως

461 5669 504 5700 ιτ
529 5669 546 5722 1
574 5668 701 5724 Cor.
737 5683 788 5730 χ,
820 5667 902 5719 15.
981 5663 1024 5694 5"
1047 5661 1221 5718 Calat.
1266 5674 1338 5726 tv,
1382 5657 1468 5712 '19.
1545 5654 1588 5690 ‘9
1621 5651 1663 5708 Il
1692 5652 1818 5707 COP-
1855 5667 1910 5717 η,

2075 5650 2119 5680 ⁵ο
2157 5645 2294 5702 ibid.
2330 5644 2415 5697 ll.
2497 5643 2537 5674 ⁶¹
2573 5641 2719 5699 Psal.
2752 5653 2930 5702 χχχιχ,
2962 5635 3012 5690 5.

2155 5791 2265 5863 (57)
2299 5790 2486 5852 ῦλεως.
2516 5788 2686 5842 Idem.
