4056 6422
546 363 675 426 1251

1529 363 2016 424 THEODORETI
2056 362 2392 422 EPISCOPI
2432 364 2796 425 CYBENSIS

3643 371 3761 438 1252

541 487 593 530 ct
639 473 1043 530 benefactorem
1108 475 1430 531 descrcntes
1483 476 1712 530 inimico
1779 491 1838 530 se
1900 474 2123 529 dedide-

2231 474 2575 545 θρηνήσωσιν
2609 476 2741 547 (58),
2768 477 2850 529 ὅτι
2892 477 2982 530 τὸν
3020 475 3194 546 ἁληθῆ
3228 474 3444 545 βασιλέα
3467 481 3762 537 καταλιπόν·

543 575 675 623 rint.

612 747 791 815 Atque
843 745 960 799 haec
987 745 1210 814 quidem
1267 754 1585 799 sanctorum
1607 745 1775 800 etiam
1807 745 2126 800 beatorum-

541 851 649 905 que
676 837 897 890 Patrum
931 851 1170 890 canones
1195 835 1415 890 docent.
1453 835 1585 902 Quae
1609 852 1719 890 non
1744 853 1811 891 eo
1833 837 2037 899 scribo,
2069 845 2128 890 ut

543 926 768 980 doceam
795 927 1143 981 sanctitatem
1166 936 1428 990 vestram,
1469 927 1564 981 sed
1594 936 1651 981 ut
1679 927 1922 982 fraterno
1945 927 2128 981 animo

543 1014 702 1067 vobis
737 1031 1030 1084 suggeram
1063 1033 1077 1068 :
1111 1031 1223 1069 nou
1256 1018 1516 1085 ignorans
1552 1017 1759 1086 1131
1793 1017 2127 1087 gubernato-

544 1122 634 1160 res
654 1109 892 1176 optimos
911 1116 1031 1160 orta
1057 1116 1381 1176 tempestate
1403 1116 1693 1162 nautarum
1714 1109 1880 1163 etiam
1902 1108 2128 1164 monitis

545 1213 728 1264 egere.
785 1197 876 1251 Sic
901 1199 1048 1251 enim
1100 1215 1329 1268 magnus
1357 1199 1446 1252 ille
1473 1199 1668 1261 Moses,
1713 1197 1854 1251 fama
1878 1199 2126 1252 celeber-

547 1287 741 1350 rimus,
788 1286 882 1355 qui
910 1287 1282 1356 vulgatissima
1314 1287 1406 1340 illa
1430 1287 1692 1339 miracula
1717 1286 1911 1350 edidit,
1943 1287 2128 1340 consi-

546 1376 687 1428 lium
735 1376 927 1430 Jcthro
972 1376 1281 1440 admisit“,
1340 1377 1445 1429 viri
1492 1376 1558 1429 ad
1605 1391 1731 1429 eum
1780 1392 1953 1445 usque
1980 1377 2126 1431 diem

545 1466 819 1520 idolorum
854 1483 1040 1520 errore
1072 1467 1338 1536 implicati
1385 1484 1398 1520 :
1446 1482 1547 1521 nec
1581 1462 1920 1536 impietatem
1943 1471 2129 1524 consi—

545 1558 792 1622 deravit,
848 1559 942 1611 sed
995 1559 1211 1612 consilii
1257 1558 1552 1611 utilitatem
1598 1559 1855 1628 respexit.
1906 1559 2130 1614 Adhaac

546 1663 676 1718 rogo
705 1650 1050 1703 sanctitatem
1077 1658 1311 1703 vestram
1329 1689 1344 1712 ,
1388 1657 1451 1703 ut
1479 1650 1648 1703 Deum
1677 1664 1777 1718 pro
1800 1665 1887 1704 me
1913 1650 2127 1720 impen-

545 1739 660 1792 sius
704 1740 905 1801 oretis,
953 1747 1014 1793 ut
1063 1740 1306 1809 reliquos
1357 1740 1482 1795 vita:
1521 1756 1653 1795 metu
1685 1741 1806 1795 dies
1855 1757 1923 1795 ex
1945 1741 2126 1811 legum

544 1829 717 1898 ipsius
747 1831 1069 1901 praescripto
1097 1805 1418 1900 transigam.
1465 1831 1590 1885 Hch
1613 1847 1714 1900 ego
1742 1846 1840 1901 per
1864 1805 2125 1886 reveren—
2158 1805 2204 1864 Β

544 1922 833 1976 dissimum
898 1937 963 1976 ac
1019 1921 1493 1992 religiosissimum
1561 1922 1944 1992 presbyterum
2006 1921 2130 1976 Ste-

545 2014 788 2082 phanum
823 2013 1041 2083 scripsi,
1091 2028 1255 2082 quem
1289 2013 1362 2068 ob
1393 2029 1611 2068 morum
1641 2014 1987 2068 honestatem
2018 2014 2133 2070 vidi

545 2106 885 2175 perlibenter
901 2146 917 2161 .

591 2337 874 2394 LXXVIII.
911 2369 981 2377 —
1012 2338 1238 2392 Eusebio
1282 2339 1520 2411 episwpo
1551 2337 1777 2392 Persica:
1802 2337 2084 2392 Armeniw.

615 2490 846 2557 Quando
867 2489 1220 2560 gubernatori
1245 2491 1465 2561 aliquod
1482 2490 1681 2546 accidit
1699 2491 2131 2556 incommodum,

547 2584 632 2636 vel
677 2593 920 2653 proreta,
954 2583 1038 2636 vel
1078 2591 1374 2636 nautarum
1402 2582 1682 2652 princeps,
1732 2582 1880 2637 illius
1903 2597 2134 2637 munere

549 2674 825 2744 fungitur,
885 2690 994 2728 non
1044 2675 1470 2744 gubernatorem
1497 2674 1738 2733 seinsum
1770 2674 2131 2740 constituens,

547 2764 645 2820 sed
673 2764 939 2834 naufragii
973 2763 1337 2817 incolumitati
1362 2763 1726 2833 prospiciens.
1755 2763 1844 2818 Sic
1867 2772 1920 2817 et
1945 2765 2000 2817 in
2020 2763 2135 2817 bel-

547 2856 603 2910 lo
643 2869 858 2919 rursus,
908 2863 1130 2908 mortuo
1157 2854 1319 2919 duce,
1375 2854 1722 2908 tribunorum
1748 2855 2005 2924 princeps
2037 2870 2132 2908 co-

547 2948 764 3017 piarum
815 2946 1197 3016 przefecturam
1247 2946 1513 3016 suscipit,
1549 2962 1660 3000 non
1691 2955 2017 3016 potestatem
2043 2963 2134 3000 ar-

548 3037 777 3106 ripiens,
807 3035 903 3091 sed
928 3035 1218 3106 gentilium
1241 3051 1468 3090 suorum
1499 3052 1688 3090 curam
1716 3052 1934 3106 gerens.
1969 3037 2059 3092 Sic
2080 3046 2155 3110 et.

2227 585 2320 630 τες
2362 568 2498 638 πρὸς
2541 569 2803 639 τύραννον
2828 568 3227 639 ηὐτομόλησαν.
3257 569 3349 620 καὶ
3382 571 3470 621 τὸν
3497 571 3764 644 εὐεργέτην

2229 659 2511 723 ἐάσαντες,
2537 657 2615 728 τῷ
2643 657 2886 728 πολεμίῳ
2915 656 3360 728 προσεχώρησαν.

2299 747 2481 802 Ταῦτα
2514 750 2608 801 καὶ
2647 750 2697 800 oi
2733 748 2840 800 τῶν
2873 748 3046 816 ’ἁγίων
3089 747 3184 800 καὶ
3225 749 3505 817 μακαρίων
3535 750 3766 820 Πατέρων

2229 839 2453 900 κανόνες
2499 837 2827 890 διδάσκουσι.
2876 837 3078 906 Γράφω
3109 837 3164 889 δὲ
3208 836 3398 898 ταῦτα,
3426 837 3484 888 οὑ
3530 837 3769 892 διδάσκων

2229 930 2258 982 ὑ
2269 930 2384 1000 μῶν
2419 929 2519 999 τὴν
2551 930 2828 998 ὁσιότητα,
2868 929 2980 982 ἀλλ’
3013 928 3316 997 ἁδελφικῶς
3347 929 3768 996 ἀναμιμνήσκων·

2229 1019 2322 1071 καὶ
2361 1020 2518 1082 εἰδὼς
2556 1020 2638 1072 ὅτι
2673 1019 2768 1072 καὶ
2803 1018 3145 1089 κυϐερνήτης
3170 1017 3410 1088 ἄριστος,
3443 1019 3497 1068 ὲν
3523 1017 3597 1086 τῷ
3617 1019 3772 1089 καιρῷ

2226 1110 2323 1164 τοῦ
2347 1110 2634 1180 χειμῶνος,
2659 1112 2751 1163 καὶ
2776 1111 2872 1179 τῆς
2903 1109 3052 1180 παρὰ
3075 1109 3182 1162 τῶν
3212 1108 3419 1160 ναυτῶν
3444 1109 3774 1177 ὑπομνήσεως

2227 1203 2418 1258 δεῖται.
2460 1203 2618 1256 Οὕτω
2663 1206 2758 1256 καὶ
2788 1203 3026 1271 Μωῦσῆς
3059 1204 3266 1263 ἐκεῖνος
3307 1202 3336 1253 ὁ
3381 1200 3570 1270 μέγας,
3601 1203 3626 1252 ὀ
3656 1219 3774 1254 παν-

2229 1293 2499 1362 εύφημος,
2549 1295 2576 1345 ὁ
2623 1293 2691 1346 τά
2729 1291 3141 1362 πολυθρῦλλητα
3172 1292 3355 1342 ἐκεῖνα
3389 1289 3774 1360 θαυματουργή-

2231 1398 2351 1444 σας,
2403 1381 2500 1450 τὴν
2538 1381 2633 1434 τοῦ
2675 1381 2847 1452 Ίοθὸρ
2878 1379 3096 1444 ἐδέξατο
3132 1379 3464 1450 συμϐουλὴν,
3496 1379 3680 1449 ἀνδρὸς
3706 1380 3771 1432 ἔτι

2229 1476 2293 1543 τῇ
2331 1474 2459 1542 περὶ
2495 1473 2563 1526 τὰ
2594 1473 2787 1525 εἴδωλα
2820 1472 2996 1544 πλάνῃ
3029 1471 3417 1540 κατεχομένου.
3463 1471 3537 1522 Uti
3560 1470 3664 1541 γὰρ
3686 1473 3774 1524 άπ-

2230 1566 2368 1618 εῖὸεν
2402 1567 2482 1628 είς
2510 1564 2610 1635 τὴν
2647 1564 2920 1628 ἀσέϐειαν,
2951 1563 3088 1616 ἀλλὰ
3117 1563 3215 1633 τῆς
3246 1561 3556 1631 συμϐουλῆς
3599 1564 3780 1616 συνεῖδε

2228 1657 2290 1709 τὸ
2318 1658 2608 1726 χρήσιμον.
2642 1656 2788 1726 Πρὸς
2836 1655 2893 1708 δὲ
2942 1655 3150 1717 τούτοις
3194 1655 3500 1724 παρακαλῶ
3527 1655 3672 1722 ὑμῶν
3698 1655 3780 1723 τὴν

2231 1748 2504 1816 ὁσιότητα,
2527 1747 2817 1801 σπουδαίαν
2841 1749 2980 1819 ὑπὲρ
3000 1747 3133 1818 ἐμοῦ
3163 1748 3241 1818 τῷ
3275 1748 3397 1818 Θεῷ
3425 1753 3782 1819 προσενεγκεῖν

2234 1840 2564 1908 προσευχὴν,
2597 1839 2684 1891 ἵνα
2712 1837 2810 1902 τὰς
2835 1839 3164 1906 λειπομένας
3187 1857 3276 1909 μοι
3302 1840 3402 1909 τῆς
3429 1840 3572 1909 ζωῆς
3596 1841 3784 1910 ἡμέρας

2234 1930 2375 1982 κατά
2405 1932 2532 1990 τοὺς
2572 1931 2737 1982 αὑτοῦ
2775 1929 3178 2000 πολιτεύσωμαι
3223 1931 3445 2000 νόμους.
3496 1931 3539 1983 Τ
3543 1929 3674 1983 αῦτα
3714 1931 3789 1984 διὰ

2232 2023 2328 2076 τοῦ
2358 2025 2688 2092 τιμιωτάτου
2723 2023 2818 2076 καὶ
2858 2022 3254 2076 εὐλαϐεστάτου
3288 2021 3403 2092 (59)
3438 2022 3786 2091 πρεσϐυτέρου

2234 2115 2508 2184 Στεφάνου
2569 2115 2841 2185 γέγραφα·
2890 2115 2949 2168 ὃν
3009 2110 3146 2168 εἶδον
3199 2115 3372 2185 ἡδέως
3431 2114 3519 2166 διὰ
3562 2113 3655 2184 τὴν
3697 2113 3790 2164 τῶν

2234 2206 2381 2275 ἠθῶν
2415 2207 2770 2276 κοσμιότητα.

2235 2317 2361 2369 UH'.
2394 2347 2463 2354 —
2492 2317 2761 2382 Εὐσεϐίῳ
2818 2314 3130 2380 ἐπισκόπει)
3175 2313 3287 2382 τῆς
3344 2313 3648 2382 Περσικῆς
3694 2313 3796 2380 Ἀρ·

2829 2385 3044 2454 μετρίας
3079 2383 3212 2455 (60).

2310 2481 2478 2532 Ὅταν
2506 2479 2533 2532 ό
2566 2478 2907 2549 κυϐερνήτης
2940 2495 2994 2530 τι
3024 2476 3191 2547 πάθῃ,
3225 2476 3255 2545 ἢ
3285 2478 3323 2528 ὁ
3345 2476 3622 2546 πρωρεὺς,
3647 2474 3677 2543 ἢ
3709 2473 3799 2526 τῶν

2233 2570 2446 2624 ναυτῶν
2475 2571 2504 2622 ό
2530 2569 2763 2639 πρῶτος,
2790 2569 2888 2639 τὴν
2915 2569 3123 2622 ἐκείνου
3151 2569 3349 2638 χρείαν
3379 2567 3595 2636 πληροῖ,
3613 2567 3706 2619 οὐκ
3727 2565 3800 2616 a6-

2234 2661 2674 2732 τοχειροτόνητος
2709 2660 3048 2732 κυϐερνήτης
3091 2661 3402 2728 γινόμενος,
3437 2658 3574 2711 ἀλλὰ
3611 2657 3701 2726 τῆς
3723 2654 3801 2708 τοῦ

2237 2755 2480 2822 σκάφους
2524 2749 2978 2822 προμηθούμενος
3025 2751 3327 2819 σωτηρίας.
3367 2751 3529 2804 (lii-uo
3570 2749 3724 2802 πάλιν
3754 2750 3802 2799 ἐν

2236 2843 2477 2914 πολέμῳ,
2510 2844 2604 2896 τοῦ
2642 2841 2948 2913 στρατηγοῦ
2993 2845 3273 2906 πεσόντος,
3321 2843 3434 2895 τῶν
3471 2842 3753 2913 χιλιάρχων
3783 2841 3806 2891 ὁ

2236 2934 2453 3004 πρῶτος
2478 2934 2578 3005 τὴν
2605 2935 2936 3005 στρατηγίαν
2963 2937 3177 3004 κοσμεῖ,
3203 2935 3263 2986 οὐ
3301 2935 3407 3004 τὴν
3435 2934 3681 2998 ἐξουσίαν
3718 2933 3804 3000 ἁρ-

2237 3026 2613 3090 πάζων,κάλλὰ
2652 3026 2762 3080 τῶν
2787 3025 3077 3096 ὁμοφύλων
3109 3026 3444 3094 φροντίζων.
3483 3007 3763 3079 Οῦτωίκαὶ
3783 3025 3808 3075 ὁ

549 3128 903 3183 beatissimus
930 3127 1256 3182 Timotheus
1282 3127 1454 3182 divini
1483 3128 1636 3183 Pauli
1655 3129 1806 3183 vices
1828 3128 1896 3182 ab
1916 3144 1983 3183 eo
2005 3130 2131 3184 mis-

2234 3120 2636 3189 τρισμακάριος
2687 3119 2948 3188 Τιμόθεος
2992 3119 3086 3170 τοῦ
3131 3118 3433 3172 θεσπεσίου
3488 3118 3698 3171 Παύλου
3728 3115 3808 3167 τὸν

547 3236 643 3275 sus
663 3220 913 3289 implevit
934 3220 1000 3272 ⁸³.
1031 3219 1268 3274 Proinde
1298 3221 1556 3289 pietatem
1586 3228 1824 3275 vestram
1849 3221 2126 3286 convenit,

546 3319 604 3364 et
635 3309 1041 3377 gubernatoris,
1077 3318 1132 3363 et
1161 3311 1340 3376 ducis,
1391 3320 1448 3366 et
1470 3312 1707 3382 pastoris
1734 3313 1980 3367 studium
2009 3328 2128 3367 am-

546 3401 736 3469 plecti,
785 3400 1140 3470 periculaque
1167 3400 1350 3455 omnia
1384 3416 1484 3470 pro
1510 3401 1716 3457 Christi
1743 3402 1940 3457 ovibus
1963 3402 2130 3455 hilari

546 3492 704 3545 vultu
756 3493 1012 3560 excipere
1067 3509 1079 3545 :
1125 3508 1227 3546 nec
1277 3493 1554 3547 solitarias
1603 3493 1857 3562 solasque
1890 3492 2131 3563 pecudes

547 3584 824 3648 deserere,
866 3586 1076 3654 1132
1104 3586 1198 3640 sed
1230 3587 1377 3655 quod
1405 3586 1746 3640 confractum
1776 3593 1861 3640 est
1883 3587 2128 3656 alligare,

547 3674 695 3742 quod
721 3674 922 3727 cecidit
941 3675 1174 3743 erigere,
1203 3675 1350 3744 quod
1374 3676 1594 3728 aberrat
1614 3675 1901 3739 reducere,
1919 3676 2131 3745 etquod

549 3779 741 3818 sanum
771 3773 855 3818 est
887 3767 1162 3820 incolume
1189 3779 1520 3820 conservare
1538 3766 1606 3829 5‘,
1638 3767 1921 3835 bonosque
1949 3776 2134 3836 pasto-

550 3871 640 3910 res
669 3857 904 3919 imitari,
956 3858 1050 3926 qui
1077 3865 1202 3911 ante
1225 3859 1412 3912 caulas
1433 3857 1736 3922 excubant,
1784 3869 1840 3913 et
1867 3859 2132 3914 adversus

548 3945 710 4015 lupos
741 3947 947 4000 bellum
974 3956 1189 4016 gerunt.
1223 3948 1602 4002 Recordemur
1622 3957 1806 4002 autem
1837 3948 2131 4003 verborum

550 4037 876 4106 patriarchae
897 4037 1086 4102 Jacob,
1143 4038 1350 4107 quibus
1380 4036 1652 4108 ingratum
1677 4039 1856 4092 soceri
1886 4039 2132 4092 animum

549 4135 749 4182 notans
805 4145 936 4183 usus
985 4138 1069 4183 est
1126 4150 1138 4182 :
1205 4151 1222 4180 ι
1246 4131 1341 4185 Die
1372 4140 1645 4199 noctuque
1679 4141 1814 4186 aestu
1845 4132 2045 4185 urebar
2078 4140 2133 4185 et

548 4219 670 4288 gelu
718 4237 730 4272 :
773 4220 1123 4290 fugiebatque
1156 4237 1380 4277 somnus
1408 4223 1476 4276 ab
1506 4223 1682 4277 oculis
1702 4223 1856 4277 meis.
1917 4222 2133 4277 Arietcs

548 4309 730 4379 gregis
763 4311 839 4363 tui
875 4327 984 4364 non
1027 4311 1262 4374 comedi,
1321 4327 1421 4366 nec
1442 4321 1660 4382 captum
1693 4327 1722 4365 a
1753 4311 1927 4365 bestia
1954 4311 2128 4365 obtuli

549 4400 670 4454 tibi.
729 4401 843 4471 Ego
884 4402 1000 4471 ipse
1053 4402 1348 4457 reddebam
1381 4403 1651 4474 quidquid
1706 4402 1854 4458 furto
1885 4403 2130 4473 perierat

548 4490 638 4544 die
663 4507 725 4544 ac
748 4501 908 4546 nocte
925 4493 990 4545 ⁸⁸.
1019 4512 1035 4543 ι

2231 3211 2394 3262 τόπον
2436 3210 2674 3281 ἐπλήρου
2722 3212 2852 3282 παρ’
2877 3210 3088 3264 ἐκείνου
3119 3211 3508 3281 πεμπόμενος.
3554 3210 3811 3281 Προσήκει

2231 3303 2410 3356 τοίνυν
2463 3304 2564 3374 τὴν
2620 3302 2718 3374 σὴν
2778 3303 3087 3356 θεοσέϐειαν
3141 3304 3234 3356 καὶ
3305 3303 3668 3373 κυϐερνήτου,
3728 3299 3812 3353 καὶ

2235 3395 2564 3466 στρατηγοῦ,
2600 3395 2694 3448 καὶ
2726 3393 2984 3465 ποιμένος
3014 3394 3250 3464 σπουδὴν
3292 3393 3690 3458 ἀναδέξασθαι,
3731 3391 3816 3444 καὶ

2233 3490 2412 3542 πάντα
2461 3487 2703 3540 κίνδυνον
2759 3486 2900 3556 ὑπὲρ
2947 3487 3055 3540 τῶν
3101 3486 3194 3540 τοῦ
3231 3487 3486 3558 Χριστοῦ
3535 3485 3812 3556 προϐάτων

2237 3577 2354 3648 μεθ’
2378 3577 2569 3648 ἡδονῆς
2598 3576 3020 3643 καταδέξασθαι,
3052 3577 3146 3628 καὶ
3179 3576 3252 3646 μὴ
3291 3575 3626 3629 καταλιπεῖν
3651 3574 3818 3643 ἔρημα

2237 3671 2370 3740 μηδὲ
2418 3670 2555 3736 μόνα
2605 3667 2714 3738 (61)
2771 3670 2837 3720 τά
2873 3667 3183 3737 θρέμματα·
3227 3668 3376 3721 ἀλλὰ
3420 3668 3520 3721 καὶ
3555 3668 3618 3721 τὸ
3649 3681 3818 3719 συντε-

2231 3757 2533 3829 τριμμένον
2573 3756 2895 3825 καταδῆσαι,
2927 3757 3020 3809 καὶ
3052 3757 3112 3807 τὸ
3147 3757 3452 3818 πεπτωκὸς
3495 3753 3818 3825 άνορθῶσαι,

2235 3851 2326 3902 καὶ
2358 3848 2419 3900 τὸ
2469 3846 2821 3916 πλανώμενον
2849 3845 3197 3917 ἐπιστρέψαι,
3241 3848 3341 3899 καὶ
3388 3848 3453 3900 τὸ
3484 3848 3728 3915 ὑγιαῖνον
3763 3845 3820 3910 τῇ

2235 3941 2394 4012 ὑγεία
2432 3939 2683 4008 φυλάξαι,
2714 3938 2808 3992 καὶ
2839 3938 2964 4000 τοὺς
2995 3937 3232 4006 ἀγαθοὺς
3267 3939 3551 4007 ποιμένας
3589 3936 3823 4006 μιμήσα-

2235 4032 2380 4096 σθαι,
2411 4031 2461 4084 οἳ
2491 4029 2598 4098 πρὸ
2616 4028 2724 4082 τῶν
2744 4033 3010 4098 ποιμνίων
3032 4027 3250 4090 ἑστῶσι,
3286 4028 3388 4080 καὶ
3421 4027 3520 4080 τὸν
3546 4026 3687 4097 πρὸς
3713 4024 3825 4084 τοὺς

2233 4121 2432 4184 λύκους
2461 4120 2811 4189 ἀναδέχονται
2842 4118 3098 4188 πόλεμον.
3141 4117 3634 4188 ’Λναμνησθῶμεν
3662 4117 3718 4169 δὲ
3740 4113 3828 4168 καὶ

2233 4214 2342 4267 τῶν
2363 4212 2456 4266 τοῦ
2481 4211 2820 4282 πατριάρχου
2851 4209 3044 4262 Ἰακὼϐ
3069 4211 3357 4281 ῥημάτων,
3385 4211 3425 4265 ἃ
3445 4211 3546 4265 τοῦ
3576 4207 3825 4282 κηδεστοῦ

2232 4304 2330 4375 τὴν
2361 4303 2685 4375 ἀχαριστίαν
2713 4303 3004 4373 διελέγχων
3028 4303 3436 4374 προσήνεγκεν·
3471 4321 3493 4356 ι
3527 4302 3674 4373 Ἐγὼ
3693 4302 3828 4373 ἢμην

2237 4397 2625 4465 συγκαιόμενος
2654 4394 2732 4465 τῷ
2761 4393 3005 4464 καύματι
3025 4393 3126 4462 τῆς
3144 4393 3391 4464 ἡμέρας,
3426 4397 3530 4450 καὶ
3558 4396 3640 4466 τῷ
3669 4408 3829 4459 παγε-

2163 4487 2208 4541 D
2236 4489 2312 4560 τῷ
2363 4489 2465 4558 τῆς
2510 4487 2721 4550 νυκτός·
2772 4487 2868 4539 καὶ
2905 4486 3170 4554 ἀφίστατο
3201 4486 3232 4537 ό
3272 4484 3458 4552 ὕπνος
3491 4487 3608 4541 τῶν
3643 4483 3832 4555 ὀφθαλ-

555 4579 670 4648 μῶν
696 4581 828 4649 (62).
875 4585 1076 4651 Κριοὺς
1103 4586 1210 4637 τῶν
1245 4585 1533 4655 προϐάτων
1581 4601 1675 4636 σου
1707 4586 1766 4638 οὐ
1828 4585 2162 4653 κατέφαγον,
2205 4581 2542 4653 θηριάλωτον
2575 4579 2676 4632 οὐκ
2720 4578 2948 4650 ὲνήνοχά
2990 4595 3090 4631 σοι.
3131 4575 3274 4646 Ἐγὼ
3310 4579 3662 4632 άπετίννυον
3715 4574 3832 4646 παρ’

551 4669 772 4738 ἐμαυτῷ
809 4671 1147 4741 ἁρπάγματα
1195 4673 1294 4741 τῆς
1345 4672 1560 4741 ἡμέρας
1602 4672 1698 4724 κα)¹
1734 4673 1830 4742 τῆς
1863 4673 2077 4734 νυκτός.
2117 4689 2136 4721 ι

619 4757 712 4812 Hae
761 4761 1015 4829 pastoriaa
1080 4773 1209 4817 sunt
1259 4770 1403 4816 nota).
1451 4779 1465 4814 :
1512 4763 1596 4816 hae
1634 4764 1784 4833 leges
1815 4764 1997 4818 ovium
2033 4779 2130 4817 cu-

551 4849 1046 4918 randarum.Quod
1085 4854 1129 4907 si
1180 4853 1472 4905 hrutarum
1509 4843 1871 4908 animantium
1920 4863 2126 4908 tantam

549 4955 736 4993 curam
781 4941 974 4996 habuit
1002 4944 1087 4996 vir
1125 4942 1514 5008 admirandus,
1555 4955 1612 4998 et
1651 4943 1760 4998 hac
1802 4944 2125 5000 defensione

549 5045 680 5084 usus
723 5039 807 5085 est
860 5047 986 5100 erga
1045 5033 1220 5096 illum,
1289 5033 1385 5101 qui
1434 5033 1532 5088 has
1583 5034 1702 5104 ejus
1761 5033 1888 5088 ﬁdei
1975 5050 2124 5088 com-

545 5121 793 5186 miserat,
818 5122 950 5190 quid
994 5138 1104 5177 non
1152 5124 1523 5191 praestandum
1575 5125 1738 5180 nobis
1773 5133 1877 5190 est,
1921 5127 2124 5196 quibus

545 5212 760 5266 ratione
802 5211 1042 5280 praeditas
1087 5215 1390 5269 commissae
1415 5223 1543 5269 sunt
1569 5232 1719 5278 oves,
1766 5225 1822 5271 et
1861 5218 1954 5286 qui
1982 5217 2124 5273 hanc

545 5301 616 5355 ab
647 5301 1030 5355 universorum
1057 5302 1169 5355 Deo
1205 5303 1542 5372 provinciam
1571 5305 1905 5374 accepimus,
1938 5307 1983 5360 si
2012 5308 2121 5360 Do—

547 5391 760 5446 minum
793 5405 894 5460 pro
931 5390 1019 5444 his
1059 5390 1297 5445 animam
1325 5393 1576 5462 posuisse
1601 5395 1938 5465 cogitemus?
1986 5396 2121 5463 Quis

617 5543 662 5575 ⁸¹
687 5541 860 5598 Exod.
889 5558 1036 5609 xvm,
1063 5543 1152 5596 ‘24.
1229 5543 1275 5574 ⁸³
1299 5544 1318 5597 l
1338 5542 1464 5598 Cor.
1499 5507 1570 5611 iv,
1599 5547 1694 5611 l7;
1723 5546 1745 5600 l
1771 5521 1966 5601 Thess.
1997 5564 2074 5614 Ill,
2104 5549 2150 5603 l.

637 5655 725 5726 58)
764 5656 905 5728 Haec.
943 5657 1046 5717 ἕως
1076 5657 1161 5712 ἂν.
1193 5658 1279 5724 ἀΞ.
1307 5660 1461 5728 θρην.
1504 5662 1752 5716 restituta
1782 5679 1812 5716 e
1835 5663 1956 5718 cod.
1995 5665 2126 5719 Vin-

551 5722 679 5776 dob.
708 5722 1029 5781 exciderant
1052 5743 1082 5783 e
1122 5722 1311 5782 (ἴοι-ειεοο
1343 5722 1647 5787 ’δίἰοιιιοηιιί.

621 5792 732 5862 (59)
766 5796 1150 5851 εὐσεϐεστάτου
1179 5799 1342 5868 Neap.

2301 4754 2461 4814 Οὗτοι
2492 4761 2798 4831 ποιμενικοὶ
2817 4761 3189 4833 χαρακτῆρες,
3223 4753 3384 4814 οὗτοι
3419 4763 3583 4834 νόμοι
3615 4763 3716 4832 τῆς
3738 4759 3836 4812 τῶν

2228 4853 2516 4925 προϐάτων
2554 4853 2892 4923 ἐπιμελείας.
2927 4853 2989 4906 Εἰ
3017 4853 3074 4905 δὲ
3107 4851 3322 4919 ἀλόγων
3371 4855 3688 4926 προϐάτων
3719 4867 3834 4905 τοσ-

2225 4945 2397 5012 αύτην
2447 4945 2476 4995 ό
2527 4943 2826 5013 θαυμάσιος
2883 4943 3022 5012 ἀνὴρ
3067 4942 3376 5011 ἐποιήσατο
3411 4945 3714 5014 πρόνοιαν,
3750 4941 3832 4994 καὶ

2223 5034 2427 5104 ταύτην
2448 5033 2524 5103 τῷ
2555 5032 2941 5085 πεπιστευκότι
2965 5032 3061 5102 τὴν
3087 5033 3396 5100 ἀπολογίαν
3426 5037 3832 5106 προσήνεγκεν·

2229 5125 2284 5177 τί
2309 5126 2370 5177 οὐ
2405 5125 2658 5195 ποιητέον
2689 5126 2840 5193 ἡμῖν,
2877 5124 3068 5191 λογικά
3101 5125 3198 5194 μὲν
3220 5125 3672 5196 ἐγχειρισθεῖσιν
3713 5125 3836 5196 πρό-

2230 5218 2390 5280 ϐατα,
2417 5216 2568 5287 παρὰ
2593 5217 2648 5269 δὲ
2675 5216 2769 5269 τοῦ
2791 5217 2924 5269 Θεοῦ
2960 5217 3068 5269 τῶν
3090 5218 3227 5270 ὅλων
3261 5217 3613 5285 δεξαμένοις
3640 5217 3834 5281 ταύτην

2227 5308 2326 5379 τὴν
2351 5309 2690 5378 ἐπιμέλειαν,
2715 5308 2808 5360 καὶ
2827 5307 3197 5378 λογιζομένοις
3219 5309 3301 5362 ὅτι
3326 5311 3358 5362 ό
3385 5312 3684 5380 Δεσπότης
3709 5310 3838 5376 ὑπὲρ

2226 5399 2432 5452 τούτων
2465 5398 2632 5452 ἔδωκε
2664 5399 2762 5470 τὴν
2787 5399 3002 5469 ψυχήν;
3035 5399 3129 5462 Τίς
3155 5398 3212 5450 δὲ
3249 5398 3312 5450 οὐ
3345 5398 3499 5453 δέδιέ
3527 5417 3591 5453 τε
3619 5400 3718 5453 κα).
3751 5396 3838 5449 πέ-

2233 5550 2278 5581 ⁸¹⁵
2303 5549 2504 5605 Ezech.
2525 5568 2707 5617 xxxrv,
2734 5554 2788 5606 4.
2867 5553 2913 5583 ⁵³
2946 5551 3084 5607 Gen.
3115 5568 3258 5618 xxxx,
3300 5552 3400 5606 40.

2455 5667 2810 5740 πρεσϐυτέρα
2850 5669 3126 5740 Περσικῆς
3157 5669 3331 5740 ’Λρῌμο
3365 5669 3554 5740 Neap.

2328 5738 2414 5809 ϐξ)
2449 5738 2742 5809 κηδεμόαος
2773 5738 2943 5807 Neap.
2986 5755 3038 5809 q.
3089 5739 3142 5791 d.
3187 5738 3423 5792 orbatas
3459 5738 3836 5794 nioderatore.

2328 5742 2414 5808 61)
2449 5742 2742 5806 κηδεμὰιος
2773 5742 2937 5807 Neap.
2986 5755 3038 5809 q.
3089 5742 3142 5791 d.
3187 5755 3250 5792 or

2305 5742 2413 5880 26:2)
2451 5824 2550 5879 μου
2582 5808 2731 5862 addit
2763 5811 2927 5878 Neap.
3249 5838 3252 5842 ι
