4056 6416
348 369 478 436 1253

1606 361 1968 424 EPISTOLA
2006 362 2309 425 LXXVIII
2322 410 2335 422 .

3456 365 3594 431 1254
3696 418 3701 423 .

346 503 529 557 φρικςν
557 480 773 538 ἁκούων
809 481 902 538 τοῦ
935 481 1071 536 Θεοῦ
1094 478 1184 535 διὰ
1213 478 1308 534 τοῦ
1346 478 1607 549 Ἰεζεκιὴλ
1637 480 1908 549 λέγοντός,

2030 486 2197 533 lunam
2228 495 2341 533 non
2383 477 2568 534 timuit
2596 486 2653 533 et
2679 479 2898 534 horruit
2920 520 2934 544 .
2994 481 3167 536 Deum
3197 481 3427 538 audiens
3453 484 3593 538 Eze-

346 577 417 630 ὅτι
445 592 465 626 ι
496 574 680 647 Κρινῶ
702 575 979 645 ἀναμέσον
1000 575 1255 645 ποιμένος
1274 573 1367 626 καὶ
1383 572 1677 643 προϐάτου,
1704 572 1837 625 διότι
1854 570 1915 623 τὸ

345 668 473 736 γάλα
496 665 735 735 ἠσθίετε,
752 668 848 719 καὶ
863 667 932 720 τά
952 666 1072 735 ἑρια
1096 663 1540 736 περιεϐάλλεσθε,
1569 662 1754 717 καὶτὰ
1781 662 1916 729 πρό-

345 757 474 810 σατα
504 756 603 808 οὐκ
630 755 991 824 ἐϐοσκήσατε.
1029 773 1048 805 ι
1078 754 1189 808 Καὶ
1218 754 1400 818 πάλιν,
1428 754 1509 806 ὅτι
1544 772 1562 804 ι
1590 752 1797 807 Σκοπὸν
1828 752 1915 805 δέ-

344 848 487 902 δωκά
524 864 582 901 σε
618 846 695 917 τῷ
724 846 859 917 οἴκῳ
903 845 1139 916 Ἰσραὴλ,
1175 847 1269 900 καὶ
1294 846 1391 899 ὲάν
1429 845 1504 916 μὴ
1526 844 1801 916 διαστείλῃ
1837 844 1914 916 τῷ

343 941 540 1010 ἀνόμῳ,
563 935 658 992 τοῦ
693 937 1034 1009 ἀποστρέψαι
1055 938 1144 991 τὸν
1170 937 1369 1009 ἄνομον
1396 938 1502 991 ἀπὸ
1535 938 1634 1009 τῆς
1665 936 1785 991 όδοῦ
1812 938 1913 990 αὐ-

342 1031 430 1084 τοῦ
460 1031 559 1095 τῆς
599 1032 861 1101 πονηρᾶς,
894 1033 923 1083 ὀ
946 1029 1145 1100 ἄνομος
1169 1032 1373 1093 ἐκεῖνος
1399 1031 1457 1083 ὲν
1484 1032 1550 1101 τῇ
1586 1030 1785 1102 ἀνομίᾳ
1811 1031 1913 1083 αύ-

341 1123 431 1176 τοῦ
458 1120 832 1185 ἀποθανεῖται,
858 1122 919 1175 τὸ
946 1122 1004 1175 δὲ
1031 1116 1169 1192 αἷμα
1194 1121 1358 1175 αὑτοῦ
1390 1124 1454 1174 ἐκ
1486 1122 1585 1192 τῆς
1610 1120 1792 1192 χειρός
1821 1138 1914 1174 σου

343 1212 646 1284 ὲκζητήσω.
683 1232 701 1265 ι
737 1213 959 1277 Τούτοις
995 1216 1279 1283 συμφωνεῖ
1316 1211 1410 1266 καὶ
1436 1214 1503 1265 τά
1532 1210 1914 1284 παραδολικῶς

344 1306 444 1357 ὑπὸ
468 1306 562 1358 τοῦ
598 1305 805 1376 Κυρίου
836 1304 1121 1376 εἰρημένω
1157 1326 1175 1356 ι
1204 1304 1367 1358 Δοῦλε
1400 1304 1537 1375 ἀργὲ
1579 1305 1670 1356 καὶ
1696 1303 1914 1374 όκνηρὲ,

342 1394 443 1447 ἔδει
477 1410 534 1446 σε
568 1393 629 1446 τὸ
656 1393 921 1463 ἀργύριόν
949 1411 1050 1464 μου
1074 1392 1399 1445 καταϐαλεῖν
1424 1392 1516 1446 ἐπὶ
1542 1392 1633 1445 τὸν
1658 1392 1916 1463 τραπεζί-

339 1501 457 1555 την,
499 1484 655 1553 κάγὼ
702 1483 875 1537 ἐλθὼν
916 1484 1054 1555 μετὰ
1098 1484 1256 1537 τόκου
1305 1484 1561 1555 ἀπῄτησα
1605 1484 1672 1537 ἂν
1700 1484 1849 1537 αὑτό.
1895 1501 1913 1535 ι

343 1572 729 1642 Διαναστῶμεν
754 1572 954 1637 τοίνυν,
981 1571 1303 1643 παρακαλῶ,
1337 1573 1433 1624 καὶ
1462 1571 1571 1624 τῶν
1598 1570 1694 1623 τοῦ
1717 1568 1920 1624 Δεσπό-

343 1683 433 1720 του
484 1665 774 1737 προϐάτων
828 1667 1333 1736 ὑπερμαχήσωμεν.
1381 1664 1579 1733 Ἐγγὺς
1628 1664 1657 1716 ὁ
1713 1662 1920 1718 τούτων

342 1756 617 1826 Δεσπότης
665 1757 1011 1824 ὲπιφανεῖται
1039 1758 1275 1821 πάντως,
1309 1756 1403 1809 καὶ
1418 1755 1542 1819 τοὺς
1566 1754 1763 1819 λύκους
1783 1756 1919 1809 ἀπο-

2013 572 2210 627 cbielis
2229 587 2326 628 ore
2348 573 2429 628 sic
2450 575 2769 644 loquentem
2795 591 2807 626 :
2831 593 2848 623 ι
2872 573 3139 629 Judicabo
3160 574 3304 629 inter
3318 583 3592 644 pastorem

2014 671 2072 719 et
2117 678 2272 728 oves,
2330 679 2398 718 eo
2449 663 2599 733 quod
2645 664 2732 718 lac
2780 663 3178 729 comedebatis,
3214 673 3270 718 et
3297 663 3439 719 lanis
3463 680 3597 734 ope-

2016 753 2347 819 riebamini.
2395 762 2451 809 et
2475 768 2607 809 oves
2629 770 2740 809 non
2770 754 3194 823 pascebatis“.n
3248 756 3318 810 Et
3348 755 3547 811 iterum
3583 774 3595 809 :

2024 864 2044 897 ι
2067 845 2484 916 Speculatorem
2514 846 2642 902 dedi
2671 858 2724 901 te
2754 848 2940 902 domui
2970 832 3135 903 Israel
3168 866 3180 901 :
3212 856 3268 903 et
3298 849 3343 902 si
3370 863 3477 903 non
3499 863 3599 901 an-

2015 938 2362 993 nuntiaveris
2384 938 2577 1009 impio,
2600 948 2663 993 ut
2683 948 2964 994 avertatur
2992 940 3194 1009 impius
3216 955 3247 994 ιι
3269 940 3357 994 via
3382 955 3480 994 sua
3499 940 3601 993 im-

2016 1026 2127 1096 pia,
2183 1026 2300 1096 ipse
2329 1027 2555 1097 quidem
2604 1028 2660 1082 in
2701 1026 2992 1097 iniquitate
3018 1044 3115 1082 sua
3148 1029 3435 1093 morietur,
3470 1044 3598 1083 san-

2016 1116 2240 1187 guinem
2265 1132 2400 1172 vero
2427 1118 2550 1186 ejus
2601 1116 2671 1171 de
2700 1131 2866 1170 manu
2898 1124 2990 1170 tua
3018 1116 3295 1185 requiram
3315 1117 3380 1168 δτ.
3404 1138 3421 1167 ι
3462 1115 3598 1169 Cum

2017 1206 2108 1260 bis
2155 1206 2319 1260 etiam
2372 1206 2725 1261 consentiunt
2780 1222 2902 1275 quae
2945 1205 3259 1275 parabolice
3309 1221 3338 1258 a
3369 1206 3601 1259 Domino

2019 1298 2167 1353 dicta
2194 1307 2324 1352 sunt
2354 1315 2367 1351 :
2407 1317 2424 1348 ι
2449 1297 2618 1353 Serve
2644 1297 2800 1368 piger
2829 1305 2886 1352 et
2912 1297 3123 1368 1133
3150 1297 3363 1367 ignave,
3385 1305 3604 1367 oporte—

2016 1388 2114 1443 bat
2160 1395 2211 1443 te
2244 1388 2536 1458 pecuniam
2567 1404 2746 1443 meam
2770 1387 2904 1441 dare
2929 1387 3245 1458 trapezitis,
3294 1396 3352 1442 et
3378 1403 3479 1457 ego
3509 1402 3604 1440 ve-

2018 1480 2179 1534 niens
2211 1495 2338 1534 cum
2366 1479 2552 1546 usuris
2580 1480 2770 1550 utique
2794 1480 3100 1551 exegissem
3130 1479 3277 1533 illam
3294 1478 3391 1532 ⁸³.»
3425 1478 3607 1545 Quare

2019 1572 2363 1644 evigilemus,
2397 1573 2649 1638 obsecro,
2675 1581 2732 1628 et
2761 1589 2865 1643 pro
2897 1572 3112 1627 Domini
3141 1572 3339 1626 ovibus
3363 1570 3608 1626 decerte-

2022 1678 2165 1717 mus.
2226 1664 2405 1733 Prope
2433 1672 2521 1719 est
2547 1664 2765 1718 illarum
2799 1664 3097 1728 Dominus,
3153 1664 3439 1733 aderitque
3483 1679 3604 1718 om-

2022 1754 2189 1820 nino,
2245 1762 2301 1808 et
2351 1754 2512 1824 lupos
2553 1754 2766 1825 abiget,
2827 1763 2885 1809 ct
2922 1764 3176 1825 pastores
3216 1754 3546 1825 gloriﬁcabit
3588 1773 3601 1807 :

346 1819 616 1911 σκεδάσει,
647 1850 740 1901 καὶ
775 1819 901 1911 τοὺς
931 1848 1195 1919 ποιμένας
1231 1819 1462 1913 δοξάσει.
1504 1865 1525 1900 ι
1548 1847 1775 1917 Ἀγαθὸς
1811 1847 1921 1919 γάρ

2031 1864 2050 1897 ι
2075 1846 2260 1901 Bonus
2300 1845 2447 1899 enim
2484 1855 2571 1900 est
2599 1846 2866 1901 Dominus
2898 1847 3348 1915 exspectantibus
3372 1861 3523 1911 eum,
3550 1857 3608 1901 et

345 1939 546 2010 Κύριος
570 1942 682 2002 τοῖς
707 1940 1073 2010 ὑπομένουσιν
1107 1940 1290 2005 αὑτὸν,
1318 1940 1410 1994 καὶ
1435 1939 1604 2011 ψυχῇ,
1630 1939 1666 2011 η
1696 1941 1922 2011 ζητήσει

343 2032 557 2086 αὐτόν.»
587 2032 699 2085 Καὶ
724 2032 797 2103 μὴ
829 2032 1248 2104 δυσχεράνωμεν
1277 2031 1368 2085 τὸν
1396 2031 1779 2086 ἐπαναστάντα
1806 2048 1924 2103 χει-

348 2124 519 2195 μῶνα’
543 2118 650 2176 οἶδε
669 2124 777 2192 γὰρ
793 2124 852 2177 τὸ
874 2123 1152 2194 συμφέρον
1178 2124 1205 2177 ὁ
1224 2123 1332 2177 τῶν
1346 2123 1603 2178 ἀπάντων
1624 2124 1922 2196 Δεσπότης.

343 2216 443 2270 Διά
456 2215 612 2268 τοῦτο
634 2215 742 2284 γὰρ
768 2215 863 2269 καὶ
883 2214 961 2286 τῷ
988 2214 1294 2286 Ἀποστόλῳ
1314 2216 1596 2287 αἰτήσαντι
1616 2216 1723 2269 τῶν
1742 2232 1928 2287 πειρα-

345 2305 502 2377 σμῶν
531 2307 633 2378 τὴν
659 2306 1003 2377 ἀπαλλαγὴν,
1029 2307 1128 2378 τὴν
1151 2306 1368 2379 αἴτησιν
1395 2307 1456 2360 οὐ
1486 2308 1784 2379 παρέσχεν,
1810 2307 1926 2361 ἀλλ’

344 2393 524 2450 εἶπεν·
561 2414 579 2449 ι
616 2399 804 2468 Ἀρκεῖ
832 2415 916 2451 σοι
958 2399 990 2468 ἡ
1023 2397 1185 2470 χάρις
1215 2415 1337 2468 μου·
1366 2399 1400 2469 ἠ
1429 2397 1540 2470 γὰρ
1565 2398 1795 2471 δύναμίς
1824 2417 1925 2470 μου

345 2491 407 2543 ἐν
446 2488 702 2560 ἀσθενείᾳ
741 2488 1061 2543 τελειοῦται.
1097 2507 1117 2542 ι
1164 2488 1508 2561 Ἐνέγκωμεν
1556 2489 1736 2544 τοίνυν
1800 2509 1926 2560 γεν-

343 2581 514 2645 ναίως
542 2582 610 2636 τὰ
638 2582 1051 2652 προσπίπτοντα
1076 2580 1328 2652 λυπηρά.
1354 2582 1442 2635 Ἐν
1464 2584 1576 2646 τοῖς
1600 2562 1857 2653 πολέμοις
1879 2585 1929 2637 οί

344 2672 728 2741 ἀριστεύοντες
767 2674 1092 2728 δείκνυνται’
1140 2675 1199 2727 ὲν
1239 2677 1354 2740 τοῖς
1378 2673 1583 2744 ἀγῶσιν
1625 2676 1673 2728 οί
1699 2674 1931 2746 ἀθληταὶ

350 2764 767 2834 στεφανοῦνται*
800 2767 834 2838 ή
868 2768 967 2837 τῆς
992 2765 1264 2837 θαλάττης
1296 2764 1433 2837 ζάλη
1477 2766 1645 2838 δήλην
1674 2769 1818 2820 ποιεῖ
1834 2766 1929 2822 τοῦ

347 2857 689 2928 κυϐερνήτου
717 2857 816 2928 τὴν
842 2856 1057 2928 τέχνην
1098 2858 1160 2911 τὸ
1194 2857 1306 2929 πῦρ
1339 2858 1427 2912 τὸν
1461 2861 1662 2931 χρυσὸν
1699 2858 1931 2930 δοκιμά-

346 2949 456 3015 ζει.
489 2949 581 3023 Μὴ
606 2950 767 3020 μόνον
793 2949 851 3003 δὲ
875 2949 1033 3021 ἡμῶν
1064 2950 1263 3013 αὐτῶν,
1290 2950 1612 3023 παρακαλῶ,
1637 2952 1935 3024 φροντίσω-

352 3058 479 3111 μεν,
502 3041 640 3095 ἀλλά
667 3040 891 3095 πλείονα
918 3040 1028 3095 τῶν
1051 3040 1228 3096 ἀλλων
1253 3043 1615 3113 ποιησώμεθα
1646 3041 1928 3114 πρόνοιαν,

2025 1937 2222 1993 anima:
2247 1939 2516 2009 quaerenti
2548 1939 2703 1992 illum
2720 1922 2787 1991 δέ.
2821 1958 2838 1989 ι
2893 1938 3006 1993 Nec
3035 1954 3167 1993 vero
3194 1947 3437 1992 exortam
3468 1948 3608 1994 tem—-

2025 2037 2295 2102 pestatem
2323 2046 2464 2101 aegre
2488 2030 2732 2085 feramus
2759 2048 2772 2083 :
2801 2031 2992 2085 ‘novit
3014 2030 3161 2086 enim
3183 2030 3448 2085 Dominus
3476 2030 3610 2100 quid

2025 2123 2301 2194 expediat.
2327 2123 2628 2193 Propterea
2650 2131 2706 2177 et
2723 2122 3068 2191 Apostolum,
3095 2138 3219 2177 cum
3248 2123 3611 2177 tentationum

2029 2215 2419 2270 liberationem
2471 2214 2772 2284 ﬂagitaret,
2829 2214 2944 2268 voti
2986 2224 3293 2284 compotem
3324 2229 3435 2269 non
3459 2213 3612 2278 fecit,

2028 2306 2223 2362 dicens
2273 2323 2286 2361 :
2345 2325 2363 2357 ι
2389 2305 2602 2361 Suﬂicit
2631 2304 2728 2360 tibi
2760 2304 2936 2376 gratia
2956 2322 3108 2385 mea,
3139 2306 3267 2376 quia
3291 2306 3468 2361 virtus
3496 2322 3616 2362 mea

2018 2397 2087 2475 oin
2115 2396 2436 2452 inﬁrmitate
2467 2396 2755 2468 perﬁcitur
2772 2397 2868 2450 ⁶⁰.ι
2902 2397 3144 2452 Fortiter
3171 2397 3356 2468 itaque
3378 2397 3618 2453 feramus

2030 2506 2192 2546 casus
2219 2490 2501 2546 adversos.
2531 2490 2591 2545 In
2621 2489 2784 2545 bellis
2807 2491 3012 2561 quippe
3044 2501 3349 2545 cernuntur
3375 2491 3479 2545 viri
3504 2490 3620 2545 for—

2032 2592 2149 2646 tes,
2203 2582 2262 2637 in
2305 2582 2707 2637 certaminibus
2756 2590 3094 2637 coronantur
3131 2582 3393 2646 athleta),
3450 2582 3621 2636 maris

2031 2673 2257 2744 agitatio
2304 2673 2695 2744 gubernatoris
2722 2672 2903 2744 prodit
2936 2672 3295 2737 industriam,
3346 2672 3491 2742 ignis
3515 2688 3617 2726 au-

2033 2781 2157 2819 rum
2186 2765 2402 2835 probat.
2433 2764 2704 2821 Cretcrum
2735 2764 2911 2819 nostri
2939 2773 3151 2819 tantum
3174 2779 3385 2828 curam,
3409 2777 3616 2832 qumso,

2032 2872 2103 2911 ne
2130 2872 2403 2927 geramus,
2434 2856 2532 2911 sed
2559 2857 2765 2927 majore
2788 2856 2927 2910 alios
2952 2853 3300 2926 providentia
3322 2868 3623 2924 prosequa-

2033 2965 2180 3015 mur,
2210 2963 2314 3003 nec
2340 2964 2505 3003 sanos
2528 2948 2814 3012 duntaxat,
2839 2948 2934 3002 sed
2960 2947 3133 3001 multo
3155 2945 3328 3017 magis
3353 2943 3620 2999 inﬁrmos.

2033 3038 2350 3110 Apostolica
2380 3039 2531 3093 enim
2562 3038 2650 3094 lex
2675 3047 2781 3103 est,
2813 3037 3037 3093 disertis
3057 3036 3246 3091 verbis
3266 3034 3620 3105 przecipiens:

346 3132 453 3186 καὶ
487 3132 561 3204 μὴ
594 3133 752 3203 μόνον
790 3132 903 3188 τῶν
932 3134 1312 3203 ὑγιαινόντων,
1357 3134 1495 3188 ἀλλά
1522 3134 1701 3206 πολλῷ
1734 3134 1934 3205 μᾶλλον

2047 3151 2066 3184 ι
2091 3131 2471 3188 Consolamini
2527 3130 2928 3201 pusillanimes,
2964 3129 3225 3200 suscipite
3251 3126 3574 3182 infirmos".
3602 3146 3618 3176 ι

344 3223 465 3278 τῶν
494 3223 883 3280 ἀσθενούντων.
925 3224 1305 3290 ’Δποστολικδς
1333 3226 1441 3297 γάρ
1464 3227 1580 3279 ἐστι
1601 3226 1765 3297 νόμος
1784 3225 1936 3299 διαῤ⁴

351 3314 526 3387 ρήδην
559 3313 718 3385 βοῶν’
770 3334 790 3368 ι
823 3315 1201 3387 Παρακαλεῐτε
1240 3317 1364 3380 τοὺς
1398 3316 1779 3389 ὀλιγοψύχους.
1806 3319 1935 3372 ἀντ-

350 3405 548 3477 ἔχεσθε
574 3404 685 3461 τῶν
718 3406 982 3461 ἀσθενῶν.
1006 3425 1025 3458 ι
1065 3407 1373 3478 Ὀρέξωμεν
1409 3406 1589 3460 τοίνυν
1630 3410 1781 3478 χεῖρε
1823 3410 1937 3472 τοῖς

348 3494 653 3565 κειμένοις,
688 3493 1118 3567 θεραπεύσωμεν
1150 3490 1333 3550 αὐτῶν
1363 3494 1433 3550 τὰ
1464 3495 1780 3566 τραύματα,
1808 3496 1937 3566 στή-

351 3600 544 3656 σωμεν
574 3584 669 3637 καὶ
695 3585 894 3647 αὐτοὺς
930 3585 989 3638 ὲν
1019 3587 1087 3656 τῇ
1120 3583 1425 3655 παρατάξει
1452 3585 1592 3638 κατά
1634 3585 1729 3639 τοῦ
1759 3584 1939 3639 διαϐό-

347 3674 474 3727 λου’
504 3673 656 3727 οὐδὲν
686 3673 848 3728 αὐτὸν
876 3673 1051 3738 οὕτως
1077 3674 1313 3739 ἀνιάσει,
1334 3674 1410 3739 ὡς
1432 3675 1492 3727 τὸ
1514 3675 1676 3730 πάλιν
1713 3674 1939 3743 τούτους

352 3766 493 3820 ἰδεῖν
517 3764 886 3837 πολεμοῦντας
917 3766 1011 3819 καὶ
1036 3763 1349 3837 βάλλοντας.
1381 3767 1766 3839 Φιλάνθρωπός
1792 3771 1940 3822 ἐστιν

347 3861 385 3914 ὁ
408 3858 711 3929 Δεσπότης,
746 3856 961 3929 δέχεται
997 3858 1109 3912 τῶν
1138 3857 1605 3930 πλημμελούντων
1638 3861 1738 3932 τὴν
1768 3878 1939 3929 μετα-

356 3949 585 4021 μέλειαν
616 3949 749 4022 (455)·
786 3949 1111 4021 ἀκούσωμεν
1144 3949 1255 4022 (64)
1294 3951 1459 4004 αὐτοῦ
1487 3949 1758 4019 λέγοντος
1801 3971 1819 4003 ι
1855 3952 1943 4007 Ζῶ

349 4039 494 4110 ἐγὼ,
517 4040 667 4109 λέγει
687 4041 909 4112 Κύριος·
943 4042 993 4096 εί
1013 4040 1230 4112 θελήσει
1250 4041 1461 4114 θελήσω
1483 4042 1574 4095 τὸν
1601 4041 1828 4096 θάνατον
1849 4043 1941 4098 τοῦ

349 4136 715 4208 ἁμαρτωλοῦ,
746 4136 821 4199 ὡς
857 4135 918 4189 τὸ
949 4134 1274 4206 ἐπιστρέψαι
1302 4133 1464 4187 αὐτὸν
1494 4135 1587 4188 καὶ
1615 4133 1747 4205 ζῇνς
1790 4153 1809 4186 ι
1843 4133 1944 4188 Διά

348 4228 523 4281 τοῦτο
550 4227 646 4282 καὶ
671 4228 832 4298 ὅρκον
860 4225 938 4297 τῷ
956 4225 1102 4296 λόγῳ
1136 4224 1508 4297 προτέθεικεν,
1536 4225 1630 4278 καὶ
1649 4227 1677 4278 ό
1702 4227 1812 4289 τοῖς
1844 4224 1943 4277 ἀλ-

351 4317 478 4380 λοις
505 4315 866 4388 ἀπαγορεύων
892 4316 1020 4379 τοὺς
1043 4317 1262 4387 ὅρκους,
1298 4315 1610 4387 ὀμώμοκεν,
1651 4315 1739 4369 ἵνα
1781 4314 1945 4387 πείσῃ

351 4410 440 4474 ὡς
470 4411 567 4480 τῆς
596 4410 869 4482 ἡμετέρας
902 4407 1269 4480 μεταμελείας
1290 4409 1385 4462 καὶ
1408 4409 1682 4482 σωτηρίας
1707 4410 1939 4479 ἐφίεται.

2036 3222 2391 3293 Porrigamus
2414 3237 2545 3291 ergo
2568 3236 2790 3276 manum
2810 3221 3145 3291 iacentibus,
3169 3220 3488 3274 medeamur
3509 3218 3630 3272 illo-

2037 3329 2161 3367 rum
2182 3313 2525 3377 vulneribus,
2554 3312 2706 3383 ipsos
2730 3314 2898 3368 etiam
2923 3312 2977 3367 in
3000 3313 3116 3367 acie
3135 3321 3327 3366 contra
3346 3311 3627 3366 diabolum

2037 3406 2393 3462 collocemus.
2420 3404 2580 3460 Nulla
2604 3421 2694 3460 res
2714 3405 2869 3459 illum
2894 3404 3125 3476 perinde
3152 3404 3442 3470 cruciabit,
3465 3418 3628 3473 quam

2038 3496 2084 3550 si
2130 3495 2234 3550 hos
2280 3495 2480 3550 iterum
2530 3503 2839 3566 pugnantes
2886 3496 3262 3565 ferientesque
3303 3493 3627 3564 conspiciat.

2038 3586 2317 3657 Benignus
2359 3594 2445 3641 est
2490 3586 2778 3652 Dominus,
2846 3586 3195 3658 peccantium
3247 3586 3628 3656 paenitentiam

2041 3676 2273 3747 suscipit
2320 3695 2333 3731 :
2378 3677 2669 3732 audiamus
2721 3693 2849 3733 eum
2906 3679 3224 3748 loquentem
3276 3676 3365 3732 his
3396 3676 3627 3731 verbis:

2049 3785 2068 3817 ε
2090 3767 2227 3821 Vivo
2254 3782 2376 3838 ego,
2430 3767 2565 3821 dicit
2599 3767 2887 3835 Dominus,
2944 3768 2991 3823 si
3018 3769 3209 3823 volens
3234 3768 3359 3822 volo
3397 3778 3630 3821 mortem

2043 3860 2349 3929 peccatoris
2378 3901 2392 3926 ,
2453 3859 2668 3932 1134
2731 3876 2797 3915 ac
2823 3875 2933 3915 non
2957 3860 3143 3930 potius
3187 3868 3250 3915 ut
3277 3866 3633 3914 convertatur

2043 3961 2101 4009 et
2140 3955 2290 4010 vivat
2306 3955 2370 4008 ".
2401 3974 2420 4006 ι
2462 3954 2677 4009 Idcirco
2719 3958 3096 4026 juramentum
3127 3954 3314 4009 verbis
3340 3950 3629 4024 praemisit,

2042 4053 2101 4100 et
2137 4044 2234 4114 qui
2286 4045 2426 4101 alios
2476 4048 2665 4116 jurare
2720 4055 2889 4110 vetat,
2949 4047 3066 4117 ipse
3107 4046 3335 4118 jnravit,
3372 4054 3432 4100 ut
3470 4043 3630 4099 ﬁdem

2030 4133 2239 4211 -faciat,
2301 4150 2360 4190 se
2396 4136 2777 4204 paenitentiam
2805 4137 3150 4205 salutemque
3176 4143 3420 4189 nostram
3463 4149 3630 4203 expc—-

2045 4240 2185 4282 tere.
2219 4228 2316 4284 His
2340 4227 2529 4283 referti
2557 4240 2687 4285 sunt
2713 4227 2864 4283 Libri
2886 4227 3082 4291 divini,
3110 4234 3225 4281 tum
3245 4234 3482 4288 veteres,
3516 4234 3629 4279 tum

2032 4320 2176 4395 ,novi
2235 4337 2249 4373 :
2304 4320 2421 4375 btec
2450 4319 2567 4391 ipsa
2590 4320 2755 4375 etiam
2784 4327 3101 4375 sanctorum
3124 4318 3350 4373 Patrum
3387 4331 3633 4371 canones

2048 4411 2270 4467 docent.

352 4504 586 4559 Τούτων
619 4504 675 4557 αἱ
713 4502 858 4558 θεῖαι
884 4502 1066 4556 Βίϐλοι
1098 4503 1315 4575 μεσταὶ,
1339 4504 1435 4558 καὶ
1475 4505 1531 4558 αἱ
1577 4502 1825 4570 παλαιαὶ,
1856 4505 1951 4558 καὶ
1988 4506 2046 4559 αἱ
2080 4505 2289 4559 καιναί.
2328 4504 2513 4558 Ταῦτα
2539 4504 2638 4557 καὶ
2658 4505 2707 4557 oi
2767 4504 2992 4569 κανόνες
3044 4502 3153 4557 τῶν
3183 4502 3351 4572 ἀγίων
3375 4501 3635 4573 Πατὲρων

352 4601 738 4657 διδάσκουσιν.

449 4695 593 4765 Ἐγὼ
625 4696 681 4749 δὲ
723 4694 863 4748 αὐτὰ
910 4695 1009 4767 οὐχ
1065 4695 1141 4760 ὡς
1179 4693 1465 4764 ἀγνοοῦσιν
1503 4695 1631 4765 ὑμῖν
1670 4694 1935 4768 γέγραφα

2127 4697 2241 4769 Ego
2269 4711 2402 4751 vero
2435 4696 2529 4751 illa
2579 4710 2690 4751 non
2720 4702 2782 4750 ut
2807 4691 3189 4765 ignorantibus
3229 4690 3389 4746 vobis
3419 4687 3634 4759 scripsi,

352 4790 485 4846 ἀλλ’
516 4790 591 4853 ὡς
612 4789 821 4852 εἰδότας
853 4789 1156 4860 ἀνέμνησα’
1191 4790 1286 4843 καὶ
1315 4789 1680 4860 ἐμιμησάμην
1708 4790 1837 4854 τοὺς
1860 4790 1953 4843 ἐπὶ

348 4883 463 4952 ’τῆς
495 4884 597 4951 γῆς
624 4879 886 4943 ἑστῶτας,
918 4880 1013 4934 καὶ
1058 4883 1172 4944 τοῖς
1213 4879 1697 4952 κλυδωνιζομένοις
1730 4884 1953 4935 ἐπικου-

354 4974 623 5046 ροῦντας,
668 4974 764 5027 καὶ
816 4974 850 5043 ἢ
900 4972 1164 5042 πρόόολον
1206 4973 1638 5037 ἐπιδεικνύντας,
1675 4974 1709 5045 ἢ
1753 4974 1953 5045 βράχος

349 5067 759 5139 κεκρυμμένον
804 5064 1132 5136 μηνύοντας,
1166 5064 1200 5135 ἢ
1242 5068 1451 5135 σχοῖνον
1486 5065 1809 5137 δεχομένους
1861 5066 1955 5119 καὶ

349 5159 650 5220 ἕλκοντας.
690 5157 751 5209 '0
784 5157 840 5209 δὲ
864 5154 995 5219 Θεὸς
1023 5155 1122 5226 τῆς
1155 5154 1383 5226 εἰρήνης
1421 5155 1702 5225 συντρίψει
1729 5156 1821 5209 τὸν
1845 5157 1952 5208 Σα-

2052 4790 2150 4846 sed
2184 4798 2245 4844 ut
2279 4789 2585 4846 scientibus
2625 4788 2893 4859 suggessi.
2952 4786 3315 4855 Imitatusque
3344 4783 3484 4838 adeo
3516 4797 3637 4836 sum

2051 4883 2199 4947 illos,
2254 4883 2351 4954 qui
2400 4882 2456 4937 in
2509 4891 2657 4936 terra
2687 4882 3024 4943 consistunt,
3060 4887 3118 4933 et
3161 4892 3286 4932 cum
3317 4882 3640 4946 tempestate

2027 4970 2032 4975 ’
2051 4974 2500 5031 conﬂictantibus
2519 4989 2680 5043 opem
2703 4972 2908 5035 ferunt,
2927 4980 3022 5026 aut
3043 4968 3331 5039 scopulum
3348 4964 3642 5022 ostenden-

2053 5073 2167 5127 tes,
2215 5073 2310 5118 aut
2354 5064 2544 5119 brevia
2572 5063 2797 5117 latentia
2844 5061 3175 5131 indicantes,
3207 5067 3302 5113 aut
3352 5064 3635 5125 arreptum

2050 5154 2237 5209 funem
2279 5155 2640 5210 attrahentes.
2692 5155 2838 5209 Deus
2858 5170 2990 5209 vero
3029 5152 3183 5223 pacis
3205 5157 3455 5206 conterat
3484 5145 3639 5201 brevi

348 5251 540 5304 τανᾶν
574 5246 681 5301 ὑπὸ
707 5247 834 5307 τοὺς
862 5246 1031 5309 πόδας
1081 5244 1234 5316 ὑμῶν
1276 5246 1335 5298 ἐν
1363 5244 1539 5315 τάχει,
1571 5245 1667 5299 καὶ
1695 5245 1935 5317 εὐφρανε

2054 5246 2310 5301 Satanam
2356 5247 2460 5302 sub
2483 5247 2716 5318 pedibus
2739 5245 3034 5310 vestris",
3087 5253 3144 5298 et
3184 5242 3451 5297 exhilarct
3480 5252 3642 5291 aures

338 5340 468 5423 ea;
519 5338 799 5411 ἡμετέρας
848 5336 1019 5400 ἀκοάς
1048 5338 1116 5407 τῇ
1147 5335 1393 5408 ὑμετέρα
1417 5336 1647 5409 γαλήνῃ,
1679 5336 1849 5390 εἰπὼν
1881 5339 1950 5409 τῇ

439 5496 492 5530 ⁸⁸
512 5496 717 5552 Ezeeh.
739 5510 925 5560 πτειν,
956 5494 1011 5558 3,
1047 5493 1134 5548 l7.
1214 5492 1261 5525 ⁸⁷
1289 5493 1493 5549 Ezceh.
1522 5509 1600 5559 ιιι,
1626 5493 1714 5557 l7,
1743 5452 1830 5549 lli.

1943 5496 1988 5528 ⁸⁸
2011 5495 2146 5552 Luc.
2171 5513 2282 5564 ιικ,
2307 5497 2397 5552 95.

2052 5347 2271 5393 nostras
2296 5339 2926 5412 tranquillitatevestra,
2946 5335 3154 5392 furenti
3176 5335 3454 5403 imperans
3472 5328 3638 5382 mari:

2508 5496 2553 5529 "
2602 5495 2810 5552 Thrcn.
2838 5512 2917 5562 ιιι,
2946 5495 3034 5550 25.
3148 5493 3192 5525 ⁶⁰
3220 5490 3264 5546 ll
3287 5489 3415 5546 Cor.
3453 5502 3548 5552 xu,
3589 5485 3643 5541 9.

336 5568 401 5602 ⁴¹
444 5567 467 5622 1
500 5568 695 5622 Thess.
730 5583 784 5633 v,
823 5566 909 5620 Η.
985 5564 1031 5596 ⁶²
1060 5563 1268 5619 Ezech.
1298 5580 1481 5631 χχχιιι,
1525 5563 1612 5617 ll.
1690 5565 1737 5597 “
1780 5565 1935 5621 Rom.

2030 5582 2080 5635 πι,
2115 5566 2204 5622 20.

442 5722 560 5863 (θδζ

444 5798 535 5863 \(54

444 5793 560 5865 \(54)
592 5794 725 5849 ἀκού
736 5811 897 5859 σομεν
930 5793 1098 5859 Neap.

594 5723 687 5780 Sic.
711 5738 742 5777 e
767 5722 1037 5793 Neapolit.
1064 5721 1305 5793 reposui.
1335 5718 1661 5776 Sirmondus
1687 5721 1813 5776 hab.
1847 5721 2166 5789 ἐπιμέλειαν
