4056 6430
508 374 647 441 1255

1507 368 1994 431 THEODORETI
2032 366 2371 429 EPISCOPI
2409 367 2774 429 CYRENSIS

3613 381 3731 448 125'}

512 512 531 547 σ
556 494 721 559 Tace,
752 490 1076 548 obmutesce
1091 490 1189 543 “.t
1234 489 1341 545 Vos
1365 501 1499 542 vero
1530 500 1725 556 preces
1752 485 1831 539 illi
1864 501 1970 552 pro
1994 500 2092 539 no-

2210 483 2502 555 μαινομένῃ
2526 484 2785 555 θαλάττῃ*
2821 503 2840 537 ι
2870 485 3078 550 Σιώπα,
3118 487 3418 557 πεφίμωσο.
3440 511 3458 543 ι
3492 492 3662 568 Ὑμεῖς
3683 501 3733 557 δὲ

502 587 592 645 bis
627 585 844 640 otl‘erte.
902 583 1162 653 Majorem
1193 581 1396 651 quippe
1429 578 1690 663 fiduciam
1720 577 1959 643 habetis,
1994 577 2092 648 qui

504 675 690 730 oblata
723 690 825 744 pro
854 689 922 728 eo
952 672 1257 727 certamina
1288 668 1633 739 suscepistis.

855 869 1094 925 LXXIX.
1120 869 1463 925 —Anatolio
1489 872 1739 942 patricio.

575 983 861 1038 Maximam
896 982 1060 1037 nobis
1092 982 1200 1037 hoc
1230 990 1479 1052 tempore
1519 981 1952 1036 consolationem
1983 981 2095 1035 Do—

505 1077 687 1131 minus
735 1066 879 1131 Deus
926 1075 1157 1130 indulsit
1201 1075 1665 1146 magniﬁcentiam
1715 1086 1891 1139 tuam,
1952 1084 2097 1129 tem-

502 1167 815 1238 pestatique
874 1175 1271 1236 congruentem
1320 1174 1544 1235 portum
1589 1165 1763 1220 dedit.
1830 1165 1986 1221 Unde
2041 1173 2099 1220 et

504 1258 875 1330 magnitudini
915 1267 1023 1313 tum
1073 1273 1195 1327 quae
1222 1257 1453 1311 molesta
1483 1266 1613 1310 sunt
1645 1256 1879 1311 ﬁdenter
1906 1272 2101 1328 sugge-

506 1351 705 1405 rimus.
729 1350 947 1404 Dudum
970 1363 1103 1420 ergo
1123 1348 1468 1403 excellentiae
1489 1356 1687 1403 vestrae
1711 1346 2097 1413 indicavimus,

507 1440 991 1500 commonitorium
1040 1439 1201 1494 nobis
1246 1437 1555 1493 ostendisse
1606 1437 1810 1493 Rufum
1841 1439 2099 1492 comitem

508 1531 1111 1603 magnificentissimum
1171 1529 1534 1600 imperatoria
1582 1545 1747 1583 manu
1790 1537 2100 1596 exaratum,

507 1623 655 1695 quod
704 1622 1004 1677 fortissimo
1057 1621 1321 1692 magistro
1354 1620 1594 1675 militum
1643 1620 1999 1691 praecipiebat
2042 1631 2103 1675 ut

507 1714 814 1786 prudenter
835 1713 1086 1783 sciteque
1113 1719 1336 1767 curaret
1362 1726 1463 1766 nos
1491 1709 1621 1783 Cyri
1646 1713 1971 1777 consistere,
1998 1728 2103 1768 nee

2190 574 2294 638 τὰς
2350 574 2493 645 ὑπὲρ
2545 574 2705 645 ἡμῶν
2761 576 3077 647 προσευχὰς
3134 577 3282 649 αὑτῷ
3344 586 3737 655 προσενέγκατε.

2194 665 2428 719 Πλείονα
2459 666 2570 738 γὰρ
2604 665 2757 736 ἔχετε
2786 668 3125 739 παρρησίαν,
3158 669 3233 732 ὡς
3267 671 3391 736 τοὺς
3425 674 3558 748 ὑπὲρ
3591 680 3737 736 αὑτοῦ

2194 757 2477 821 κινδύνους
2511 756 2917 828 ἀναδεξάμενοι.

2528 867 2650 922 ΟΘ’.
2678 899 2751 910 -
2790 869 3115 938 Ἀνατολίῳ
3144 875 3451 942 πατρικίῳ.

2268 978 2513 1034 Δέόωκεν
2546 980 2679 1051 ἡμῖν
2705 981 2733 1034 ό
2762 979 3040 1052 Δεσπότης
3071 981 3205 1046 Θεὸς
3237 983 3499 1055 μεγίστην
3519 990 3746 1061 παραψυ.

2197 1072 2299 1144 χὴν
2334 1073 2392 1126 ὲν
2428 1071 2507 1142 τῷ
2532 1072 2763 1143 παρόντι
2794 1073 2972 1144 καιρῷ
3003 1073 3103 1144 τὴν
3132 1075 3403 1147 ὑμετέραν
3434 1080 3747 1152 μεγαλοπρέ-

2199 1181 2381 1228 πειαν,
2421 1164 2516 1217 καὶ
2546 1161 2622 1233 τῷ
2646 1163 2877 1217 κλύδωνι
2898 1165 2988 1218 τὸν
3014 1163 3209 1236 λιμένα
3244 1167 3485 1237 παρέσχε
3508 1170 3751 1243 κατάλλη-

2198 1249 2308 1304 λον.
2339 1250 2439 1304 Διά
2468 1267 2548 1305 τοι
2576 1250 2777 1323 [τοῦτο]
2796 1251 3126 1324 θαρροῦντες
3151 1254 3220 1307 τὰ
3237 1254 3505 1310 λυποῦντα
3534 1259 3753 1316 διδάσκο-

2204 1358 2304 1412 μεν
2321 1340 2382 1393 τὸ
2400 1342 2666 1413 ὑμέτερον
2690 1342 2939 1413 μέγεθος.
2965 1343 3163 1415 Πρὼην
3178 1346 3280 1415 μὲν
3301 1343 3394 1401 οὖν
3411 1348 3752 1422 ἐγνωρίσαμεν

2203 1429 2357 1501 ὑμῶν
2379 1432 2444 1501 τῇ
2475 1431 2840 1504 μεγαλοφυῖᾳ,
2868 1432 2945 1495 ὡς
2975 1432 3266 1500 ὑπέδειξαν
3291 1436 3425 1506 ἡμῖν
3451 1438 3501 1490 οἱ
3536 1440 3655 1510 περὶ
3679 1441 3753 1495 τὸν

2206 1521 2792 1595 μεγαλοπρεπέστατον
2810 1523 3027 1596 κόμητα
3052 1524 3280 1596 Ῥοῦφον
3298 1527 3686 1598 ὑπομνηστικὸν
3698 1535 3753 1601 τῇ

2206 1613 2460 1686 βασιλικῇ
2522 1616 2908 1687 γεγραμμένον
2944 1618 3115 1688 χειρὶ,
3156 1618 3652 1690 παρακελευόμενον
3690 1623 3756 1693 τῷ

2204 1704 2574 1779 ἀνδρειοτάτῳ
2616 1706 2929 1778 στρατηγῷ,
2965 1709 3104 1778 μετὰ
3131 1710 3448 1781 φρονήσεως
3491 1711 3583 1764 καὶ
3608 1713 3759 1782 ὲμμευ

507 1804 576 1860 ad
606 1805 741 1859 alias
769 1804 1025 1858 civitates
1050 1802 1352 1872 proﬁcisci,
1388 1809 1451 1855 ut
1488 1802 1582 1873 qui
1612 1802 1851 1874 synodos
1881 1802 2102 1858 assidue

2210 1794 2358 1860 λείας
2382 1798 2805 1867 παρασκευάσαι
2833 1799 2980 1870 ἡμᾶς
3015 1799 3073 1851 ὲν
3096 1802 3163 1870 τῇ
3200 1798 3372 1871 Κύρῳ
3413 1800 3525 1871 (65)
3552 1801 3756 1870 διάγειν,

507 1895 650 1967 apud
674 1895 1019 1959 Antiochiam
1070 1894 1283 1965 1135
1324 1909 1667 1965 cogeremus,
1689 1902 1745 1949 et
1767 1893 2105 1954 orthodoxos

509 1989 883 2043 turbaremus.
933 1986 1093 2041 Nune
1125 1985 1309 2039 indico
1343 2001 1432 2040 me
1466 1985 1633 2055 regiis
1657 1986 1987 2040 obsecutum
2012 1983 2107 2037 lit-

504 2077 642 2131 teris
665 2076 865 2148 Cyrum
889 2075 1127 2140 venisse,
1163 2090 1247 2141 ac,
1277 2074 1477 2128 diebus
1499 2089 1594 2128 sex
1621 2081 1901 2142 septemve
1928 2081 2106 2127 trans-

509 2169 649 2224 actis
673 2210 688 2234 ,
735 2167 910 2222 misso
943 2166 1013 2221 ad
1044 2181 1131 2220 me
1178 2164 1538 2220 devotissimo
1573 2162 1899 2234 Euphronio
1929 2164 2105 2235 magi-

509 2258 721 2313 striano
739 2257 1031 2327 flagitasse,
1054 2264 1117 2310 ut
1136 2256 1342 2325 scripto
1361 2253 1656 2309 conﬁterer
1676 2253 1951 2309 exhibitas
1968 2254 2106 2310 mihi

513 2348 692 2420 regias
731 2347 944 2401 litteras
987 2346 1177 2401 fuisse.
1227 2345 1342 2414 Ego
1379 2359 1513 2398 vero
1546 2343 1653 2398 hoc
1689 2343 1857 2398 etiam
1892 2344 2016 2409 feci,
2051 2352 2108 2400 et

511 2436 745 2509 promisi
796 2452 885 2492 me
935 2436 1080 2507 apud
1129 2435 1332 2507 Cyrum
1384 2443 1441 2489 et
1487 2434 1543 2488 in
1584 2434 1688 2489 hac
1720 2435 1943 2506 regione
1976 2452 2108 2507 per-

512 2544 858 2595 mansurum,
914 2537 971 2583 et
1008 2528 1287 2599 pascendo
1322 2526 1475 2598 gregi
1524 2525 1660 2580 mihi
1691 2527 1987 2582 commisso
2019 2528 2107 2583 in-

511 2620 811 2677 haesurum.
875 2620 1028 2690 Rogo
1074 2619 1260 2689 itaque
1309 2616 1775 2688 magniﬁcentiam
1802 2623 1975 2684 tuam,
2013 2633 2108 2674 ac-

512 2720 704 2769 curate
721 2723 784 2768 ut
800 2712 1074 2783 exquirat,
1103 2722 1159 2767 et
1186 2727 1255 2766 an
1273 2726 1405 2766 vere
1426 2710 1540 2765 haec
1558 2710 1632 2765 ita
1676 2710 1942 2782 imperata
1973 2710 2105 2776 sint,

510 2813 570 2861 et
586 2822 749 2876 quam
776 2805 847 2860 ob
874 2818 1116 2861 causam.
1150 2803 1265 2874 Ego
1289 2803 1438 2857 enim
1461 2803 1697 2857 aliorum
1718 2803 1945 2873 quidem
1969 2803 2111 2858 mul-

514 2907 696 2953 torum
731 2897 868 2951 mihi
898 2896 1232 2951 delictorum
1261 2894 1518 2949 conscius
1549 2909 1671 2949 sum
1710 2914 1723 2950 :
1758 2896 1900 2949 nihil
1925 2904 2110 2951 tamen

514 2988 602 3043 vel
630 2989 686 3040 in
710 2987 1016 3042 Ecclesiam
1041 2985 1161 3051 Dei,
1194 2986 1280 3040 vel
1310 2985 1365 3038 in
1388 3000 1738 3040 communem
1760 2985 2110 3056 disciplinam

518 3096 774 3150 peccasse
822 3095 909 3134 me
956 3080 1158 3134 sentio.
1212 3079 1391 3148 Atque
1422 3078 1540 3133 haec
1568 3078 1787 3144 scribo,
1825 3095 1935 3133 non
1962 3078 2110 3149 quod

2206 1885 2299 1939 mi.
2327 1887 2409 1949 είς
2439 1885 2633 1957 ἑτέραν
2683 1887 2758 1956 μὴ
2777 1883 3007 1941 ’ἀπιέναι
3047 1886 3222 1951 πόλιν,
3265 1889 3342 1953 ὡς
3382 1890 3624 1956 συνόδους
3656 1908 3763 1946 συν-

2205 1975 2344 2046 εχῶς
2378 1977 2459 2039 είς
2483 1976 2581 2047 τὴν
2610 1976 2941 2048 Ἀντιόχειαν
2971 1978 3326 2046 συνάγοντας,
3357 1979 3452 2034 καὶ
3476 1997 3600 2043 τους
3627 1981 3763 2052 ὀρθο-

2206 2065 2393 2133 δόξους
2413 2067 2802 2138 ταράττοντας.
2839 2068 2964 2122 Ἐπὶ
2989 2070 3045 2122 δὲ
3076 2068 3170 2123 τοῦ
3210 2071 3480 2141 παρόντος
3519 2072 3764 2143 γνωρίζω,

2206 2160 2283 2223 ὡς
2305 2158 2382 2231 τῷ
2419 2159 2682 2231 βασιλικῷ
2716 2162 2962 2227 πεισθεὶς
2989 2163 3282 2234 γράμματι
3313 2164 3412 2232 τὴν
3448 2165 3623 2237 Κύρον
3653 2182 3769 2219 κατ-

2211 2250 2424 2305 έλαόοψ
2455 2252 2549 2305 καὶ
2577 2251 2635 2318 ἓξ
2665 2252 2697 2323 ἢ
2738 2252 2879 2306 ἑπτὰ
2914 2253 3237 2308 διελθουσῶν
3258 2256 3513 2327 ἡμερῶν,
3547 2257 3773 2310 ἀπέστει-

2208 2341 2307 2395 λαν
2330 2343 2463 2414 πρός
2488 2360 2554 2414 με
2581 2343 2673 2396 τὸν
2696 2344 3118 2415 καθωσιωμένον
3148 2346 3483 2417 Εὑφρόνιον,
3506 2347 3594 2400 τὸν
3626 2363 3771 2415 στρα-

2208 2432 2551 2503 τηλατιανὸν.
2592 2435 2728 2503 μετὰ
2758 2435 3119 2507 γραμμάτων.
3160 2435 3522 2500 άπαιτοῦντές
3568 2454 3632 2506 με
3665 2434 3774 2489 καθ-

2210 2526 2544 2599 ομολογῆσαι
2570 2528 2885 2596 ἐγγράφως,
2920 2528 2996 2591 ὡς
3020 2528 3354 2600 ὲνεφανίσθη
3393 2546 3484 2599 μοι
3512 2529 3572 2581 τὸ
3594 2528 3774 2598 βασιλι-

2211 2618 2308 2674 κὸν
2337 2619 2592 2690 γράμμα,
2616 2619 2710 2673 καὶ
2741 2620 3061 2690 ὑπεσχόμην
3089 2622 3154 2691 τῇ
3186 2618 3363 2690 Κύρῳ
3391 2621 3488 2673 καὶ
3510 2623 3576 2692 τῇ
3598 2618 3775 2688 ταύτης

2214 2707 2605 2779 προσεδρεύειν
2638 2707 2814 2779 χώρᾳ,
2849 2710 2942 2760 καὶ
2965 2705 3063 2770 τᾶς
3087 2708 3532 2781 ὲγχειρισθείσας
3566 2726 3650 2778 μοι
3678 2724 3778 2760 ποι-

2214 2803 2429 2873 μαίνειν
2461 2801 2661 2872 ψυχάς.
2706 2800 3018 2873 Παρακαλῶ
3042 2800 3223 2853 τοίνυν
3255 2800 3363 2873 τὴν
3396 2801 3661 2872 ὑμετέραν
3694 2815 3777 2868 με·

2213 2893 2536 2962 γαλοφυῒαν,
2581 2892 2772 2960 μαθεῖν
2805 2891 3074 2963 ἀκριϐῶς,
3104 2892 3198 2944 καὶ
3250 2893 3305 2943 εί
3364 2889 3583 2960 άληθῶς
3628 2889 3779 2943 ταῦτα

2214 2983 2636 3056 προστέτακται,
2663 2984 2756 3036 καὶ
2786 2983 2873 3037 διὰ
2898 2982 3055 3036 ποίαν
3082 2982 3286 3036 αἰτίαν.
3334 2981 3478 3051 Ἐγὼ
3503 2984 3607 3054 γάρ
3637 2980 3780 3043 ἄλλας

2218 3075 2317 3148 μὲν
2359 3075 2631 3147 ἁμαρτίας
2658 3074 2882 3146 ἐμαυτῷ
2911 3074 3112 3139 πολλὰς
3146 3075 3393 3141 σύνοιδα,
3436 3076 3497 3129 οὑ
3530 3074 3682 3146 μὴνῆ
3714 3076 3784 3136 είς

514 3171 815 3243 Cyrensem
837 3171 1233 3225 habitationem
1259 3170 1488 3226 moleste
1512 3170 1704 3225 feram.
1728 3169 1864 3225 Nam
1889 3171 2110 3240 utquod

2212 3170 2312 3238 τὴν
2357 3167 2680 3238 Ἐκκλησίαν
2706 3168 2799 3221 τοῦ
2828 3167 2984 3231 Θεοῦ,
3024 3168 3057 3240 ἣ
3092 3169 3172 3230 είς
3207 3167 3313 3238 τὴν
3336 3169 3524 3239 κοινὴν
3555 3165 3783 3229 εὐταξίαν

516 3277 606 3317 res
632 3268 717 3316 est
742 3260 918 3315 dicam
946 3302 960 3327 ,
1010 3260 1311 3316 clarissima
1340 3261 1537 3332 quavis
1559 3262 1782 3317 civitate
1809 3261 2107 3333 optabilio-

518 3370 630 3409 rem
663 3350 807 3405 hanc
832 3350 996 3417 duco,
1031 3366 1099 3405 eo
1122 3350 1270 3421 quod
1294 3352 1430 3406 mihi
1461 3369 1491 3406 a
1516 3352 1627 3408 Deo
1653 3368 1774 3408 sors
1797 3352 1900 3407 ista
1924 3352 2111 3408 oblata

485 3450 621 3501 est.
655 3442 762 3499 Sed
794 3444 1123 3498 necessitate
1163 3444 1448 3499 astrictum
1477 3460 1620 3511 esse,
1656 3459 1770 3499 non
1799 3445 2108 3511 voluntate,

517 3536 812 3592 molestum
848 3535 1254 3607 quodammodo
1296 3534 1541 3600 videtur,
1577 3543 1633 3590 et
1665 3552 1853 3591 ansam
1881 3536 1976 3591 dat
2005 3537 2111 3592 im-

516 3629 729 3700 probis,
770 3636 833 3682 ut
870 3626 1195 3683 audaciores
1224 3626 1378 3692 ﬁant,
1419 3636 1476 3683 et
1503 3626 1731 3682 monitis
1762 3628 1969 3683 nostris
2000 3644 2112 3683 non

520 3721 923 3789 obtemperent.
953 3718 1324 3785 Quamobrem
1357 3734 1455 3773 oro
1478 3716 1914 3788 magnitudinem
1937 3729 2109 3785 tuam,

527 3820 591 3866 ut
616 3810 661 3864 si
689 3811 795 3864 tale
828 3808 965 3862 nihil
997 3809 1325 3878 imperatum
1350 3817 1458 3873 est,
1488 3807 1779 3862 certiorem
1802 3822 1888 3862 me
1908 3806 2111 3863 facias:

523 3901 610 3957 sin
640 3915 832 3954 revera
859 3898 1089 3953 victoris
1121 3898 1353 3969 Augusti
1382 3899 1467 3953 ha:
1497 3906 1628 3952 sunt
1658 3898 1878 3964 litteraz,
1916 3898 2115 3955 doceas

523 3993 647 4063 ejus
692 3991 954 4060 pietatem
979 4030 994 4055 ,
1050 4005 1159 4045 non
1189 3989 1349 4044 facile
1379 3988 1542 4044 ﬁdem
1573 3987 1779 4044 habere
1802 3988 2112 4057 calumniis,

525 4098 629 4139 nec
650 4082 783 4137 solis
806 4080 1218 4135 accusatoribus
1250 4096 1411 4135 aures
1432 4079 1700 4150 prmbere,
1724 4078 1819 4134 sed
1841 4079 2115 4135 rationem

525 4189 556 4232 a
578 4189 673 4229 reo
694 4187 1001 4243 reposcere.
1026 4171 1347 4242 Quanquam
1374 4177 1584 4241 poterat
1616 4171 1733 4241 ipsa
1755 4185 1941 4226 rerum
1964 4171 2118 4227 testi-

526 4265 709 4322 ﬁcatio
738 4265 859 4335 ejus
880 4263 1072 4333 pietati
1095 4261 1433 4333 persuadere
1464 4262 1599 4317 falsa
1621 4278 1743 4317 esse
1775 4277 1897 4333 qua:
1922 4270 2117 4320 contra

527 4372 629 4411 nos
644 4357 943 4427 jactantur.
967 4353 1268 4424 Ecquando
1289 4355 1436 4409 enim
1466 4354 1683 4425 1136
1696 4370 1799 4409 nos
1824 4356 1946 4428 ejus
1968 4371 2118 4412 sere-

527 4448 755 4502 nitatem
785 4446 853 4500 de
881 4446 1102 4516 negotio
1127 4445 1317 4515 aliquo
1343 4447 1819 4515 interpellavimus
1850 4447 1938 4502 vel
1961 4462 2113 4502 sum-

2210 3253 2328 3313 οἷδά
2356 3277 2406 3313 τι
2431 3259 2851 3332 πλημμελήσας.
2880 3259 2992 3313 Καὶ
3011 3258 3184 3314 ταῦτα
3205 3261 3435 3330 γράφω,
3465 3261 3564 3329 οὑχ
3584 3259 3654 3321 ὡς
3675 3260 3785 3310 δυσ-

2210 3350 2479 3423 χεραίνων
2527 3353 2627 3422 τὴν
2679 3351 2737 3404 ὲν
2783 3350 2953 3422 Κύρῳ
2997 3350 3298 3423 διαγωγήν
3341 3351 3418 3416 ὡς
3449 3351 3557 3422 γάρ
3583 3349 3672 3413 ἐπὶ
3693 3348 3780 3416 τῆς

2212 3442 2492 3511 ἀληθείας,
2525 3443 2706 3515 πάσης
2751 3443 2962 3506 πόλεως
3007 3442 3414 3515 λαμπροτάτης
3438 3442 3788 3514 αἱρετωτέραν

2210 3532 2416 3604 ταύτην
2445 3533 2708 3606 ἡγοῦμαι,
2746 3532 2836 3588 διὰ
2877 3534 2937 3586 τὸ
2986 3532 3136 3606 παρά
3165 3532 3307 3587 Θεοῦ
3340 3535 3454 3604 (66)
3489 3552 3580 3604 μοι
3617 3531 3787 3585 τοῦτον

2212 3624 2458 3679 δεδόσθαι
2510 3624 2602 3678 τὸν
2647 3624 2868 3696 κλῆρον.
2920 3624 2994 3678 Τὸ
3030 3624 3086 3678 δὲ
3126 3624 3350 3697 ἀνάγκῃ
3396 3622 3789 3697 προσδεδέσθαι,

2212 3716 2311 3770 καὶ
2356 3716 2430 3787 μὴ
2469 3714 2686 3787 γνώμῃ,
2725 3715 2874 3769 δοκεῖ
2924 3732 3041 3778 πως
3073 3710 3214 3768 εἶναι
3248 3716 3509 3786 ἀνιαρὸν,
3548 3715 3639 3767 καὶ
3670 3711 3790 3782 πρὸς

2213 3806 2446 3869 τούτοις,
2483 3805 2758 3876 πρόφασιν
2784 3804 2968 3858 δίδωσι
2994 3807 3105 3869 τοῖς
3132 3804 3389 3859 ἀδικοῦσι
3420 3802 3792 3875 θρασύνεσθαι,

2214 3899 2311 3953 καί
2330 3900 2452 3962 ταῖς
2473 3887 2770 3969 ἡμετέραις
2799 3898 2873 3968 μὴ
2898 3897 3181 3951 πείθεσθαι
3206 3898 3624 3969 παραινέσεσιν.
3650 3890 3718 3949 Οὗ
3738 3893 3792 3961 δὴ

2212 3987 2375 4059 χάριν
2400 3985 2708 4057 παρακαλῶ
2744 3984 2805 4039 τὸ
2833 3985 3096 4056 ὑμέτερον
3134 3984 3395 4056 μέγεθος,
3435 3988 3486 4039 εἰ
3526 3985 3631 4056 μὲν
3661 3984 3797 4037 οὐδὲν

2214 4079 2426 4133 τοιοῦτο
2451 4077 2875 4149 προστέτακται,
2897 4074 3052 4147 δῆλόν
3081 4094 3171 4147 μοι
3193 4075 3357 4130 τοῦτο
3386 4076 3641 4147 ποιῆσαι·
3679 4076 3722 4126 εί
3746 4073 3794 4124 δὲ

2216 4168 2435 4240 ἀληθῶς
2465 4166 2561 4221 τοῦ
2591 4166 2899 4220 καλλινίκου
2937 4165 3201 4235 βασιλέως
3228 4166 3353 4219 ἐστὶ
3369 4166 3441 4220 τὰ
3475 4166 3797 4236 γράμματα,

2214 4259 2422 4327 διδάξαι
2485 4258 2650 4313 αὑτοῦ
2711 4258 2813 4329 τὴν
2868 4257 3170 4318 εὑσέόειαν,
3224 4257 3300 4329 μὴ
3367 4255 3658 4311 πείθεσθαι
3710 4257 3797 4324 ῥᾳ-

2213 4352 2345 4416 δίως
2385 4350 2683 4416 διαϐολαῖς,
2714 4350 2849 4422 μηδὲ
2885 4349 3067 4421 μόνοις
3097 4351 3209 4413 τοῖς
3244 4351 3592 4422 κατηγόροις
3622 4348 3802 4404 διδόναι

2213 4442 2313 4507 τὰς
2332 4440 2669 4510 ἀκοὰς,δάλλ“
2708 4442 2965 4495 ἀπαιτεῖν
3003 4439 3233 4503 εὐθύνας
3259 4439 3357 4494 τὸν
3403 4438 3804 4511 κατηγορούμε-

526 4554 649 4594 mos
679 4538 1032 4609 magistratus
1056 4579 1071 4601 ,
1129 4545 1225 4593 aut
1257 4538 1693 4608 possessoribus,
1731 4538 1827 4609 qui
1857 4539 1950 4594 hic
1981 4548 2110 4594 sunt

2214 4549 2323 4587 νον.
2351 4532 2553 4603 Ἤρκει
2573 4530 2632 4583 δὲ
2660 4528 2755 4583 καὶ
2780 4528 2918 4600 αὑτὴ
2947 4527 3054 4582 τῶν
3079 4529 3433 4600 πραγμάτων
3453 4532 3488 4601 ἡ
3517 4527 3803 4600 μαρτυρία,

528 4631 690 4687 multi
723 4646 787 4701 ac
814 4629 1118 4700 splendidi,
1168 4645 1362 4701 graves
1386 4629 1737 4685 exstitimus?
1798 4628 1955 4697 Quod
1984 4645 2119 4686 vero

527 4700 1032 4776 ecclesiasticorum
1059 4700 1279 4788 quoque
1304 4717 1585 4773 redituum
1613 4725 1828 4789 partem
1860 4732 1972 4773 non
1999 4718 2119 4774 exi-

530 4826 692 4885 guam
722 4812 778 4866 in
800 4812 1036 4882 publicis
1051 4810 1299 4867 aediﬁciis
1317 4808 1848 4879 consumpserimus,
1873 4809 2124 4879 porticus

531 4905 835 4961 excitantes
870 4910 927 4958 et
954 4904 1192 4967 lavacra,
1227 4911 1287 4956 et
1305 4908 1504 4973 pontes
1534 4907 1905 4966 exstruentes,
1931 4909 1988 4956 et
2016 4917 2123 4971 pu-

531 4995 666 5053 blici
694 5011 829 5052 usus
860 4996 966 5050 alia
992 5001 1389 5065 procurantes,
1446 4991 1853 5063 magniﬁcentia
1878 5001 1971 5048 tua
2005 5008 2119 5050 non

533 5089 771 5160 ignorat.
833 5086 991 5153 Quod
1040 5086 1087 5140 si
1132 5095 1426 5156 propterea
1481 5083 1841 5155 indignantur
1870 5084 2125 5140 nonnulli

534 5172 995 5249 quodPhdanices
1014 5175 1418 5231 Eeclesiarum‘
1450 5174 1665 5229 ruinam
1688 5174 1957 5245 legemus,
1984 5174 2124 5231 sciat

535 5266 862 5339 magnitudo
889 5273 1071 5321 vestra
1088 5306 1103 5332 ,
1156 5280 1269 5320 non
1293 5281 1454 5336 posse
1475 5281 1578 5322 nos
1606 5280 1718 5321 non
1742 5266 1959 5333 dolere,
1994 5283 2122 5323 cum

536 5360 849 5418 Juda'orum
876 5371 1049 5412 cornu
1083 5358 1138 5412 in
1163 5358 1334 5412 altum
1357 5367 1606 5413 erectum
1627 5400 1641 5425 ,
1699 5357 2045 5414 Christianos
2068 5358 2125 5412 in

537 5450 796 5522 lacrymis
817 5449 1081 5519 luctuque
1100 5447 1399 5512 cernimus,
1426 5448 1640 5503 etiamsi
1667 5448 1734 5502 ad
1758 5448 1980 5503 ultimas
2000 5461 2127 5501 oras

542 5543 934 5598 transmittant.
991 5541 1103 5597 Nec
1145 5556 1280 5596 vero
1329 5556 1624 5610 possumus
1675 5556 1779 5611 pro
1809 5538 2125 5611 apostolicis

613 5700 658 5738 “
684 5704 851 5760 Marc.
875 5717 949 5768 ιτ,
983 5701 1075 5757 39.

613 5818 726 5885 (65)
753 5814 955 5885 Κυρρῳ
984 5812 1151 5883 Neap.
1180 5813 1406 5880 rectius,
1439 5802 1519 5868 sic
1551 5820 1607 5866 et
1641 5811 1697 5864 in
1722 5822 1875 5879 seqq.

2217 4627 2404 4678 πεῖσαι
2430 4622 2596 4676 αὑτοῦ
2624 4622 2723 4693 τὴν
2748 4621 3052 4686 εὐσέϐειαν,
3083 4622 3159 4686 ὡς
3188 4622 3365 4693 ψευδῆ
3401 4622 3474 4676 τὰ
3510 4624 3633 4676 καθ’
3662 4619 3806 4692 ἡμῶν

2217 4712 2507 4786 εἰρημένι.
2566 4713 2703 4766 Πότε
2760 4713 2870 4783 γὰρ
2899 4714 3059 4783 ἡμεῖς
3104 4711 3203 4784 τὴν
3248 4713 3427 4767 αὑτοῦ
3474 4712 3811 4784 γαληνότητα

2220 4806 2350 4877 περὶ
2377 4804 2712 4875 πράγματος
2746 4802 3163 4874 ἠνωχλησαμεν,
3188 4804 3221 4875 ἢ
3246 4804 3379 4867 τοὺς
3418 4804 3695 4876 μεγάλους
3723 4802 3813 4869 ἀρ-

2220 4896 2511 4969 χοντας,ίῆ
2555 4898 2670 4959 τοῖς
2717 4894 2953 4949 ἐνταῦθα
2991 4894 3379 4966 κεκτημένοις,
3417 4895 3644 4959 πολλοῖς
3677 4888 3814 4948 οὖσιν

2220 4990 2315 5043 καὶ
2352 4988 2647 5057 λαμπροῖς,
2684 4986 2870 5058 βαρεῖς
2903 4986 3235 5057 ὲγενόμεθα;
3268 4987 3400 5041 Ὀτι
3429 4988 3493 5041 δὲ
3524 4988 3621 5041 καὶ
3654 4983 3809 5039 πολλὰ

2219 5080 2321 5151 τῆς
2345 5076 2806 5148 ἑκκλησιαστικῆς
2841 5075 3103 5148 προσόδου
3133 5076 3214 5139 είς
3237 5074 3304 5129 τὰ
3337 5074 3593 5149 δημόσια
3614 5070 3810 5146 ἀνηλώ⁶

2224 5186 2400 5241 σαμεν
2435 5167 2867 5238 οἰκοδομήματα,
2909 5167 3071 5231 στοὰς
3112 5166 3432 5237 ἐγείροντες
3470 5167 3568 5220 καὶ
3605 5163 3813 5235 λουτρὰ,

2184 5243 2319 5316 χκαὶ
2362 5260 2609 5331 γεφύρας
2637 5258 3159 5323 κατασκευάζοντες,
3194 5256 3289 5312 καὶ
3340 5259 3459 5311 τῶν
3495 5258 3695 5312 κοινῶν
3720 5253 3814 5310 τῶν

2225 5353 2401 5408 ἄλλων
2433 5349 2878 5422 ἐπιμελούμενοι,
2911 5347 3052 5404 οἶδεν
3085 5350 3119 5421 ἡ
3158 5349 3414 5421 ὑμετέρα
3453 5347 3812 5420 μεγαλοφυΐα.

2225 5448 2287 5500 Εἰ
2334 5447 2394 5509 δὲ
2445 5445 2532 5500 διὰ
2580 5443 2740 5499 τοῦτό
2780 5460 2923 5507 τινες
2962 5443 3448 5513 δυσχεραίνουσιν,
3488 5443 3574 5497 ὅτι
3599 5440 3708 5493 τῶν
3729 5437 3817 5507 τῆς

2223 5536 2474 5607 Φοινίκης
2515 5533 2852 5604 Ἐκκλησιῶν
2887 5530 3193 5606 θρηνοῦμεν
3229 5532 3332 5603 τὴν
3368 5533 3698 5595 κατάλυσιν,
3728 5544 3820 5582 πει

2304 5804 2414 5878 (66)
2445 5804 2538 5859 τοῦ
2574 5802 2710 5858 Θεοῦ
2738 5803 2910 5874 Neap.
