4056 6422
312 412 317 416 ·
402 382 539 451 1257

1687 394 2051 457 EPISTOLA
2091 400 2323 461 LXXX.

3517 407 3652 473 1258

389 496 598 552 πείσθω
625 494 780 569 ὑμῶν
807 498 867 552 sb
902 497 1150 570 μέγεθος.
1182 500 1258 563 ὼς
1290 503 1404 574 κούχ
1451 501 1562 559 οἶόν
1609 523 1664 558 τε
1704 510 1852 578 ἡμᾶς
1889 511 1957 581 μὴ

2071 511 2418 581 dogmatibus
2449 528 2557 567 non
2590 529 2851 587 pugnare,
2885 532 3161 573 memores
3188 520 3501 589 apostolicae
3525 537 3654 577 seu-

388 591 594 661 ἀλγεῖν,
626 589 871 662 ὁρῶντας
889 591 996 645 τῶν
1026 592 1293 648 Ἰουδαίων
1324 595 1385 649 τὸ
1410 596 1580 668 κέρας
1611 599 1693 664 είς
1722 599 1856 671 ὕψος
1884 604 1968 656 αξ-

394 682 639 754 ρόμενον,
684 678 778 733 καὶ¹
803 681 929 744 τοὺς
956 681 1316 752 Χριστιανοὺς
1342 684 1400 737 ἐν
1425 684 1681 757 ὀδυρμοῖς
1713 688 1804 741 καὶ
1832 687 1967 760 θρή-

387 789 521 837 νοις,
544 769 645 825 κᾶν
669 772 751 835 είς
769 772 942 837 αὑτὰς
958 771 1216 843 πέμψωσι
1235 774 1331 839 τὰς
1349 776 1449 848 τῆς
1470 778 1619 831 οίκου
1628 778 1797 851 μένης
1812 781 1971 851 saxa-

385 861 507 925 τιάς
554 863 665 916 Καὶ
692 862 803 916 τῶν
821 862 1195 918 ἀποστολικῶν
1213 864 1269 918 δὲ
1291 867 1577 939 δογμάτων
1605 869 1681 941 μὴ
1712 871 1966 943 ὑπερμα-

384 954 500 1024 χεῖν
541 954 603 1006 οὑ
638 953 937 1023 δυνάμεθα·
969 957 1300 1028 μεμνήμεθα
1327 959 1434 1031 γὰρ
1474 961 1575 1032 τῆς
1603 963 1969 1032 ἁποστολικῆς

383 1044 653 1117 λεγούσης
677 1047 880 1118 φωνῆς·
918 1067 937 1101 ι
963 1048 1286 1122 Πειθαρχεῖν
1312 1051 1393 1104 δεῖ
1419 1051 1536 1125 Θεῷ
1573 1053 1776 1124 μᾶλλον
1802 1054 1836 1125 ἢ
1870 1056 1966 1109 ἀν-

383 1137 646 1208 θρώποις.
685 1157 704 1191 ι
742 1141 852 1195 Καὶ
877 1141 988 1196 τῶν
1026 1143 1261 1198 ἐνταῦθα
1289 1144 1346 1199 δέ
1372 1145 1636 1217 λυπηρῶν
1665 1144 1851 1201 τδτοῦ
1878 1149 1969 1201 Aa-

386 1228 584 1284 σπότου
610 1231 850 1303 Χριστοῦ
875 1232 1224 1309 δικαστήριον
1249 1236 1380 1307 ἡμῖν
1400 1235 1796 1310 φοϐερώτερον·
1830 1239 1968 1293 ἐκείο

382 1337 461 1389 νῳ
485 1319 595 1392 γὰρ
635 1320 837 1384 πάντες
869 1323 1358 1395 παραστησόμεθα,
1384 1325 1493 1379 τῶν
1537 1327 1843 1398 εἰρημένων
1870 1328 1965 1382 καὶ

2069 602 2255 656 tentia:
2291 620 2304 655 :
2350 622 2366 652 ι
2390 602 2627 659 Obedire
2667 615 2886 675 oportet
2927 608 3041 663 Deo
3071 609 3245 680 magis
3277 626 3440 680 quam
3468 612 3650 667 homi—

2067 693 2312 748 nibus“.
2345 714 2362 744 ι
2420 696 2527 750 Sed
2555 704 2610 750 et
2640 696 2708 753 iis
2731 700 2990 756 omnibus
3024 717 3146 771 qua:
3174 701 3266 757 hic
3288 704 3487 758 acerba
3522 715 3654 761 sunt

2068 781 2471 839 formidabilius
2499 786 2660 840 nobis
2683 795 2767 842 est
2799 788 3017 843 Domini
3044 790 3314 857 tribunal,
3367 793 3456 847 cui
3485 794 3649 849 siste-

2068 888 2194 927 mur
2219 888 2431 941 omnes,
2469 875 2737 931 rationem
2766 878 3039 935 reddituri
3063 896 3256 937 eorum
3287 898 3410 953 qua:
3435 883 3650 955 egimus

2066 966 2154 1020 vel
2180 965 2351 1021 locuti
2377 967 2646 1021 sumus“.
2706 968 3023 1027 Tribunalis
3053 972 3202 1029 illius
3237 976 3409 1045 gratia
3445 976 3638 1031 tolera—

2066 1057 2208 1115 biles
2242 1059 2404 1115 nobis
2430 1067 2561 1116 sunt
2594 1061 2719 1117 vita:
2742 1063 3030 1133 praesentis
3058 1066 3408 1123 acerbitates.
3445 1067 3648 1124 Idonea

2064 1148 2213 1204 enim
2232 1148 2560 1205 atllictorum
2573 1152 2875 1207 consolatio
2892 1167 3017 1223 spes
3033 1153 3467 1211 estfuturorum.
3482 1156 3652 1211 Nobis

2064 1255 2198 1294 vero
2223 1240 2450 1296 alteram
2473 1241 2674 1313 adjecit
2695 1242 2967 1313 benignus
2990 1244 3278 1311 Dominus,
3299 1247 3638 1318 magnificen-

2065 1330 2197 1385 tiam
2230 1340 2380 1387 tuam
2411 1332 2519 1389 fide
2551 1349 2617 1389 ac
2642 1335 2848 1405 pietate
2872 1337 3259 1393 collucentem.

380 1416 790 1488 πεπραγμένων
815 1415 1046 1480 εὐθύνας
1077 1416 1384 1485 ὑφέξοντες.
1413 1419 1491 1471 Δι’
1520 1420 1696 1474 ἐκεῖνο
1719 1420 1780 1473 τὸ
1804 1419 2154 1493 δικαστήριον
2189 1426 2400 1495 φορητά
2464 1426 2595 1497 ἡμῖν
2658 1426 2752 1481 τοῦ
2785 1428 3052 1501 παρόντος
3115 1429 3233 1501 βίου
3300 1430 3366 1484 τὰ
3405 1428 3652 1501 σκυθρω·

383 1506 484 1562 πά.
518 1506 793 1579 ’Δρκοὺσα
833 1507 941 1581 γὰρ
987 1507 1315 1580 ψυχαγωγία
1363 1513 1472 1575 τοῖς
1512 1512 1891 1583 ἀδικουμένοις
1929 1513 1964 1584 ἡ
2002 1514 2112 1569 τῶν
2172 1517 2473 1588 μελλόντων
2503 1518 2678 1584 ἐλπίς.
2717 1519 2881 1591 Ἦμῖν
2915 1520 2972 1575 δὲ
3038 1522 3425 1593 προστέθεικεν
3467 1523 3496 1575 6
3536 1521 3655 1592 φιλ-

380 1600 669 1673 άνθρωπος
691 1599 970 1671 Δεσπότης
1004 1601 1095 1653 καὶ
1127 1599 1227 1672 τὴν
1256 1601 1530 1675 ὑμετέραν
1571 1604 1966 1676 μεγαλοφυταν,
2007 1606 2189 1662 πίστει
2214 1610 2306 1663 καὶ
2332 1609 2582 1682 φιλοθεῖα
2614 1611 3104 1684 λαμπρυνομένην,

768 1712 851 1766 II'.
874 1741 944 1751 —-
967 1713 1270 1782 Εὑτρεχίῳ
1297 1714 1565 1786 ὑπάρχῳ.

2402 1720 2617 1776 LXXX.
2642 1752 2714 1762 -—
2740 1721 3023 1779 Eutrechio
3052 1726 3309 1797 prwfecto.

461 1824 784 1896 Ἐθαύμασα
809 1822 930 1877 λίαν
970 1823 1054 1877 ὅτι
1082 1825 1177 1889 τὰς
1217 1826 1339 1880 καθ’
1367 1826 1525 1897 ἡμῶν
1564 1826 1858 1892 ἐπιϐουλὰς
1896 1826 1957 1882 οὑ

2139 1833 2307 1890 Valde
2344 1835 2578 1891 miratus
2613 1852 2758 1902 sum,
2786 1838 2855 1893 de
2883 1840 3113 1895 structis
3153 1851 3347 1896 contra
3381 1858 3483 1898 nos
3512 1845 3650 1899 insi-

380 1918 697 1991 μεμήνυκεν
729 1917 863 1988 ἡμῖν
895 1914 957 1968 τὸ
1003 1916 1269 1989 ὑμέτερον
1308 1917 1558 1989 μέγεθος.
1594 1919 1668 1972 Τδ
1714 1919 1813 1989 μὲν
1851 1917 1957 1990 γὰρ

2065 1924 2173 1980 diis
2201 1925 2339 1980 nihil
2364 1941 2486 1984 esse
2513 1927 2675 1983 nobis
2698 1944 2732 1983 a
2757 1929 3134 2000 magnitudine
3166 1941 3346 1988 vestra
3371 1935 3649 2006 signiﬁca-

374 2011 628 2067 διαλῦσαι
661 2009 867 2075 ταύτας
896 2004 1044 2079 εἶχεν
1079 2009 1209 2073 ἴσως
1246 2009 1533 2063 δυσκολίαν
1562 2010 1704 2078 τινα,
1733 2009 1796 2064 τδ
1822 2009 1961 2080 ψεύ-

374 2110 467 2174 δος
498 2108 805 2179 ἐξελέγχειν
835 2107 895 2160 οὑ
930 2105 1267 2176 δυναμένοις·
1300 2104 1364 2159 τὸ
1396 2105 1451 2159 δὲ
1484 2104 1747 2175 γνωρίσαι
1773 2104 1842 2158 τὰ
1865 2122 1961 2157 τυ-

380 2201 670 2272 ρευόμενα,
694 2200 756 2252 οὑ
781 2198 1100 2260 δυναστείας
1129 2196 1384 2269 ἔχρῃζεν,
1418 2196 1533 2251 ἀλλ’
1569 2197 1819 2269 εὑνοῖκῆς
1843 2197 1960 2251 δια-

374 2292 602 2356 θέσεως.
636 2293 748 2347 Καὶ
793 2293 954 2364 ἡμεῖς
1021 2290 1121 2362 μὲν
1159 2289 1495 2361 ἠλπίσαμεν,
1536 2288 1640 2361 τῆς
1690 2290 1962 2362 ὑμετέρας

376 2383 858 2458 μεγαλοπρεπείας
900 2385 981 2447 είς
1026 2382 1124 2454 τὴν
1163 2382 1410 2451 βασιλίδα
1452 2381 1744 2452 κληθείσης
1787 2382 1958 2443 πόλιν,

376 2479 475 2535 καὶ
506 2478 600 2533 τὸν
640 2476 847 2549 ὑψηλὸν
879 2476 990 2529 τῶν
1016 2476 1278 2546 ὑπάρχων
1325 2474 1514 2546 θρόνον
1541 2473 1814 2544 λαχούσης
1840 2473 1959 2528 δια-

376 2571 628 2641 κοσμεῖν,
680 2569 862 2623 πᾶσαν
901 2566 1362 2638 ἐκκλησιαστικὴν
1419 2564 1959 2637 κατευνασθήσεσθαι

278 2654 283 2655 ί
373 2662 571 2731 ζάλην.
615 2658 1019 2731 Ἐπειράθημεν
1054 2657 1111 2713 δέ
1153 2656 1420 2729 θορύδων,
1453 2657 1550 2722 οὓς
1583 2657 1706 2711 ούδέ
1735 2658 1792 2710 ἐν
1814 2657 1958 2730 ἀρχῇ

368 2755 472 2826 τῆς
504 2751 839 2815 διαστάσεως
875 2751 1222 2823 ἑωράκαμεν.
1255 2752 1345 2805 Ἐν
1378 2750 1596 2823 θρήνοις
1623 2747 1730 2820 γὰρ
1770 2748 1827 2802 αι
1858 2749 1960 2819 τῆς

366 2846 626 2917 Φοινίκης
657 2844 994 2915 Ἐκκλησίαι·
1020 2846 1079 2897 ἐν
1105 2842 1322 2915 θρήνοις
1346 2842 1519 2898 δὲκαὶ
1548 2843 1603 2895 αἱ
1630 2839 1733 2912 τῆς
1757 2839 1962 2897 Παλαι-

371 2939 583 3010 στίνης,
613 2937 691 3001 ὼς
727 2936 967 3000 ἅπαντες
1000 2934 1428 3005 ἀπαγγέλλουσιο
1457 2932 1607 3004 δηλοῖ
1643 2933 1701 2989 δέ
1738 2933 1799 3015 τὸ
1833 2932 1960 2987 πέν-

370 3030 465 3094 θος
487 3028 584 3083 καὶ
602 3026 709 3081 τῶν
733 3026 1164 3096 θεοφιλεστάτων
1192 3024 1507 3079 ἐπισκόπων
1528 3025 1599 3080 τὰ
1625 3024 1955 3097 γράμματα.

369 3122 626 3176 Στένουσι
658 3119 714 3173 δὲ
747 3119 796 3173 oi
825 3118 958 3190 παρ’
991 3120 1124 3189 ἡμῖν
1148 3117 1294 3186 ἆγιοι
1322 3117 1582 3181 ἅπαντες,
1612 3118 1707 3171 καὶ
1746 3118 1855 3181 πᾶς
1878 3117 1961 3170 εύ-

370 3213 536 3285 σεδὴς
571 3210 898 3283 ὀλοφύρεται
938 3209 1221 3278 σύλ-λογοςο
1251 3212 1347 3264 καὶ
1378 3209 1590 3264 παῦλαν
1615 3209 1725 3263 τῶν
1756 3207 1956 3280 προτέ-

2061 3212 2413 3283 congregatio

373 3324 483 3378 ρων
536 3304 792 3378 ταραχῶν
827 3304 1257 3377 προσδοκῶντες,
1306 3304 1500 3376 ἐτέρας
1564 3304 1725 3359 πάλιν
1772 3303 1956 3371 ἐδεξᾶιέ

371 3396 531 3470 μεθα.
570 3397 683 3451 Καὶ
709 3395 821 3469 γὰρ
846 3397 1008 3468 ἡμεῖς
1033 3396 1114 3458 εἰς
1136 3396 1238 3467 τὴν
1260 3394 1443 3466 Κύρον
1487 3393 1955 3466 περιωρίσθημεν,

367 3491 529 3562 εἴπερ
556 3488 755 3560 ἀληθὲς
774 3489 837 3541 τὺ
864 3485 1074 3558 δειχθέν
1093 3486 1206 3551 {67)
1235 3487 1368 3558 ἡμῖν
1397 3483 1503 3558 [τὸ]
1525 3484 1954 3557 ὑπομνηστικδν,

366 3581 398 3634 ὃ
428 3598 592 3650 φασιν
623 3581 717 3635 ὑπ’
746 3579 916 3635 αὑτοῦ
967 3578 1280 3650 γεγράφθαι
1311 3577 1407 3632 τοὺ
1438 3577 1750 3632 καλλινίκου
1798 3577 1956 3650 ήμῶν

370 3672 654 3743 βασιλέως
690 3671 802 3743 ἔχει
848 3671 904 3724 δέ
953 3669 1147 3735 οὑτως·
1186 3689 1206 3724 ι
1239 3669 1455 3743 Ἐπειδὴ
1496 3673 1524 3724 ό
1565 3670 1715 3725 δεῖνα
1757 3670 1787 3725 6
1826 3671 1959 3742 τῆσ-

368 3766 427 3819 δε
447 3758 549 3832 τῆς
576 3764 783 3829 πόλεως
805 3764 1106 3828 ἐπίσκοπος
1141 3763 1382 3834 συνεχῶς
1404 3763 1648 3835 ἀθροίζει
1682 3763 1954 3827 συνόδους,

368 3856 465 3910 καὶ
517 3856 776 3927 ταράττει
839 3855 1000 3909 τοῦτο
1057 3855 1186 3919 τοὺς
1258 3855 1608 3926 δρθοδόξους,
1663 3856 1802 3926 μετά
1856 3856 1957 3927 τῆς

367 3947 752 4019 προσηκούσης
778 3946 1077 4019 ἐμμελείας
1114 3947 1208 4000 καὶ
1248 3932 1564 4019 φρονήσεως
1597 3946 1955 4018 παρασκεύα-

369 4056 463 4093 σον
511 4040 676 4094 αὑτὸν
728 4041 788 4092 ἐν
832 4043 901 4111 τῇ
958 4039 1128 4110 Κύρῳ
1185 4038 1417 4107 διάγειν,
1463 4037 1560 4092 καὶ
1619 4039 1699 4101 είς
1757 4036 1954 4109 ἑτέραν

370 4130 448 4202 μὴ
481 4130 701 4185 ἀπιέναι
743 4130 919 4187 πόλιν.
957 4150 975 4182 ι
1028 4129 1171 4199 Ἐγὼ
1212 4130 1313 4202 μὲν
1342 4125 1435 4184 οὖν
1456 4128 1683 4201 ἔστερξα
1715 4128 1817 4200 τὴν
1847 4129 1952 4200 ψῆ-

367 4240 489 4292 φον,
526 4223 621 4277 καὶ
649 4222 749 4295 τὴν
778 4222 1010 4295 ἡσυχίαν
1033 4221 1375 4291 ἀσπάζομαι.
1408 4223 1518 4274 Καὶ
1544 4221 1816 4292 μαρτυρεῖ
1847 4237 1951 4290 μου

365 4318 434 4388 τῇ
478 4314 672 4387 γνώμῃ
717 4315 778 4368 τὸ
805 4314 1071 4387 ὑμέτερον
1122 4313 1373 4384 μέγεθος.
1399 4309 1523 4366 υἷδε
1561 4313 1668 4384 γὰρ
1697 4314 1845 4376 ὅπως
1873 4314 1953 4376 εἰς

364 4407 467 4480 τὴν
508 4406 840 4478 Ἀντιόχειαν
864 4405 1074 4470 εἰσιὼν,
1106 4405 1458 4469 ἀσυντάκτως
1483 4404 1682 4476 ἐξῄειν,
1709 4404 1798 4458 διὰ
1826 4405 1952 4466 τοὺς

366 4498 615 4569 ἐπισχεῖν
641 4497 831 4552 αὐτόοι
868 4513 935 4568 με
976 4495 1353 4567 βουλομένους.
1399 4493 1696 4564 Ἦδίκησαν
1724 4491 1784 4544 δὲ
1815 4508 1951 4563 προ-

351 4581 554 4665 ⁸ιρανῶς
583 4592 634 4645 οἱ
662 4591 761 4656 τάς
791 4589 964 4654 ἀκοὰς
1009 4589 1277 4660 ἑκατέρας
1318 4587 1610 4650 δεδωκότες
1643 4588 1756 4649 τοῖς
1785 4600 1948 4639 συκο-

371 4687 620 4757 φάνταις,
656 4684 751 4738 καί⁸
787 4682 1023 4755 θατέραν
1052 4683 1186 4755 ἡμῖν
1215 4681 1276 4736 οὑ
1310 4679 1665 4751 φυλάξαντες.
1701 4679 1812 4734 Καὶ
1842 4679 1951 4750 γὰρ

371 4782 480 4845 τοῖς
504 4776 874 4849 ἀνδροφόνοις,
898 4775 994 4829 καὶ
1024 4776 1138 4838 τοῖς
1156 4773 1260 4838 τὰς
1286 4772 1575 4846 ἀλλοτρίας
1602 4771 1953 4827 ἀποσυλῶσιν

369 4872 554 4934 εὐνὰς,
586 4868 884 4938 ἀπολογίας
913 4867 1123 4922 δέδοται
1144 4866 1322 4938 χώρα,
1355 4865 1451 4919 καὶ
1481 4865 1543 4918 ού
1571 4863 1837 4934 πρότερον
1860 4861 1950 4916 δέ·

365 4980 551 5039 χονται
584 4963 686 5034 τῆς
722 4959 995 5031 τιμωρίας
1036 4960 1138 5029 τὴν
1183 4958 1385 5029 ψῆφον,
1412 4958 1518 5022 ἕως
1552 4956 1618 5012 ἂν
1647 4954 1951 5026 ἐλεγχθῶσι

367 5054 659 5125 παρόντες,
694 5053 728 5124 ἢ
764 5050 1291 5121 συνομολογήσωσιν,
1318 5049 1394 5113 ὡς
1425 5049 1633 5120 ἀληθὴς
1669 5049 1705 5119 ἡ
1741 5046 1951 5119 γραφή.

365 5146 688 5218 ’Δρχιερεὺς
705 5143 764 5198 δέ
783 5141 952 5197 πέντε
973 5141 1071 5195 καὶ
1100 5142 1273 5194 εῐκοσι
1302 5139 1682 5211 ἐπισκοπήσας
1710 5137 1827 5208 ἔτη,
1860 5135 1954 5189 καὶ

364 5238 458 5293 τὸν
508 5236 616 5310 πρὸ
649 5235 840 5291 τούτου
896 5233 1087 5307 χρόνον
1135 5233 1195 5285 ἐν
1236 5230 1557 5304 ἀσκητηρίῳ
1599 5228 1823 5299 βιώσας,
1851 5228 1953 5281 οὑκ

364 5329 665 5400 ἐνοχλήσας
688 5326 821 5381 ποτὲ
842 5324 1212 5396 δικαστήριον,
1238 5320 1373 5378 οὑδὲ
1391 5321 1548 5393 παρά
1592 5337 1687 5374 του
1736 5320 1954 5374 πώποτε

363 5420 586 5492 γραφὴν
631 5417 954 5489 ὑπομείνας,
996 5414 1363 5485 συκοφαντίας
1412 5412 1704 5483 γεγένηται
1744 5427 1955 5482 παραν-

364 5516 584 5583 ἁλωμα,
608 5512 733 5567 οὑδέ
771 5513 884 5575 τοῖς
929 5507 1314 5582 τυμϐωρύχοις
1357 5504 1756 5579 παραπλησίως
1793 5504 1954 5572 ἀξιω-

440 5696 488 5729 ⁹⁵
518 5696 639 5751 Act.
664 5711 717 5759 v,
737 5693 828 5749 39.
905 5693 949 5725 “
976 5693 1133 5747 Rom.
1159 5706 1267 5757 διν,
1304 5689 1384 5745 l0.

445 5852 554 5935 (67)
588 5851 646 5902 τὸ
669 5849 876 5919 δειχθὲν
904 5847 1089 5903 addidi
1114 5863 1144 5903 e
1177 5846 1345 5917 Neap.

616 5944 889 6005 Pn'noa.
934 5943 1051 6002 (in.
1100 5941 1199 6000 LX
1214 5938 1417 5999 XXIII.

2067 2024 2203 2073 tum.
2228 2018 2448 2073 Etenim
2482 2019 2582 2074 has
2610 2029 2861 2076 evertere
2894 2021 3127 2095 alicujus
3157 2023 3386 2081 fortasse
3411 2027 3647 2083 difﬁcul-

2066 2108 2194 2163 tatis
2224 2117 2346 2164 erat
2372 2108 2459 2175 iis,
2487 2109 2582 2180 qui
2608 2109 2825 2165 illarum
2852 2111 3147 2169 falsitatem
3175 2116 3506 2189 redarguere
3537 2136 3649 2177 non

2064 2209 2336 2271 possunt:
2373 2201 2440 2256 ad
2474 2218 2539 2257 ea
2570 2218 2704 2257 vero
2742 2203 2953 2275 1137
2984 2206 3274 2263 indicanda
3307 2227 3430 2279 quae
3465 2222 3650 2269 struc-

2064 2292 2287 2359 bantur,
2312 2309 2421 2348 non
2447 2294 2693 2363 potentia
2715 2310 2855 2365 opus
2875 2296 2999 2362 fuit,
3019 2299 3114 2353 sed
3139 2299 3407 2357 benevolo
3426 2304 3650 2361 aﬂ‘ectu.

2061 2384 2131 2441 Et
2163 2400 2263 2440 nos
2288 2385 2512 2455 quidem
2548 2386 2931 2457 Sperabamus,
2965 2406 3091 2444 eum
3130 2391 3186 2445 in
3224 2393 3419 2448 urbem
3444 2396 3650 2466 regiam

2061 2479 2271 2533 accitus
2306 2493 2479 2544 esses,
2512 2486 2678 2548 atque
2713 2480 2984 2536 excelsam
3028 2483 3415 2553 praefectorum
3462 2487 3650 2543 sedem

2064 2568 2359 2640 regendam
2405 2584 2744 2639 eapesseres,
2781 2572 3188 2629 ecclesiasticos
3239 2583 3423 2631 motus
3457 2593 3652 2634 omnes

2063 2661 2476 2731 conquieturos.
2495 2661 2564 2717 At
2580 2676 2710 2718 vero
2737 2663 2928 2719 turbas
2949 2664 3158 2735 experti
3187 2681 3398 2733 sumus,
3416 2679 3653 2739 quantas

2060 2769 2162 2809 nec
2199 2755 2254 2809 in
2279 2754 2497 2810 discidii
2524 2755 2754 2811 exordio
2782 2756 3044 2812 vidimus.
3082 2757 3140 2812 In
3172 2758 3325 2813 luctu
3356 2760 3502 2815 enim
3528 2778 3652 2816 ver—

2060 2853 2255 2899 santur
2281 2844 2542 2901 Ecclesiae
2564 2845 2877 2912 thnices,
2902 2847 3217 2918 pariterque
3260 2849 3314 2904 in
3346 2849 3497 2907 luctu
3528 2868 3652 2922 quae

2061 2934 2118 2990 in
2154 2935 2441 2991 Palaestina
2470 2944 2621 3002 sunt,
2645 2945 2707 2992 ut
2741 2937 2986 2994 referunt
3012 2954 3226 3006 omnes,
3252 2951 3310 2996 et
3337 2942 3430 2998 Dei
3460 2959 3651 2999 aman-

2064 3029 2403 3084 tissimorum
2428 3029 2816 3099 episcoporum
2843 3030 3046 3087 litterae
3063 3032 3282 3089 docent.
3301 3032 3540 3090 Gemunt
3555 3035 3653 3106 qui

2062 3120 2207 3189 apud
2244 3134 2347 3175 nos
2378 3128 2510 3174 sunt
2545 3121 2720 3176 sancti
2755 3134 2969 3186 omnes,
2993 3123 3308 3194 plangitque
3352 3126 3440 3196 pia
3473 3128 3655 3183 omnis

2474 3231 2487 3266 :
2542 3220 2599 3268 et
2653 3229 2779 3269 cum
2848 3215 3211 3285 pristinarum
3276 3218 3652 3275 molestiarum

2068 3303 2229 3359 finem
2274 3314 2743 3374 exspectaremus,
2781 3306 2835 3361 in
2875 3307 3011 3362 alias
3051 3323 3247 3364 rursus
3279 3311 3513 3381 eonjecti
3555 3328 3651 3366 su-

2064 3413 2207 3453 mus.
2241 3397 2483 3467 Relegati
2513 3398 2659 3452 enim
2704 3414 2768 3454 ac
2810 3398 3218 3471 circumscripti
3261 3400 3404 3474 Cyro
3437 3418 3652 3470 sumus,

2063 3490 2109 3545 si
2163 3505 2354 3545 verum
2404 3498 2491 3545 est
2530 3489 3051 3554 commonitorium,
3102 3490 3250 3562 quod
3301 3494 3650 3563 accepimus,

2062 3582 2208 3652 quod
2236 3579 2465 3636 victoris
2494 3580 2668 3651 ipsius
2694 3579 2926 3652 Augusti
2952 3594 3116 3636 manu
3148 3583 3412 3653 scriptum
3446 3585 3650 3649 ferunt,

2062 3681 2121 3727 et
2177 3673 2252 3727 ita
2302 3686 2360 3727 se
2413 3671 2578 3726 habet
2621 3689 2634 3724 :
2685 3690 2702 3722 ι
2742 3670 3013 3736 Quoniam
3066 3671 3158 3727 ille
3211 3672 3451 3728 civitatis
3504 3674 3654 3729 illius

2062 3765 2357 3835 episcopus
2414 3763 2635 3818 assidue
2688 3771 2987 3835 congregat
3033 3764 3306 3835 synodos,
3357 3766 3653 3836 turbatque

2062 3873 2128 3912 ea
2177 3871 2267 3911 res
2311 3854 2673 3919 ortliodoxos,
2710 3854 2778 3909 da
2817 3868 3041 3926 cperam
3081 3858 3406 3928 congruenti
3460 3858 3652 3913 mode-

2064 3944 2279 3999 ratione
2312 3958 2376 3999 ac
2406 3943 2721 4014 prudentia,
2758 3952 2820 3998 ut
2861 3944 2908 4000 is
2936 3943 3081 4017 Cyro
3118 3961 3177 4002 se
3217 3947 3517 4013 contineat,
3549 3965 3654 4005 nec

2062 4034 2130 4089 ad
2152 4034 2314 4088 aliam
2331 4034 2613 4089 civitatem
2647 4034 3082 4104 proficiscatur»
3106 4034 3221 4107 Ego
3241 4037 3410 4109 igitur
3435 4039 3486 4093 in
3522 4053 3653 4095 sen-

2063 4124 2234 4180 tentia
2267 4124 2541 4193 acquievi,
2573 4133 2630 4178 et
2665 4124 2910 4194 quietem
2953 4126 3236 4195 amplexus
3269 4141 3413 4184 sum.
3441 4129 3652 4186 Testis—
3717 4120 3737 4181 ’.

2060 4232 2167 4287 que
2197 4212 2365 4270 animi
2402 4214 2510 4269 mei
2543 4224 2628 4270 est
2658 4215 2982 4287 magnitudo
3011 4221 3027 4239 ‘
3057 4226 3171 4273 tua.
3200 4217 3313 4274 Scit
3339 4221 3509 4286 enim,
3540 4237 3651 4291 quo

2060 4316 2249 4378 pacto,
2294 4304 2643 4362 Antiochiam
2693 4322 2822 4362 cum
2868 4306 3175 4373 venissem,
3217 4324 3327 4364 non
3379 4311 3651 4366 valedicto

2059 4399 2311 4465 exierim,
2353 4408 2579 4469 propter
2618 4413 2713 4454 eos
2751 4398 2848 4468 qui
2878 4412 2966 4455 me
3002 4398 3140 4455 inibi
3181 4399 3427 4456 detinere
3455 4404 3650 4472 cupies

2059 4493 2212 4550 bant.
2248 4492 2357 4548 Sed
2391 4490 2577 4563 injurii
2609 4492 2805 4562 procul
2837 4491 3008 4547 dubio
3038 4492 3283 4559 fuerunt,
3323 4493 3416 4563 qui
3460 4494 3653 4548 ambas

2057 4602 2217 4642 aures
2258 4583 2751 4641 calumniatoribus
2780 4582 3076 4650 dederunt,
3102 4601 3205 4642 nec
3232 4586 3459 4641 alteram
3486 4586 3650 4641 nobis

2057 4686 2434 4736 reservarunt.
2480 4677 2618 4733 Nam
2668 4682 2725 4732 et
2772 4676 3092 4741 homicidis,
3136 4684 3195 4733 et
3238 4677 3450 4734 alienos
3496 4686 3650 4733 toros

2057 4770 2479 4834 invadentibus,
2534 4767 2876 4824 defensionis
2928 4768 3084 4825 locus
3140 4769 3495 4836 conceditur;
3547 4785 3652 4825 nec

2056 4866 2214 4937 prius
2265 4860 2637 4918 damnationis
2685 4857 2903 4932 1138
2958 4861 3285 4916 sententiam
3341 4861 3647 4933 excipiunt.

2057 4973 2221 5030 quam
2264 4961 2562 5028 praesentes
2602 4952 2841 5008 convicti
2881 4949 3109 5014 fuerint,
3147 4951 3233 5006 vel
3264 4950 3523 5015 confessi,
3555 4967 3653 5006 vc-

2062 5064 2180 5104 ram
2202 5062 2325 5103 esse
2353 5044 2818 5101 criminationem.
2846 5042 2915 5097 At
2941 5042 3205 5113 pontifex,
3231 5043 3325 5113 qui
3359 5042 3649 5112 episcopa-

2054 5155 2172 5200 tum
2225 5136 2423 5208 viginti
2469 5136 2715 5207 quinque
2763 5130 2925 5188 annis
2969 5132 3169 5204 gessit,
3225 5141 3282 5187 et
3333 5131 3650 5202 praecedens

2058 5247 2277 5305 tempus
2321 5232 2375 5285 in
2424 5228 2761 5285 monasterio
2804 5226 2983 5289 duxit,
3015 5224 3111 5296 qui
3140 5226 3245 5280 nec
3283 5224 3461 5279 forum
3491 5223 3647 5309 judi-

2056 5324 2196 5379 ciale
2255 5316 2629 5389 interpellavit
2678 5331 2942 5385 unquam,
2972 5331 3075 5369 nec
3126 5313 3195 5368 ab
3238 5312 3354 5366 ullo
3402 5326 3647 5380 unquam

2058 5430 2188 5472 reus
2220 5422 2306 5469 est
2335 5420 2613 5483 peractus,
2651 5408 2942 5464 calumnia:
2980 5407 3157 5461 factus
3194 5412 3278 5458 est
3314 5401 3643 5463 ludibrium,

2058 5522 2128 5562 nc
2168 5504 2220 5560 id
2257 5503 2480 5574 quidem
2509 5500 2655 5572 quod
2691 5499 3074 5572 sepulcrorum
3115 5494 3440 5551 efl'ractores
3466 5492 3647 5550 scient

3273 5919 3350 5981 ιο
