4056 6420
494 397 628 463 1259

1504 403 1986 463 THEODORETI
2028 405 2364 466 EPISCOPI
2405 406 2768 470 CYRENSIS
3594 412 3712 492 1950

490 523 841 580 consecutus,
871 524 929 569 ut
964 516 1394 585 interrogaretur
1434 532 1502 570 an
1535 532 1659 571 vera
1699 519 1809 573 sint
1842 519 1910 573 de
1948 522 2060 590 qui-

2180 520 2292 585 θεις
2336 522 2591 587 δέξασθαι
2634 525 2849 594 πεῦσιν,
2901 530 2947 581 εί
2988 530 3164 601 ἀληθῆ
3194 533 3261 587 τὰ
3294 544 3716 614 κατηγορήματα.

492 606 594 659 bus
644 606 1016 660 insimulatur.
1071 606 1329 677 lnjuriam
1375 623 1507 679 ergo
1554 609 1633 662 illi
1678 609 1945 675 fecerunt,
1972 626 2073 681 ego

488 710 620 750 vero
647 696 902 766 injuriam
928 711 1039 750 non
1070 712 1191 750 sum
1229 713 1424 765 passus
1456 715 1469 750 :
1499 698 1630 768 quin
1662 709 1717 753 et
1743 700 1977 770 majores
2004 701 2071 754 ad

488 788 767 842 molestias
808 796 1034 857 paratus
1074 803 1215 842 sum.
1262 789 1418 843 Licet
1455 791 1602 844 enim
1649 791 1832 845 decies
1874 793 2073 847 millies

488 877 862 947 indignentur,
892 878 1038 948 quod
1086 879 1375 933 thnices
1407 880 1605 934 damna
1644 882 1841 945 dellco,
1877 882 1929 935 id
1969 899 2072 953 ego

485 968 665 1023 facere
692 985 802 1023 non
833 968 1104 1034 desinam,
1131 970 1374 1040 quandiu
1412 973 1528 1026 haec
1555 972 1734 1027 video.
1768 973 1898 1027 Mihi
1922 974 2069 1028 enim

485 1060 833 1114 formidabile
874 1061 1050 1115 solum
1086 1070 1169 1116 est
1206 1062 1453 1116 divinum
1480 1064 1769 1135 judicium.
1796 1066 2068 1120 Caeterum

484 1150 593 1206 illis
616 1151 840 1220 quidem
868 1152 938 1206 ab
968 1152 1352 1207 universorum
1385 1156 1495 1209 Deo
1525 1158 1737 1211 veniam
1763 1167 1892 1227 opto
1919 1176 1931 1210 :
1969 1158 2066 1213 tibi

483 1258 635 1306 vero,
663 1251 724 1298 ut
759 1245 970 1314 integra
999 1260 1217 1314 semper
1243 1245 1384 1301 fama
1422 1248 1594 1308 vivas,
1623 1258 1679 1303 et
1708 1250 1870 1305 bonis
1894 1251 2070 1305 omni-

486 1333 589 1388 bus
623 1336 879 1401 excellas,
916 1336 1203 1391 mendacio
1232 1337 1405 1392 libere
1436 1338 1690 1404 obsistas,
1727 1348 1782 1393 et
1819 1340 2069 1395 veritatis

482 1433 668 1492 partes
702 1433 908 1481 tueare.
943 1424 1129 1481 Sciant
1153 1443 1321 1496 porro
1344 1428 1439 1497 qui
1467 1429 1567 1483 ista
1592 1430 1886 1485 machinati
1914 1440 2062 1496 sunt,

481 1514 549 1568 ad
594 1515 817 1571 ultimas
847 1517 976 1571 licet
1012 1532 1136 1572 oras
1167 1527 1439 1572 terrarum
1472 1519 1771 1586 discedam,
1804 1539 1911 1576 non
1943 1540 2068 1593 per-

482 1607 777 1661 missurum
814 1607 984 1661 Deum
1010 1617 1070 1662 ut
1096 1608 1259 1678 impia
1291 1609 1540 1679 dogmata
1578 1610 1934 1678 invalescant,
1967 1615 2063 1669 sed

482 1709 617 1753 nutu
648 1714 748 1753 suo
768 1700 1082 1754 deletorum
1108 1716 1206 1756 eos
1225 1703 1319 1772 qui
1344 1705 1551 1758 nefaria
1578 1705 1831 1775 dogmata
1856 1716 2066 1762 sectan-

482 1798 588 1844 tur.

867 1923 1103 1981 LXXXI.
1132 1957 1201 1966 —-
1238 1926 1402 1981 Nemo
1436 1930 1659 1983 consuli.

551 2066 707 2119 Brevi
742 2062 966 2135 quidem
998 2068 1104 2123 diei
1135 2070 1404 2139 particula
1443 2071 1650 2138 potitus
1690 2088 1809 2125 sum
1856 2079 2066 2143 magri-

480 2155 696 2209 ficentia
731 2165 844 2219 tua,
885 2172 1009 2210 cum
1040 2166 1227 2226 optato
1262 2173 1346 2211 me
1381 2158 1662 2212 orbaverit
1692 2161 1933 2216 violenta
1972 2179 2065 2217 nes

478 2248 747 2301 cessitas:
782 2248 1067 2316 sperabam
1112 2257 1316 2311 tamen,
1358 2249 1440 2303 vel
1483 2250 1706 2305 brevem
1746 2252 1893 2307 hunc
1931 2270 2065 2309 con-

477 2355 726 2409 gressum
758 2338 1005 2393 fomitem
1034 2341 1431 2395 hcnevolcntize
1463 2341 1903 2415 ardentiorisque
1936 2347 2068 2401 alle-

478 2438 600 2485 ctus
638 2430 909 2493 t‘uturum,
956 2431 1049 2486 sed
1095 2448 1189 2502 spe
1233 2449 1353 2487 mea
1384 2433 1685 2489 frustratus
1725 2452 1865 2490 sum.
1903 2438 2066 2494 Binas

475 2521 624 2575 enim
652 2530 787 2576 cum
832 2522 1041 2576 litteras
1067 2522 1176 2593 jam
1211 2523 1549 2592 scripserim,
1582 2542 1904 2596 responsum
1937 2531 2063 2585 nul-

476 2612 590 2665 lum
622 2612 830 2682 accepi.
853 2621 903 2666 et
940 2613 1288 2682 imperatoris
1319 2614 1544 2670 decreto
1570 2615 1860 2686 Cyrestica:
1889 2621 2067 2690 regio-

477 2701 565 2756 nis
599 2701 800 2757 finibus
836 2702 1051 2773 1139
1081 2704 1269 2774 egredi
1315 2715 1490 2761 vetor.
1538 2706 1717 2764 Causa
1757 2726 1889 2766 vero
1934 2713 2066 2770 huic

475 2809 599 2864 qua:
642 2794 863 2850 videtur
911 2795 1250 2852 damnationi
1300 2799 1547 2868 apposita
1594 2809 1679 2856 est
1722 2804 1906 2869 nulla,
1957 2805 2064 2862 nisi

475 2885 624 2954 quod
661 2886 1049 2954 episc0porum
1079 2887 1317 2956 synodos
1353 2904 1644 2963 congrege.
1671 2893 1738 2947 Et
1769 2911 1948 2965 neque
1977 2913 2067 2953 ac-

476 2976 761 3032 cusatione
809 2977 1105 3046 patefacta,
1141 2995 1320 3049 neque
1366 2991 1552 3037 actore
1599 2996 1917 3054 apparente,
1965 3005 2065 3043 ne-

476 3083 584 3137 que
614 3084 710 3124 reo
739 3069 1016 3134 convicto,
1054 3073 1265 3140 prolata
1311 3084 1395 3130 cst
1438 3078 1734 3132 sententia.
1767 3080 1834 3134 Et
1866 3080 1922 3135 in
1962 3082 2065 3138 hac

2186 613 2329 666 Ἀλλ’
2374 617 2423 670 οἱ
2464 618 2563 688 μὲν
2600 619 2884 690 ἠδίκησαν,
2918 621 3028 691 ἐγὼ
3060 624 3114 677 δὲ
3152 625 3250 679 οὐκ
3280 613 3555 703 ὴδίκημαιέ
3598 638 3730 695 ἀλλὰ.

2175 707 2268 758 καὶ
2302 709 2381 773 είς
2426 709 2646 780 μείζους
2684 712 2875 782 ἀηδίας
2910 714 3301 787 ηὗτρέπισμαι.
3331 722 3448 775 Κᾶν
3484 725 3587 797 γὰρ
3631 708 3729 798 μυ-δ

2176 796 2359 867 ριάκις
2417 796 2863 867 δυσχεραίνουσιν
2906 803 2986 855 ὅτι
3039 802 3221 875 θρηνῶ
3243 807 3341 876 τῆς
3372 811 3612 884 Φοινίκης
3632 796 3721 884 τὰς

2174 888 2478 959 συμφοράς,
2510 891 2571 943 οὐ
2611 892 2889 964 παύσομαι
2924 895 3079 950 τοὶ-ο
3106 899 3276 951 ποιῶν
3303 899 3405 965 ’ἐως
3443 903 3505 957 ἂν
3538 908 3721 975 ταύτας

2171 979 2300 1050 ὁρῶ.
2330 981 2506 1034 Μόνον
2543 983 2651 1054 γάρ
2675 1002 2765 1054 μοι
2796 986 3023 1057 φοϐερὸν
3049 989 3109 1041 τὸ
3131 989 3272 1045 θεῖον
3304 996 3596 1067 κριτήριον.
3627 1003 3724 1054 Αὐ-

2170 1072 2297 1135 τοὺς
2341 1072 2397 1126 δὲ
2440 1074 2590 1145 ὅμως
2635 1074 2864 1149 εὔχομαι
2922 1081 3253 1153 συγγνώμης
3294 1087 3441 1159 παρά
3473 1089 3563 1142 τοῦ
3600 1092 3723 1148 Θεοῦ

2170 1162 2279 1213 τῶν
2314 1163 2451 1217 ὅλων
2480 1169 2681 1235 τυχεῖνσ
2711 1168 2771 1222 τὸ
2794 1169 2850 1223 δὲ
2876 1171 3139 1244 ὑμέτερον
3176 1175 3404 1245 μέγεθος
3424 1179 3507 1232 ἀεὶ
3533 1183 3627 1251 μὲν
3649 1185 3728 1237 εὖ·

2169 1253 2284 1306 δοκι
2294 1258 2434 1323 μεῖν,
2454 1257 2545 1309 καὶ
2564 1257 2885 1329 διαπρέπειν
2912 1264 2969 1316 ὲν
2996 1263 3168 1318 ἅπασι
3194 1269 3308 1330 τοῖς
3337 1270 3577 1338 ἀγαθοῖς,
3601 1275 3730 1328 κατὰ

2168 1344 2225 1397 δὲ
2268 1345 2361 1399 τοῦ
2404 1348 2632 1417 ψεύδους
2678 1354 3176 1425 παρρησιάζεσθαι,
3215 1358 3309 1412 καὶ
3363 1361 3459 1432 τῆς
3492 1362 3731 1434 ἀληθείας

2170 1436 2806 1509 ὖπερμαχεῖν.“’ῐστωσαν
2830 1444 2886 1498 δὲ
2923 1448 2973 1499 οί
3002 1447 3175 1503 ταῦτα
3217 1453 3727 1520 κατασκευάσαντες,

2174 1527 2249 1589 ὡς
2292 1529 2393 1582 κάν
2439 1533 2519 1594 εἰς
2556 1532 2656 1596 τὰς
2690 1535 2946 1605 ἐσχατιάς
2993 1538 3094 1608 τῆς
3136 1542 3461 1613 οἰκουμένης
3505 1546 3729 1610 ἀπέλθω,

2169 1620 2269 1674 οὐκ
2309 1621 2461 1675 ἐάσει
2502 1623 2635 1689 Θεὸς
2670 1625 2740 1679 τὰ
2780 1628 3013 1701 δυσσεϐῆ
3053 1631 3301 1703 δόγματα
3356 1638 3728 1709 κρατυνθῆνσι,

2168 1709 2303 1761 ἀλλὰ
2348 1710 2547 1777 νεύσει,
2596 1715 2691 1767 καὶ
2745 1716 3039 1771 καταλύσει
3072 1721 3197 1784 τοὺς
3238 1721 3312 1775 τὰ
3355 1726 3575 1795 μυσαρά
3612 1725 3732 1799 θρη-

2174 1801 2464 1864 σκεύοντας
2496 1804 2761 1875 δόγματα.

2562 1938 2693 1994 DA'.
2708 1972 2778 1980 —
2795 1943 2970 2011 Νόμῳ
2999 1944 3202 2011 ὑπάτῳ
3227 1945 3364 2017 (68).

2252 2052 2342 2103 Ἑν
2376 2052 2568 2123 βραχεῖ
2598 2054 2695 2124 μὲν
2735 2057 2948 2126 ἡμέρας
2983 2059 3157 2129 μορίῳ
3202 2063 3304 2131 τῆς
3339 2061 3604 2134 ὑμετέρας
3647 2081 3733 2134 με·

2164 2143 2474 2213 *ηαλοφυῇις
2511 2147 2827 2218 ἀπήλαυσα,
2857 2149 3039 2218 βιαίας
3075 2152 3327 2223 ἀνάγκης
3370 2171 3437 2225 με
3480 2157 3735 2226 στερησά-

2172 2252 2271 2302 σης
2291 2236 2383 2287 τοῦ
2416 2237 2765 2308 ποθουμένου.
2800 2241 3043 2294 Ἥλπισα
3064 2242 3119 2295 δὲ
3151 2245 3243 2297 καὶ
3277 2244 3377 2316 τὴν
3410 2248 3607 2317 μικρὰν
3631 2263 3739 2299 συν-

2170 2325 2358 2379 ουσίαν
2390 2325 2644 2397 ζὼπυρον
2685 2330 2900 2393 εὐνοίας
2936 2331 3049 2386 ’καὶ
3099 2331 3314 2404 θερμῆς
3368 2334 3584 2389 ἔσεσθαι
3640 2336 3742 2389 διας

2171 2416 2377 2480 θέσεως
2402 2435 2414 2448 ·
2453 2418 2725 2487 ἐψεύσθην
2766 2420 2821 2473 δὲ
2857 2422 2956 2490 τῆς
2988 2422 3217 2486 ἐλπίδος.
3250 2426 3348 2489 Δὶς
3384 2427 3482 2497 μὲν
3516 2426 3621 2499 γὰρ
3650 2427 3739 2499 ἤδη

2168 2508 2499 2579 γεγραφὼς,
2553 2511 2903 2582 ἀντιγράφων
2967 2516 3065 2568 οὐκ
3120 2515 3343 2587 ἔτυχον·
3391 2517 3641 2590 βασιλικῇ
3693 2520 3742 2573 δὲ

2167 2598 2333 2671 ψήφῳ
2363 2600 2464 2669 τῆς
2494 2602 2790 2671 Κυρεστῶν
2825 2602 2938 2675 {69)
2973 2603 3158 2675 χώρας
3204 2610 3338 2672 τοὺς
3379 2610 3540 2680 ὄρους
3590 2612 3734 2680 ὑπερ-

2168 2692 2374 2746 ϐαίνειν
2425 2694 2767 2764 κεκώλυμαι.
2819 2695 2977 2748 Αίτία
3034 2697 3091 2750 δὲ
3127 2698 3358 2771 οὐδεμία
3417 2704 3482 2773 τῇ
3529 2702 3745 2773 δοκούσῃ

2168 2785 2490 2857 πρόσκειται
2520 2787 2782 2857 τιμωρίᾳ,
2816 2786 2932 2841 ἀλλ’
2967 2789 3050 2841 ὅτι
3098 2790 3359 2857 συνόδους
3392 2794 3746 2856 ὲπισκοπικάς

2168 2877 2526 2949 συναθροίζω.
2556 2881 2669 2932 Καὶ
2699 2879 2824 2933 οὔτε
2855 2881 3073 2952 γραφῆς
3102 2881 3494 2956 δεικνυμένης,
3516 2884 3634 2939 οὔτε
3662 2883 3745 2939 τοῦ

2166 2968 2455 3033 διώκοντος
2488 2973 2835 3040 φαινομένου,
2866 2973 2990 3025 οὕτε
3020 2972 3114 3027 τοῦ
3148 2975 3451 3045 φεύγοντος
3484 2975 3747 3046 ἐλεγχθέν-

2166 3079 2278 3126 τος,
2308 3064 2342 3134 ἡ
2373 3063 2550 3133 ψῆφος
2582 3063 2869 3134 ἐξηνέχθη.
2911 3066 3021 3117 Καὶ
3052 3065 3362 3137 στέργομεν
3396 3068 3510 3136 (70)
3535 3069 3746 3138 ταύτην,

475 3162 493 3179 ⁹
522 3173 625 3213 nos
677 3158 1081 3229 acquiescimus
1127 3172 1314 3230 parata
1366 3166 1644 3234 oppressis
1684 3170 1907 3236 pramiia
1951 3188 2060 3227 non

2167 3153 2277 3206 τῶν
2305 3154 2677 3225 ἀδικουμένων
2704 3157 2802 3219 τάς
2833 3158 3134 3222 ἀντιδόσεις
3170 3159 3405 3222 εἰδότες.
3425 3158 3553 3214 Οἶδα
3586 3161 3753 3231 μέντοι

476 3249 811 3320 ignorantes.
833 3249 1055 3305 Festum
1078 3267 1207 3306 sane
1228 3254 1375 3319 novi,
1396 3256 1767 3314 Romanorum
1793 3261 1840 3316 is
1854 3277 2060 3331 przeses

475 3349 625 3406 erat,
672 3340 986 3396 Judzeorum
1028 3341 1485 3400 administrationi
1534 3352 1880 3419 praepositus,
1929 3369 2056 3407 cum

475 3431 648 3485 divini
676 3431 828 3486 Pauli
856 3432 1059 3487 caedem
1084 3430 1388 3503 ﬂagitarent
1409 3437 1605 3503 Judaei,
1632 3441 1806 3509 palam
1834 3459 2061 3514 respon-

475 3521 620 3578 disse
671 3542 682 3576 :
734 3544 752 3573 ‹
798 3524 918 3578 Non
966 3531 1050 3577 est
1094 3526 1356 3581 Romanis
1403 3531 1747 3586 consuetudo
1794 3533 2056 3591 damnare

474 3616 712 3685 aliquem
772 3616 1086 3683 hominem,
1143 3618 1459 3689 priusquam
1518 3621 1564 3675 is
1616 3622 1710 3692 qui
1764 3634 2057 3681 accusatur

474 3714 776 3775 praesentes
831 3706 1033 3761 habeat
1086 3715 1467 3772 accusatores,
1521 3710 1813 3781 locumque
1864 3713 2056 3770 defen-

476 3794 641 3851 dendi
670 3795 905 3865 accipiat
932 3796 998 3850 ad
1026 3797 1297 3851 abluenda
1327 3797 1559 3853 erimina
1584 3800 1648 3853 ⁸⁷.
1684 3820 1700 3852 ι
1735 3801 1913 3872 Atque
1942 3804 2057 3859 haec

474 3884 698 3940 dicebat
736 3884 920 3949 homo,
952 3886 1045 3956 qui
1084 3886 1305 3942 Christo
1346 3888 1578 3944 Domino
1620 3907 1728 3945 non
1774 3894 2054 3960 credebat,

476 3976 571 4030 sed
615 3976 889 4031 idolorum
919 3977 1096 4033 errori
1127 3978 1419 4033 serviebat.
1450 3980 1562 4052 Ego
1594 3999 1726 4038 vero
1752 4000 1855 4039 nec
1883 3985 2056 4041 inter-

476 4076 696 4136 rogatus
730 4075 917 4123 utrum
961 4068 1199 4140 synodos
1244 4085 1587 4141 congregem,
1634 4090 1827 4139 necne,
1860 4085 1916 4131 et
1946 4095 2055 4150 qua

473 4158 540 4213 de
565 4174 726 4214 causa
756 4174 1105 4231 congregem,
1138 4170 1193 4216 et
1229 4162 1361 4231 quid
1386 4164 1511 4219 mali
1540 4181 1606 4219 ea
1638 4182 1725 4222 res
1751 4167 1944 4224 atl‘erat
1967 4171 2053 4225 vel

470 4254 864 4312 ecclesiasticis
910 4256 1096 4322 rebus,
1123 4259 1211 4313 vel
1253 4259 1525 4328 publicis,
1573 4262 1803 4331 perinde
1852 4274 1913 4320 ut
1958 4266 2053 4337 qui

469 4347 791 4416 gravissime
816 4348 1168 4419 deliquerunt
1209 4351 1279 4406 ab
1313 4353 1435 4408 aliis
1464 4369 1659 4410 arceor
1694 4356 2050 4427 civitatibus;

469 4439 554 4492 vel
597 4440 780 4509 potius
821 4441 1034 4497 caneris
1077 4442 1299 4513 quidem
1340 4444 1601 4501 omnibus
1634 4461 1826 4502 omnes
1865 4457 2054 4518 patent

2165 3245 2257 3299 τὸν
2278 3246 2487 3316 Φῆστον
2510 3247 2831 3319 (Ῥωμαίων
2864 3248 2920 3301 δὲ
2954 3244 3022 3320 ἦν
3044 3243 3198 3313 οὗτος
3228 3250 3473 3323 ἡγεμὼν
3506 3253 3603 3323 τὴν
3639 3251 3756 3305 ’1ου-

2165 3338 2331 3392 δαίων
2362 3338 2620 3403 εὐταξίαν
2650 3340 3135 3409 πεπιστευμένος),
3172 3344 3474 3416 ῂτηκότων
3494 3344 3601 3397 τῶν
3638 3344 3755 3397 Ἰου-

2163 3430 2329 3483 δαίων
2358 3430 2459 3502 τῂν
2497 3430 2592 3484 τοῦ
2629 3430 2919 3484 θεσπεσίου
2959 3432 3173 3485 Παύλου
3220 3436 3477 3507 σφαγὴν,
3508 3436 3756 3506 ἄντικρυς

2165 3521 2429 3594 εἰρηκότα
2446 3539 2458 3551 ·
2483 3541 2501 3573 ι
2520 3524 2635 3575 Οὐκ
2654 3519 2863 3586 ἔξεστιν
2886 3524 3019 3593 ἡμῖν
3053 3524 3363 3591 Ῥωμαίοις
3387 3521 3509 3579 οὖσι
3542 3523 3753 3595 χαρίζε-

2168 3615 2293 3669 σθαι
2334 3615 2658 3685 ἄνθρωπον,
2707 3616 2837 3686 πρὶν
2883 3615 2949 3669 ἂν
2998 3619 3025 3670 ὁ
3078 3619 3577 3690 κατηγορούμενος
3624 3615 3757 3673 κατὰ

2166 3706 2460 3776 πρόσωπον
2487 3705 2639 3775 σχοίη
2686 3707 2811 3769 τοὺς
2849 3708 3211 3777 κατηγόρους,
3243 3709 3427 3763 τόπον
3474 3726 3535 3763 τε
3571 3708 3755 3762 ἀπολο-

2165 3796 2289 3865 γίας
2312 3796 2466 3850 λάϐοι
2501 3797 2631 3867 περὶ
2657 3797 2749 3851 τοῦ
2780 3797 3152 3868 ἐγκλήματος.
3179 3817 3196 3847 ι
3229 3800 3352 3853 Καὶ
3382 3799 3563 3855 ταῦτα
3584 3799 3757 3866 ἔλεγεν

2164 3888 2450 3959 ἄνθρωπος
2478 3890 2538 3942 οὐ
2564 3888 2946 3953 πεπιστευκὼς
2970 3888 3047 3959 τῷ
3077 3889 3329 3961 Δεσπότῃ
3356 3891 3607 3963 Χριστῷ,
3633 3888 3757 3943 ἀλλά

2164 3983 2227 4053 τῇ
2253 3980 2499 4051 πολυθέῳ
2522 3980 2699 4051 πλάνῃ
2720 3979 3008 4034 δουλεύων.
3043 3979 3186 4049 Ἐγὼ
3216 3981 3278 4035 δὲ
3305 3981 3440 4036 οὗτε
3469 3981 3757 4054 ἐρωτηθεὶς

2164 4071 2274 4125 εἴτε
2304 4071 2521 4140 συνάγω
2548 4071 2820 4137 συνόδους,
2855 4071 2964 4124 εἴτε
2990 4071 3088 4142 μὴ,
3112 4070 3208 4124 καὶ
3241 4073 3342 4125 ἐπὶ
3373 4074 3487 4127 τίσι
3525 4074 3752 4139 συνάγω,

2164 4164 2260 4217 καὶ
2288 4163 2341 4215 τί
2393 4163 2553 4217 τοῦτο
2584 4161 2907 4233 λυμαίνεται
2947 4162 2979 4233 ἢ
3027 4165 3141 4225 τοῖς
3188 4161 3757 4233 ὲκκλησιαστικοῖ;,ἢ

2163 4261 2274 4320 τοῖς
2310 4259 2530 4319 κοινοῖς,
2550 4259 2664 4319 τοῖς
2690 4255 2924 4326 μέγιστα
2957 4253 3068 4325 (71)
3104 4257 3548 4327 παρανομήσασι
3585 4270 3757 4324 παρα-

2165 4348 2408 4418 πλησίως
2434 4347 2541 4401 τῶν
2564 4347 2738 4401 ἄλλων
2763 4347 3020 4417 είργομαι
3047 4345 3255 4399 πόλεων
3274 4362 3291 4378 ο
3334 4347 3545 4419 μᾶλλον
3574 4346 3632 4400 δὲ
3656 4345 3760 4407 τοῖς

2165 4446 2265 4514 μὲν
2304 4440 2486 4504 ἄλλοις
2538 4440 2711 4494 ἅπασι
2749 4439 2897 4493 πᾶσα
2943 4437 3099 4501 πόλις
3151 4437 3457 4507 ἀνέῳκται,
3502 4438 3566 4491 οὐ
3610 4437 3760 4506 μόνον

469 4528 740 4595 civitates,
772 4546 882 4585 non
917 4531 1033 4585 Arii
1074 4532 1240 4588 modo
1266 4542 1322 4588 et
1354 4534 1612 4588 Eunontii
1656 4537 2050 4605 sectatoribus,

2164 4537 2272 4598 τοῖς
2302 4532 2373 4586 τά
2407 4531 2619 4604 Ἀρείου
2654 4531 2748 4583 καὶ
2801 4528 3071 4601 Εὐνομίου
3107 4527 3435 4597 φρονοῦσιν,
3475 4527 3619 4582 ἀλλά
3672 4524 3760 4579 καὶ

467 4636 659 4675 verum
692 4622 857 4677 etiam
888 4621 1204 4678 llanichzeis
1248 4631 1303 4677 et
1351 4624 1737 4693 Marcionistis,
1770 4636 1827 4681 et
1854 4627 2055 4683 Valen-

470 4710 571 4764 tini
619 4727 684 4765 ac
734 4710 978 4765 Montani
1030 4712 1227 4766 morbo
1268 4711 1669 4778 laborantibus,
1705 4720 1871 4783 atque
1918 4717 2057 4772 adeo

468 4805 768 4873 gentilibus
790 4812 846 4858 et
868 4803 1073 4859 Judaais
1109 4822 1121 4857 :
1148 4819 1250 4874 ego
1276 4819 1429 4868 vero,
1456 4804 1550 4874 qui
1580 4820 1682 4874 pro
1710 4805 2058 4874 dogmatibus

468 4892 803 4962 evangelicis
848 4906 1052 4961 pugno,
1092 4892 1161 4946 ab
1200 4892 1349 4946 omni
1395 4893 1661 4948 excludor
1712 4894 1952 4952 civitate.
1987 4899 2058 4954 At

468 4982 617 5035 enim
646 4991 775 5037 sunt
796 4983 891 5052 qui
915 4983 1100 5038 dicant
1129 4984 1215 5040 bis
1246 4985 1517 5040 contraria
1545 5002 1647 5041 nos
1676 4989 1900 5044 sentire.
1932 4990 2050 5045 Fiat

462 5072 636 5144 igitur
656 5074 949 5128 concilium
975 5093 988 5128 :
1010 5075 1197 5130 adsint
1216 5092 1283 5131 ex
1306 5076 1400 5131 Dei
1426 5079 1818 5135 amantissimis
1833 5082 2048 5152 episco-

469 5163 553 5233 pis
599 5164 693 5233 qui
743 5164 993 5235 judicare
1045 5168 1273 5228 norint.
1326 5169 1509 5226 adsint
1555 5186 1621 5227 ex
1673 5173 1956 5230 honoratis
1992 5185 2049 5232 et

465 5256 901 5327 magistratibus,
933 5258 1026 5327 qui
1078 5273 1163 5313 res
1210 5260 1427 5319 divinas
1470 5273 1599 5321 sunt
1642 5265 1851 5332 edocti;
1893 5267 2044 5323 dica-

537 5410 577 5439 "
606 5410 727 5464 Aet.
760 5428 883 5476 xxv,
913 5410 1000 5464 l6.

537 5561 645 5636 (68)
678 5563 927 5636 ὑπατικῷ
946 5563 1163 5636 volebat
1180 5563 1466 5628 Baronius,
1486 5565 1896 5621 contradicente
1908 5568 2041 5623 Gar-

465 5634 715 5717 nerio‘ad'
755 5634 908 5717 hanc
928 5634 1236 5717 epistplam.

681 5704 1010 5775 ίςυρῤεστῶν
1044 5704 1211 5774 Neap.
1306 5774 1315 5775 ί
1346 5774 1351 5775 γ
2008 5766 2013 5773 η

560 5772 649 5840 70)
680 5772 919 5843 nam
948 5776 1133 5843 στέργ.
1152 5772 1225 5812 ἐν
1249 5774 1448 5837 εἰδότες
1478 5777 1561 5830 vel
1594 5793 1623 5832 a
1658 5779 1919 5834 Vaticano
1949 5794 2039 5833 co-

468 5839 587 5894 dice
611 5839 855 5910 abfuerc,
886 5845 970 5899 vel
1021 5839 1564 5916 in'interprctatione
1609 5850 1724 5904 sive
1770 5866 1800 5904 a
1850 5848 2038 5916 Mctio,

2156 4626 2500 4696 Μανιχαίοις,
2529 4624 2625 4677 καὶ
2667 4623 3140 4693 Μαρκιωνισταῖς,
3170 4620 3264 4673 καὶ
3311 4623 3438 4684 τοῖς
3467 4623 3540 4682 τά
3567 4618 3761 4672 Βαλεν-

2154 4715 2323 4780 τίνου,
2349 4715 2443 4769 καὶ
2466 4714 2748 4769 Μοντανοῦ
2772 4712 3011 4778 νοσοῦσι,
3049 4711 3146 4765 καὶ
3179 4711 3373 4782 μέντοι
3417 4713 3520 4766 καὶ
3537 4710 3761 4779 Ἕλλησι

2155 4804 2251 4857 καὶ
2285 4804 2559 4867 Ἰουδαίοις
2582 4819 2596 4834 ⁶
2626 4803 2737 4871 ἐγὼ
2766 4802 2845 4869 δὲ,
2883 4801 2993 4854 τῶν
3028 4801 3421 4869 εὐαγγελικῶν
3473 4803 3760 4870 ὑπεραγω-

2154 4890 2432 4963 νιζόμενος
2465 4892 2777 4962 δογμάτων,
2823 4890 3007 4961 πάσης
3040 4889 3302 4958 είργομαι
3338 4887 3584 4951 πόλεως.
3623 4882 3758 4938 Ἀλλ’

2154 4983 2370 5039 ἐναντία
2409 4986 2625 5055 φρονεῖν
2658 4984 2810 5053 ἡμᾶς
2859 4982 2993 5050 φασί
3038 4997 3202 5044 τινες.
3237 4978 3468 5033 Οὐκοῦν
3520 4974 3760 5047 γενέσθω

2156 5079 2454 5151 συνέδριον,
2493 5078 2856 5151 παρέστωσαν
2894 5073 3002 5127 τῶν
3044 5072 3501 5142 θεοφιλεστάτων
3536 5065 3758 5124 ἐπισκόο

2154 5188 2270 5226 πων
2300 5172 2349 5225 οἱ
2380 5169 2583 5243 κρίνειν
2608 5169 2831 5233 εἰδότες,
2856 5165 3218 5238 παρέστωσαν
3238 5164 3358 5218 τῶν
3381 5165 3447 5219 ὲν
3472 5164 3622 5218 τέλει
3672 5157 3759 5211 καὶ

2130 5263 2482 5335 ἀξιωμάτων
2514 5263 2565 5315 oi
2617 5260 2687 5314 τὰ
2729 5259 2851 5314 θεῖα
2901 5254 3371 5328 πεπαιδευμένοι·
3426 5254 3680 5324 εἴπωμεν
3722 5245 3758 5300 ἃ

2147 5573 2261 5626 sive
2302 5589 2331 5627 a
2373 5574 2608 5628 Baronio
2654 5574 3018 5642 prmtermissa
3051 5572 3106 5626 in
3142 5569 3316 5640 hujus
3352 5567 3562 5643 ᾼηηαζ.
3596 5564 3753 5643 ad__a.

2146 5644 2270 5707 M8,
2300 5652 2431 5697 tom.
2464 5645 2551 5709 Ἦ,
2585 5634 2788 5713 ρ.’55;
2838 5656 3150 5713 quanquam
3196 5634 3335 5695 sunt
3384 5638 3544 5695 haud
3589 5634 3753 5692 dubie

2150 5713 2499 5768 Theodoreti.
2536 5730 2587 5766 v.
2617 5715 2778 5782 epist.
2808 5716 2895 5766 9".

2244 5785 2332 5852 7|)
2368 5785 2435 5836 τὰ
2469 5784 2595 5852 μέγ.
2628 5784 2704 5838 NP
2744 5846 2756 5853 η
