4056 6454
451 453 585 522 1261

1742 451 2106 513 EPISTOLA
2138 453 2398 513 LXXXI.

3564 428 3700 510 1262

448 564 774 640 φρονοῦμεν,
811 567 1123 621 εἰπάτωσαν
1158 567 1208 620 οἱ
1234 566 1535 637 κρίνοντες,
1576 567 1731 618 ποῖον
1764 563 2021 634 φρόνημα

2141 576 2245 615 nus
2268 559 2480 632 uno
2503 575 2601 616 nos
2623 574 2742 630 quae
2766 559 3055 623 sentimus,
3084 557 3446 630 pronuntient
3461 555 3697 629 judices,

451 657 738 727 συμϐαίνει
766 659 833 728 τῇ
863 656 973 711 τῶν
998 656 1312 711 ἀποστόλων
1337 655 1675 725 διδασκαλίᾳ.

531 852 694 907 ’Δλλά
730 869 795 921 γε
825 851 999 907 ταῦτα
1031 852 1307 926 γέγραφα,
1338 853 1465 908 οὔτε
1502 855 1600 925 τὴν
1633 854 1896 924 μεγίστην
1926 853 2016 907 7:6-

448 943 531 998 λιν
562 944 688 998 ἰδεῖν
717 943 1026 1015 ἐφιέμενος,
1054 944 1178 998 οὔτε
1214 946 1295 1008 εἰς
1322 944 1489 1014 ἀλλην
1525 946 1737 1016 ἀπᾶραι
1772 945 2026 1015 γλιχόμεο

449 1053 562 1099 νος.
606 1034 699 1106 Τῷ
748 1035 862 1089 δντι
910 1035 1020 1107 γὰρ
1056 1036 1257 1106 μᾶλλον
1291 1033 1608 1106 ἀσπάζομαι
1659 1035 1759 1107 τὴν
1790 1037 2025 1107 ἡσυχίαν

448 1125 559 1179 τῶν
590 1126 647 1178 ὲν
674 1124 953 1197 μοναχικῷ
984 1128 1336 1197 προσχήματι
1374 1129 1475 1191 τὰς
1517 1127 1844 1198 Ἐκκλησίας
1882 1131 2027 1182 οἰκο-

451 1219 636 1288 νομεῖν
669 1217 1029 1287 βουλομένων.
1066 1220 1227 1272 Ἴστω
1255 1218 1364 1289 γάρ
1391 1218 1545 1290 ὑμῶν
1578 1221 1640 1273 τὺ
1669 1219 1920 1290 μέγεθος,
1949 1219 2025 1283 ὡς

451 1306 577 1361 οὔτε
599 1308 692 1361 ἐπὶ
721 1307 815 1360 τοῦ
869 1308 1295 1380 μακαριωτάτου
1335 1311 1426 1364 καὶ
1452 1311 1509 1362 έν
1537 1311 1712 1378 ἁγίοις
1745 1310 2022 1375 Θεοδότου,

450 1396 575 1451 οὔτε
619 1397 712 1450 ἐπὶ
763 1396 856 1451 τοῦ
897 1397 997 1468 τῆς
1029 1399 1307 1470 μακαρίας
1339 1400 1560 1471 μνήμης
1598 1400 1864 1466 Ἰωάννου,
1902 1398 2027 1454 οὔτε

453 1489 546 1543 ἐπὶ
566 1489 659 1543 τοῦ
695 1489 998 1556 άγιωτάτου
1046 1490 1351 1544 ἐπισκόπου
1400 1492 1591 1562 κυρίου
1621 1491 1851 1562 Δόμνου,
1885 1490 2027 1545 ἑκὼν

455 1584 535 1645 είς
555 1580 657 1650 τὴν
696 1579 1029 1651 ’Δντιόχειαν
1062 1580 1269 1652 εἰσῄειν
1297 1598 1312 1612 ⁸
1347 1581 1483 1653 ἀλλά
1522 1582 1619 1636 καὶ
1648 1582 1911 1651 πεντάκις
1933 1581 2028 1636 καὶ

455 1671 640 1737 ἑξάκις
687 1670 1023 1742 καλούμενος
1073 1671 1226 1742 μόλις
1271 1672 1574 1743 ὑπήκουονο
1623 1673 1718 1727 καὶ
1756 1673 2028 1745 ὑπήκουον

451 1763 531 1834 τῷ
559 1761 1001 1833 ὲκκλησιαστικῷ
1029 1762 1214 1817 κανόνι
1238 1764 1581 1836 πειθόμενος,
1611 1764 1671 1828 ὃς
1698 1763 2027 1818 κινδυνεύειν

454 1853 892 1927 παρακελεύεται
926 1853 1015 1907 τὸν
1047 1854 1383 1925 καλούμενον
1416 1857 1496 1920 εἰς
1529 1855 1769 1918 σύνοδον,
1800 1856 1894 1909 καὶ
1921 1872 2027 1908 πα-

458 1944 773 2014 ραγίνεσθαι
804 1944 878 2016 μὴ
908 1944 1252 2015 βουλόμενον.
1280 1945 1559 2010 Είσιόντες
1606 1946 1665 2000 δὲ
1696 1947 1747 2000 τί
1779 1946 1887 2000 τῶν
1920 1946 2027 1998 άπ-
2061 1928 2104 1984 Β

453 2035 797 2106 αρεσκόντων
824 2032 942 2103 Θεῷ
970 2034 1388 2105 πεποιήκαμενς
1418 2035 1500 2089 ὅτι
1528 2035 1620 2089 τὸν
1648 2036 1793 2091 δεῖνα
1817 2038 1912 2090 καὶ
1940 2036 2030 2088 τὸν

451 2125 602 2181 δεῖνα
646 2125 806 2195 σιγῆς
860 2125 1015 2192 ἀξίας
1063 2126 1414 2198 παρανομίας
1466 2127 1875 2198 τετολμηκότας
1923 2126 2032 2178 τῶν

453 2216 617 2289 ιερῶν
646 2216 994 2288 ἐχωρίσαμεν
1029 2216 1385 2286 καταλόγωνς
1420 2217 1502 2272 ὅτι
1548 2219 1674 2282 τοὺς
1701 2218 2032 2289 ἐπαινουμέ-

454 2325 577 2371 νους
608 2308 704 2361 καὶ
736 2306 836 2379 βίῳ
860 2308 1274 2379 κοσμουμένους
1302 2311 1368 2380 τῇ
1392 2309 1493 2380 τῆς
1525 2310 1826 2383 ἱερωσύνης
1852 2328 2035 2383 χειρο-

452 2400 606 2472 τονίᾳ
640 2401 1023 2472 προσάγομεν;
1059 2402 1143 2455 ὅτι
1183 2404 1298 2466 τοῖς
1328 2401 1478 2466 λαοῖς
1525 2402 1623 2473 τὴν
1674 2404 2036 2475 εὐαγγελικὴν

454 2490 809 2546 διδασκαλίαν
851 2494 1270 2566 προσφέρομεν;
1321 2494 1384 2547 El
1439 2494 1612 2549 ταῦτα
1648 2497 1868 2567 γραφῆς
1909 2496 2035 2562 ἄξια

457 2581 556 2635 καὶ
584 2582 880 2654 τιμωρίας,
915 2584 1008 2637 καὶ
1041 2583 1139 2647 τάς
1184 2583 1403 2654 μείζους
1433 2585 1575 2656 ὑπὲρ
1607 2584 1813 2640 τούτων
1843 2587 2035 2657 ἥδιστα

455 2673 727 2745 τιμωρίας
773 2673 1060 2745 δεχόμεθα.
1122 2674 1282 2729 Ἀλλά
1317 2676 1425 2749 γάρ
1472 2676 1842 2746 άναγκάζουσί
1871 2695 1938 2750 με
1984 2679 2035 2732 οἱ

456 2765 812 2834 συκοφάνται.
861 2765 971 2819 Kal.
1022 2764 1128 2838 πρὸ
1182 2766 1352 2835 αὐτῆς
1409 2767 1510 2836 τῆς
1564 2767 1877 2838 συλλήψεως
1935 2769 2037 2820 ύπ-

456 2854 678 2926 έσχοντό
713 2873 783 2927 με
808 2855 884 2927 τῷ
916 2856 1036 2927 Θεῷ
1071 2859 1403 2929 προσφέρειν
1435 2860 1485 2912 οί
1531 2860 1822 2928 φύσαντες,
1852 2863 1946 2915 καὶ
1973 2864 2036 2916 ἐκ

459 2947 796 3019 σπαργάνων
827 2949 970 3001 κατά
1004 2950 1102 3012 τὰς
1133 2950 1469 3019 ἐπαγγελίας
1504 2951 1801 3022 ἀνέθηκαν,
1830 2953 2037 3023 τροφῆς

455 3037 716 3110 τοιαύτης
746 3037 1008 3108 ἠξίωσαν.
1040 3039 1129 3093 Ἐν
1161 3042 1509 3112 μοναστηρίῳ
1534 3042 1626 3094 τὸν
1661 3043 1767 3114 πρὸ
1798 3042 1899 3114 τῆς
1921 3045 2039 3097 ὲττι-

462 3128 669 3198 σκοπῆς
695 3129 1010 3192 διατελέσας
1047 3131 1260 3200 χρόνον,
1292 3131 1440 3185 ἄκων
1471 3132 1569 3204 τὴν
1601 3133 1698 3203 τῆς
1730 3135 2039 3207 ἐπισκοπῆς

458 3217 730 3289 ἐδεξάμην
763 3221 1119 3290 χειροτονίαν.
1173 3222 1343 3275 Πέντε
1392 3225 1488 3276 καὶ
1536 3225 1711 3277 εἴκοσι
1760 3225 2037 3279 διετέλεσα

458 3309 579 3378 ἔτη,
604 3307 727 3363 οὔτε
750 3311 1163 3380 κατεντευχθεὶς
1187 3312 1291 3365 ὑπό
1312 3329 1476 3377 τινος,
1498 3314 1557 3367 οὗ
1568 3332 1623 3367 τε
1651 3301 2037 3386 αἰτιασάμενος

459 3403 667 3472 ἕτερον.
697 3401 771 3456 Οὐ
804 3402 1180 3473 προσήδρευσέ
1213 3421 1296 3466 τις
1324 3404 1660 3477 δικαστηρίῳ
1686 3406 1793 3460 τῶν
1822 3408 1914 3462 ὑπ’
1938 3408 2040 3479 ἐμὲ

461 3490 879 3545 εύλαῦεστάτων
930 3490 1209 3563 κληρικῶν
1257 3493 1316 3543 ὲν
1362 3492 1640 3557 τοσούτοις
1690 3492 1889 3548 ἔτεσιν.
1926 3495 2042 3549 Ούκ

462 3580 667 3644 ὀϐολὸν,
697 3580 794 3651 οὐχ
824 3582 1040 3651 ἱμάτιον
1072 3583 1223 3652 παρά
1242 3597 1389 3644 τινος
1414 3580 1703 3652 ἐδεξάμην,
1720 3581 1855 3635 Ἕνα
1878 3581 2041 3654 ἄρτον

463 3669 499 3740 ἢ
530 3669 636 3723 ὠὸν
661 3670 839 3734 οὐδεὶς
867 3669 978 3724 τῶν
1034 3670 1184 3741 ἐμῶν
1224 3670 1489 3724 συνοίκων
1532 3669 1752 3738 ἐδέξατο
1796 3671 2039 3726 πώποτε.

467 3759 616 3830 Πλὴν
637 3760 747 3812 τῶν
778 3760 984 3832 ῥακίων
1008 3753 1084 3814 ὧν
1107 3776 1174 3813 πε
1182 3759 1403 3831 ριδέδλη
1413 3778 1532 3832 μαι,
1555 3762 1709 3815 οὐδὲν
1735 3762 2043 3834 κτήσασθαι

464 3849 799 3922 ἡνεσχόμην.
834 3848 1113 3923 Δημοσίας
1142 3851 1304 3915 στοάς
1332 3853 1398 3905 ὲκ
1431 3852 1540 3905 τῶν
1572 3852 2045 3924 ἐκκλησιαστικῶν

467 3943 747 4013 προσόδων
789 3943 1064 4013 ἀνέστησα
1085 3958 1098 3973 ⁸
1136 3942 1388 4014 γεφύρας
1423 3943 1517 3997 δύο
1552 3944 1811 4014 μεγίστας
1844 3945 2045 4016 ᾠκοδό-

472 4052 646 4107 μησα,
674 4033 919 4103 λουτρῶν
949 4035 1295 4106 ἐπεμελήθην
1328 4034 1527 4089 κοινῶν
1553 4050 1567 4064 ’
1597 4037 1662 4089 ὲκ
1695 4035 1791 4089 τοῦ
1828 4039 2047 4110 παραρ-

469 4127 687 4199 ρέοντος
724 4123 973 4196 ποταμοῦ
1023 4125 1125 4197 τὴν
1181 4125 1338 4179 πόλιν
1392 4126 1468 4196 μὴ
1519 4126 1884 4197 ὑδρευομένην
1930 4126 2043 4200 (72)

470 4218 667 4288 εὑρὼν,
717 4216 811 4270 τὸν
845 4216 1065 4285 ἀγωγὸν
1112 4214 1513 4281 κατεσκεύασα,
1541 4216 1638 4270 καὶ
1673 4217 1771 4288 τὴν
1817 4217 2046 4289 ἄνυδρον

472 4311 626 4364 πόλιν
662 4310 869 4364 ὑδάτων
896 4309 1209 4380 ὲπλήρωσα.
1247 4309 1357 4362 Καὶ
1404 4309 1492 4362 ἴνα
1529 4309 1703 4363 ταῦτα
1739 4311 2043 4372 καταλίπω.

471 4402 665 4474 κώμας
695 4400 841 4455 ὀκτὼ
870 4402 967 4470 τῆς
997 4399 1341 4471 Μαρκίωνος,
1375 4400 1469 4453 καὶ
1509 4399 1607 4464 τὰς
1653 4400 1815 4470 πέριξ
1854 4400 2046 4473 κειμέ-

468 4484 590 4557 νας,
619 4493 861 4563 ἁσμένας
883 4492 997 4562 (75)
1056 4491 1192 4562 πρὸς
1225 4491 1326 4563 τὴν
1378 4491 1641 4561 ἀλήθειαν
1693 4492 2043 4564 ὲποδήγησα’

2125 666 2375 721 quamam
2409 650 2682 705 sententia
2711 651 2975 706 doctrina:
3011 649 3324 721 apostolica:
3362 648 3433 702 sit
3472 662 3701 702 consen-

2125 746 2307 792 tanea.

2196 848 2583 903 Verumtamen
2633 848 2749 903 haec
2797 850 2869 904 ita
2914 853 3130 922 scripsi,
3172 868 3279 907 non
3322 852 3470 923 quod
3515 854 3703 909 videre

2122 936 2342 1008 cupiam
2372 941 2663 995 maximam
2703 942 3000 1007 civitatem,
3027 946 3113 999 vel
3147 945 3200 998 in
3229 946 3397 999 aliam
3429 945 3704 1015 proﬁcisci

2123 1030 2455 1087 desiderem.
2484 1033 2695 1087 Revera
2726 1034 2871 1088 enim
2904 1035 3088 1103 quiete
3122 1036 3304 1105 potius
3333 1037 3579 1091 delector
3607 1052 3705 1091 eo-

2127 1137 2251 1175 rum
2274 1123 2366 1192 qui
2398 1122 2451 1176 in
2486 1132 2630 1178 statu
2665 1124 2989 1179 monachico
3023 1125 3290 1181 Ecclesias
3318 1126 3706 1181 administrare

2127 1212 2338 1267 volunt.
2367 1213 2591 1270 Noverit
2625 1215 2773 1269 enim
2811 1215 3131 1285 magnitudo
3160 1225 3272 1281 tua,
3309 1231 3393 1271 me
3423 1232 3526 1271 nec
3565 1225 3707 1270 tem-

2127 1317 2261 1370 pore
2289 1303 2595 1359 beatissimi
2643 1305 2928 1375 sanctique
2959 1304 3250 1370 Theodoti,
3276 1321 3379 1359 nec
3410 1306 3511 1359 sub
3536 1307 3710 1361 beatae

2128 1396 2410 1450 memoria:
2432 1397 2663 1462 Joanne,
2690 1414 2793 1452 nec
2822 1397 2925 1453 sub
2959 1398 3302 1453 sanctissimo
3326 1400 3586 1468 episcopo
3609 1399 3710 1452 do-

2130 1486 2281 1540 mino
2338 1488 2571 1553 Domno,
2625 1498 2820 1559 sponte
2877 1505 2997 1544 mea
3046 1490 3283 1545 intrasse
3328 1491 3709 1553 Antiochiam,

2129 1577 2224 1632 sed
2253 1580 2548 1649 quinquies
2587 1596 2650 1635 ac
2686 1582 2865 1638 sexies
2897 1591 3148 1636 \ocatum
3179 1584 3268 1639 vix
3300 1583 3568 1655 paruisse.
3609 1584 3712 1639 Pa-

2130 1669 2317 1723 rebam
2363 1679 2545 1725 autem
2593 1680 2654 1726 ut
2690 1673 3069 1728 ecclesiastico
3110 1675 3308 1730 canoni
3354 1675 3710 1744 obsequerer,

2131 1762 2224 1832 qui
2251 1778 2405 1816 reum
2432 1764 2621 1819 haberi
2644 1765 2802 1835 jubet
2824 1782 2948 1820 eum
2975 1768 3070 1837 qui
3101 1767 3168 1822 ad
3192 1769 3458 1841 synodum
3485 1779 3715 1826 vocatus

2131 1850 2324 1907 adesse
2353 1854 2614 1908 noluerit.
2640 1855 2874 1926 lngressi
2896 1864 3080 1913 autem
3116 1860 3249 1929 quid
3279 1861 3491 1933 egimus
3518 1877 3712 1916 eorum

2133 1966 2254 2021 quae
2279 1953 2393 2007 Deo
2419 1970 2529 2008 non
2564 1954 2826 2024 placent9
2855 1972 2925 2010 an
2958 1956 3105 2026 quod
3124 1948 3280 2011 hunc
3309 1954 3393 2008 vel
3423 1954 3596 2017 illum,
3619 1952 3714 2021 qui

2134 2043 2296 2114 digna
2345 2045 2566 2099 silentio
2625 2044 2826 2117 ﬂagitia
2883 2054 3147 2116 patrarat,
3192 2060 3258 2100 ex
3301 2045 3471 2100 sacris
3515 2043 3717 2098 tabulis

2135 2136 2537 2205 expunximus?
2587 2138 2736 2206 quod
2792 2138 3042 2192 laudatos
3090 2139 3311 2207 vitaque
3362 2137 3601 2191 illustres
3646 2134 3716 2188 ad

2138 2226 2429 2281 sacerdotii
2498 2227 2748 2282 ordinem
2819 2228 3244 2299 promeremus?
3294 2226 3439 2297 quod
3501 2225 3720 2296 pupulis

2137 2319 2505 2389 evangelicam
2543 2319 2849 2378 doctrinam
2900 2320 3298 2391 proponimus?
3338 2320 3356 2340 ⁴
3400 2318 3457 2374 Si
3498 2334 3725 2373 aecusa~

2140 2409 2288 2465 tione
2319 2411 2435 2466 haec
2476 2412 2640 2482 digna
2666 2423 2796 2467 sunt
2827 2421 2882 2467 et
2909 2412 3201 2483 supplicio,
3244 2412 3449 2482 majora
3493 2425 3593 2480 pro
3632 2409 3722 2463 his
3780 2482 3783 2485 _

2137 2500 2402 2570 supplicia
2434 2502 2672 2557 libenter
2697 2502 3060 2557 admittimus.
3103 2501 3396 2555 Enimvero
3425 2499 3611 2554 dicere
3633 2515 3721 2555 me

2138 2599 2341 2659 cogunt
2394 2592 2761 2662 sycophantae.
2810 2592 3138 2661 Priusquam
3192 2606 3280 2645 me
3340 2589 3718 2660 conciperent,

2137 2680 2420 2736 oblaturos
2453 2697 2510 2737 se
2547 2682 2658 2737 Deo
2692 2681 2921 2752 polliciti
2965 2688 3093 2736 sunt
3119 2688 3398 2750 parentes,
3441 2689 3607 2749 atque
3653 2680 3722 2734 ab

2141 2772 2490 2828 incunabulis
2546 2781 2609 2828 ut
2663 2772 3030 2843 promiserant
3080 2771 3460 2836 devoverunt,
3517 2780 3575 2827 et
3618 2773 3724 2828 hoc

2140 2864 2303 2923 modo
2336 2865 2663 2918 educarunt.
2701 2864 2761 2918 In
2801 2862 3136 2917 monasterio
3176 2871 3392 2932 tempus
3421 2863 3568 2932 quod
3605 2865 3724 2934 cpi-

2141 2965 2424 3025 scopatum
2473 2954 2753 3025 praecessit
2807 2969 2933 3009 cum
2986 2952 3310 3024 exegissem,
3346 2948 3554 3007 invitus
3603 2956 3723 3023 epi-

2143 3062 2343 3117 sc0pus
2376 3047 2666 3102 ordinatus
2710 3061 2852 3102 sum.
2903 3045 3093 3100 Annos
3131 3044 3327 3115 viginti
3367 3044 3612 3115 quinque
3652 3047 3727 3101 ita

2143 3136 2275 3202 vixi,
2299 3146 2360 3191 ut
2389 3152 2569 3207 neque
2594 3137 2649 3191 in
2669 3137 2762 3207 jus
2785 3142 3013 3190 vocatus
3041 3133 3143 3188 sim
3166 3149 3197 3187 a
3224 3147 3523 3202 quoquam,
3548 3148 3728 3204 neque

2147 3229 2263 3297 ipse
2302 3208 2633 3298 quemquam
2678 3226 3003 3293 accusarim.
3044 3224 3237 3279 Nullus
3283 3224 3727 3296 religiosissimo-

2145 3333 2264 3371 rum
2302 3318 2636 3372 clericorum
2665 3317 2759 3387 qui
2788 3315 2893 3371 sub
2924 3330 3013 3370 me
3044 3314 3271 3369 fuerunt
3312 3314 3609 3371 tribunalia
3648 3322 3729 3370 tot

2142 3408 2301 3463 annis
2327 3407 2718 3478 frequentavit.
2747 3407 2868 3463 Non
2890 3406 3138 3471 obolum,
3162 3422 3271 3460 non
3299 3413 3507 3461 vestem
3530 3422 3561 3461 a
3586 3421 3728 3476 quo-

2142 3514 2307 3568 quam
2338 3499 2560 3568 acccpi;
2602 3497 2808 3569 ιιῇι
2834 3511 3031 3568 panem
3058 3511 3250 3559 unum,
3279 3496 3364 3551 vel
3389 3511 3576 3560 ovum,
3607 3497 3732 3551 nul-

2144 3584 2230 3637 lus
2260 3583 2687 3638 domesticorum
2718 3599 2967 3638 meorum
2998 3583 3211 3651 accepit
3242 3599 3502 3653 unquam.
3525 3584 3732 3640 Praeter

2145 3675 2491 3745 panniculus,
2524 3676 2727 3746 quibus
2747 3676 2984 3731 amictus
3018 3690 3163 3736 sum,
3197 3675 3335 3729 nihil
3370 3676 3517 3730 volui
3552 3677 3731 3745 possi-

2147 3765 2298 3819 dere.
2339 3765 2596 3821 Publicas
2638 3766 2884 3836 porticus
2926 3781 2994 3820 ex
3032 3765 3305 3821 reditibus
3344 3767 3735 3825 ecclesiasticis

2145 3855 2320 3920 erexi,
2360 3864 2557 3925 pontes
2604 3856 2746 3913 duos
2788 3857 3058 3912 maximos
3101 3857 3370 3922 exstruxi,
3408 3857 3730 3913 balneorum

2146 3946 2494 4015 publicorum
2534 3961 2722 4002 curam
2756 3947 2934 4018 gessi;
2976 3962 3103 4002 cum
3136 3962 3202 4002 ex
3232 3946 3474 4003 alluente
3505 3948 3732 4004 ﬂumine

2148 4054 2317 4108 aquas
2370 4055 2479 4094 non
2522 4040 2883 4099 haurientem
2942 4040 3220 4095 civitatem
3271 4047 3466 4094 nactus
3516 4054 3731 4109 essem,

2148 4128 2534 4197 aquaeductum
2576 4129 2820 4194 condidi,
2855 4137 2912 4184 et
2953 4137 3230 4184 carentem
3271 4129 3430 4198 aquis
3454 4128 3733 4186 civitatem

2148 4220 2306 4288 aquis
2348 4219 2579 4290 replevi.
2628 4222 2808 4289 Atque
2851 4228 2915 4274 ut
2960 4219 3064 4274 ista
3113 4218 3550 4289 praetermittam,
3584 4219 3736 4275 vicos

2148 4319 2273 4364 octo
2314 4310 2609 4366 Marcionis
2642 4310 2838 4365 haeresi
2880 4319 3195 4379 corruptos,
3229 4325 3337 4365 una
3374 4325 3499 4364 cum
3539 4311 3737 4367 vicinis

2149 4401 2320 4463 locis,
2393 4401 2460 4456 ad
2529 4401 2819 4456 veritatem
2881 4399 3130 4455 volentes
3194 4399 3424 4470 perduxi
3479 4417 3492 4452 :
3548 4401 3734 4456 vicum

2151 4493 2320 4547 alium
2367 4492 2727 4547 Eunomianis
2760 4492 3048 4557 refertum,
3085 4502 3140 4546 et
3187 4491 3353 4544 alium
3387 4491 3624 4557 Arianis,
3655 4493 3740 4546 di-

469 4586 638 4657 ἅλλην
668 4583 862 4655 κώμην
882 4583 1233 4654 Εὑνομιανῶν
1264 4583 1726 4655 πεπληρωμένην,
1755 4584 1850 4638 καὶ
1878 4584 2041 4656 άλλην

2153 4584 2294 4639 vinie
2346 4584 2676 4655 cognitionis
2722 4584 2845 4639 luce
2898 4583 3189 4647 illustravi,
3221 4584 3546 4653 nullumque
3593 4584 3738 4655 apud

482 4675 804 4745 Ἀρειανῶν,
842 4673 921 4745 τῷ
968 4675 1109 4743 φωτὶ
1141 4674 1243 4744 τῆς
1276 4674 1612 4743 θεογνωσίας
1671 4677 2045 4746 προσήγαγον,

471 4767 569 4820 καὶ
597 4766 687 4820 διὰ
715 4765 815 4837 τὴν
846 4764 996 4818 θείαν
1027 4764 1187 4837 χάριν
1208 4765 1331 4819 οὐδὲ
1355 4765 1414 4819 ἓν
1433 4765 1564 4835 παρ’
1589 4767 1726 4837 ἡμῖν
1752 4766 2050 4837 αἱρετικῶν

474 4858 774 4928 ὑπελείφθη
809 4856 1067 4923 ζιζάνιον.
1101 4858 1212 4911 Καὶ
1253 4855 1430 4911 ταῦτα
1463 4858 1565 4911 οὐκ
1608 4856 1909 4922 ἀκινδύνως
1949 4876 2049 4912 πε-

475 4951 699 5020 ποίηκα.
724 4948 861 5002 ἀλλὰ
889 4948 950 5001 τὸ
973 4944 1113 5019 αἷμά
1140 4966 1242 5018 μου
1276 4946 1537 5012 πολλάκις
1569 4947 1827 5019 ὲκχύσας,
1855 4949 2054 5003 πολλά-

473 5057 562 5102 κις
596 5037 987 5100 καταλευσθεὶς
1018 5037 1110 5091 ὑπ’
1149 5036 1350 5097 αὐτῶν.
1380 5037 1474 5090 καὶ
1516 5040 1596 5099 εἰς
1635 5039 1808 5102 αὐτάς
1838 5040 2052 5108 φθάσας

475 5128 570 5181 τυῧ
606 5127 733 5200 ᾅδου
779 5127 880 5191 τάς
932 5126 1129 5190 ⁸πύλας.
1179 5126 1341 5180 Ἀλλά
1388 5127 1499 5198 γάρ
1549 5128 1738 5199 ἄφρων
1784 5129 2054 5201 ἐγενόμην

418 5242 421 5243 ν
475 5217 832 5289 καυχώμενος
855 5234 870 5249 ο
900 5217 1002 5288 τῆς
1030 5217 1086 5271 δὲ
1141 5217 1427 5287 ἀνάγκης,
1472 5218 1532 5270 ού
1583 5218 1682 5287 τῆς
1720 5219 1949 5290 γνώμης
1985 5220 2055 5275 τὰ

475 5308 767 5381 εἰρημένα.
825 5307 998 5372 Τοῦτο
1058 5305 1114 5359 δὲ
1162 5306 1258 5360 καὶ
1307 5308 1335 5360 ὁ
1380 5305 1785 5380 τρισμακάριος
1843 5306 2056 5370 Παῦλος

474 5398 797 5469 ὴκιγκάσθη
830 5397 1028 5470 δρᾶσαί
1084 5412 1244 5459 ποτε,
1298 5396 1408 5449 τῶν
1460 5395 1911 5467 κατηγορούντων
1952 5398 2054 5468 έμ-

478 5492 735 5560 φράττων
793 5490 855 5543 τὺ
904 5489 1098 5558 στόμα.
1135 5488 1320 5554 Στέγω
1344 5487 1401 5540 δὲ
1461 5488 1611 5557 ὅμως
1639 5488 1740 5558 τὴν
1785 5487 2051 5542 δοκοῦσαν

479 5581 724 5653 ἀτιμίαν,
749 5581 846 5635 καὶ
871 5580 1035 5650 τιμὴν
1064 5579 1241 5649 ἄκραν
1285 5577 1653 5647 ὑπολαμϐάνω
1678 5595 1692 5608 '
1726 5578 1909 5631 ἀκούω
1941 5580 2050 5652 γάρ

557 5783 670 5849 ('l‘d)
704 5797 776 5850 μη
806 5780 1117 5851 addendum
1151 5793 1292 5851 esse
1321 5778 1412 5851 vel
1461 5794 1523 5851 ea
1607 5796 1728 5846 qum
1784 5789 2090 5851 sequuntur

484 5847 790 5916 decent,‘et
825 5850 1083 5905 habuisse
1113 5848 1331 5904 videtur
1371 5847 1680 5904 Vaticanus.

2154 4691 2274 4739 nos,
2325 4676 2423 4730 Dei
2470 4674 2762 4742 beneﬁcio,
2805 4675 3031 4731 haeresis
3082 4675 3273 4731 lolium
3328 4675 3582 4730 relictum
3630 4685 3735 4731 est.

2154 4770 2347 4838 Neque
2389 4784 2520 4824 vero
2565 4768 2668 4823 ista
2718 4768 2836 4823 sine
2882 4767 3146 4838 periculis
3198 4765 3451 4837 praestiti,
3490 4765 3587 4821 sed
3620 4765 3742 4822 fuso

2156 4871 2301 4926 saepe
2348 4870 2472 4910 meo
2517 4855 2802 4925 sanguine,
2834 4853 3110 4923 lapidatus
3154 4852 3226 4906 ab
3268 4852 3349 4907 eis
3385 4861 3650 4921 persaepe,
3685 4860 3743 4909 et

2157 4946 2226 5001 ad
2268 4945 2427 5016 ipsas
2475 4944 2593 5000 orci
2643 4955 2829 5014 portas
2877 4944 3166 5013 impulsus.
3217 4941 3423 4997 Verum
3477 4940 3744 5010 insipiens

2157 5038 2337 5092 factus
2366 5037 2510 5100 sum,
2541 5036 2672 5090 dum
2705 5035 2912 5106 glorior
2942 5051 2955 5088 :
2985 5043 3041 5089 at
3066 5034 3395 5088 necessitate
3439 5033 3572 5088 haec.
3594 5031 3741 5086 dicta

2156 5134 2305 5187 sunt,
2373 5143 2482 5180 non
2540 5127 2839 5180 voluntate;
2902 5123 3082 5195 Atque
3147 5124 3252 5177 hoc
3319 5123 3504 5193 ipsum
3558 5121 3743 5175 facere

2156 5216 2454 5286 aliquando
2481 5226 2707 5271 coactus
2729 5212 2813 5270 est
2846 5214 3198 5270 beatissimus
3233 5213 3456 5278 Paulus,
3492 5218 3551 5266 ut
3575 5225 3743 5266 accu-

2156 5309 2396 5363 santium
2420 5323 2483 5363 os
2510 5308 2845 5363 Obstrueret.
2877 5307 3017 5362 Fero
3044 5315 3227 5361 tamen
3264 5307 3406 5359 hanc
3437 5319 3558 5373 qua:
3584 5302 3741 5373 igno-
3784 5364 3791 5369 _

2157 5397 2331 5451 minia
2354 5397 2595 5460 videtur,
2621 5405 2677 5452 et
2705 5411 2981 5451 summurn
3016 5396 3279 5450 honorem
3310 5394 3472 5448 duco.
3506 5391 3742 5461 Aposto-
3779 5377 3791 5413 ⁸

2159 5488 2325 5543 licam
2348 5487 2497 5542 enim
2530 5502 2720 5541 vocem
2760 5487 2923 5541 audio
2953 5486 3277 5540 clamantem
3311 5500 3323 5535 :
3368 5502 3384 5532 ι
3421 5481 3624 5536 Omnes
3648 5478 3742 5549 qui

2155 5582 2246 5653 pie
2277 5581 2469 5636 volunt
2508 5581 2694 5636 vivere
2743 5580 2800 5635 in
2854 5579 3074 5634 Christo
3121 5575 3250 5632 Jesu
3298 5573 3743 5645 persecutionem

2276 5781 2389 5853 (75)
2426 5780 2677 5851 ἀσμένως
2711 5779 2879 5847 Neap.
2918 5786 2973 5830 et
3007 5768 3187 5831 \‘atic.
