4056 6468
354 473 493 532 1263

1346 471 1832 530 TllEODORETI
1873 472 2211 531 EPIStIOl-‘l
2251 474 2614 534 CYRENSIS

3494 462 3629 527 1261

355 591 636 654 patientur
670 583 733 635 δε.
767 606 782 633 ι
827 584 996 637 Tuam
1033 592 1213 636 autem
1247 583 1708 654 magniﬁcentiam
1737 599 1854 648 oro,
1883 599 1925 635 ιι

2047 585 2149 652 τῆς
2194 587 2561 657 ἁποστολικῆς
2610 586 2820 656 βοὼσης
2865 585 3081 653 φωνῆς·
3125 601 3141 632 ι
3185 579 3393 641 Πάντες
3439 580 3488 630 οἱ
3546 576 3634 630 θέ-

353 672 853 726 ecclesiasticarum
903 686 1087 724 rerum
1125 686 1314 724 curam
1360 671 1641 740 suscipiat,
1685 679 1736 724 et
1767 680 1943 724 ortam

355 763 913 832 sedettempestatcm
947 781 958 814 :
991 779 1180 816 revera
1205 763 1353 816 enim
1395 779 1498 817 nec
1534 763 1591 817 in
1628 764 1746 832 ipso
1776 762 1942 816 disci-

352 854 427 910 dii
462 854 688 907 exordio
717 861 863 906 tanta
898 853 1200 906 Ecclesiam
1244 854 1424 908 tenuit
1457 855 1728 908 confusio.
1773 853 1945 907 Nemo

354 946 507 999 vobis
542 945 915 1014 periculorum
961 945 1171 1016 1142
1216 946 1652 1016 magnitudinem
1696 946 1942 1015 exponit,

350 1034 791 1089 Christianorum
826 1034 920 1103 qui
953 1036 1007 1088 in
1039 1035 1298 1089 Phoenice
1323 1043 1452 1089 sunt
1479 1036 1678 1099 luctus,
1710 1037 1942 1090 sanctis—

353 1128 620 1179 simorum
665 1126 812 1194 apud
857 1141 956 1179 nos
999 1127 1398 1180 monachorum
1426 1127 1725 1180 ‘lamenta.
1768 1125 1941 1192 Quam

351 1218 424 1270 ob
457 1233 681 1271 causam
715 1219 965 1288 longiore
1001 1233 1132 1271 usus
1162 1234 1281 1273 sum
1317 1219 1589 1284 oratione,
1627 1227 1686 1271 ut
1727 1217 1946 1287 cognita

355 1309 728 1363 Ecelesiarum
782 1308 1056 1377 procella,
1100 1309 1240 1363 hanc
1300 1309 1707 1380 magniﬁcentia
1762 1315 1946 1362 vestra

352 1407 666 1468 componat,
695 1406 751 1452 et
783 1400 1146 1468 prodeuntem
1184 1400 1310 1454 inde
1337 1401 1634 1456 utilitatem
1671 1400 1872 1470 capiat.

2047 677 2232 740 λοντες
2267 675 2366 748 ζῇν
2421 676 2659 740 εὐσεϐῶς
2696 678 2752 729 ἐν
2816 672 3039 747 Χριστῷ
3074 671 3274 742 Ἰησοῦ,
3306 666 3658 737 διωχθήσον-ἶ

2045 784 2154 820 ται.
2183 787 2199 819 ι
2232 767 2342 837 Τὴν
2373 768 2431 820 δὲ
2469 768 2742 839 ὑμετέραν
2783 766 3266 837 μεγαλοπρέπειαν
3299 758 3631 828 παρακαλῶ,

2047 855 2338 926 φροντίσαι
2359 857 2467 909 τῶν
2499 855 2972 928 ἐκκλησιαστικῶν
3010 851 3377 925 πραγμάτωῃ
3415 849 3508 901 καὶ
3536 846 3636 915 τὴν

2046 947 2436 1002 ἐπαναστᾶσαν
2477 948 2813 1003 κατευνάσαι
2847 947 3045 1017 ζάλην·
3084 945 3163 1014 τῷ
3205 944 3319 997 δντι
3358 945 3468 1011 γὰρ
3512 939 3636 992 οὐδὲ

2045 1041 2103 1091 ἐν
2145 1039 2287 1112 ἀρχῇ
2331 1045 2432 1113 τῆς
2486 1042 2822 1105 διαστάσεως
2870 1030 3245 1108 τοιαύτη’τὴν
3301 1033 3636 1100 Ἐκκλησίαν

2047 1131 2313 1185 κατέλαϐε
2348 1134 2634 1204 σύγχυσις.
2685 1132 2876 1196 obest;
2917 1132 3061 1201 ὑμᾶς
3090 1128 3347 1182 ’διδάσκει
3378 1125 3485 1178 τῶν
3519 1141 3636 1176 κιν-

2046 1221 2218 1276 δύνων
2252 1223 2313 1276 τὺ
2351 1225 2601 1295 μέγεθος,
2645 1225 2754 1278 τῶν
2805 1227 2861 1277 ἐν
2893 1223 3118 1292 Φοινίκῃ
3143 1217 3490 1290 Χριστιανῶν
3518 1214 3632 1286 (74)

2047 1313 2174 1376 τοὺς
2205 1313 2461 1386 θρήνους,
2486 1316 2594 1370 τῶν
2627 1316 2758 1388 παρ’
2779 1318 2913 1386 ἡμῖν
2935 1312 3256 1383 ἁγιωτάτων
3288 1308 3634 1382 μοναζόντων

2048 1404 2172 1466 τοὺς
2204 1404 2494 1478 ὀδυρμούς.
2526 1401 2601 1461 Οὗ
2623 1408 2687 1477 δὴ
2714 1408 2874 1480 χάριν
2909 1407 3005 1459 καὶ
3035 1404 3277 1493 πλείρσιν
3308 1399 3633 1473 ἐχρησάμην

353 1494 554 1561 λόγοις,
597 1495 684 1547 ἵνα
746 1494 994 1566 μαθοῦσα
1048 1497 1201 1565 ὑμῶν
1250 1499 1282 1568 ἡ
1340 1498 1680 1566 μεγαλοφυῖα
1745 1496 1854 1548 τῶν
1906 1496 2244 1570 Ἐκκλησιῶν
2311 1504 2402 1557 τὸν
2451 1503 2718 1569 κλύδωνα,
2769 1502 3104 1572 καταπαύσῃ
3157 1500 3365 1564 τοῦτον,
3399 1497 3490 1550 καὶ
3535 1494 3634 1564 τὴν

352 1585 598 1638 ἐντεῦθεν
628 1585 894 1654 ὠφέλειαν
932 1604 998 1640 κα
1010 1587 1316 1658 ρπώσηται.

580 1695 843 1750 LXXXII.
865 1729 934 1736 --
960 1697 1180 1751 Eusebio
1208 1700 1444 1770 episropo
1472 1701 1716 1771 Ancyra.

421 1833 718 1902 Sperabam
773 1850 860 1889 me
909 1836 1134 1890 crebras
1183 1835 1287 1890 hoc
1343 1845 1588 1906 tempore
1629 1836 1934 1891 sanctitatis

351 1934 456 1978 tuae
506 1924 718 1980 litteras
767 1935 1143 1995 accepturum.
1200 1927 1698 1982 Manifestissimam
1731 1928 1934 1998 quippe

2130 1703 2270 1760 "llB'.
2301 1736 2371 1745 -—
2407 1707 2682 1771 Εὐσεϐίῳ
2709 1706 3024 1771 ἐπισκόπῳ
3065 1704 3358 1773 Ἀγκύρας
3386 1701 3522 1772 (75).

2122 1815 2370 1868 Ἤλπισα
2408 1816 2616 1886 συχνὰς
2663 1817 2721 1870 ἐν
2775 1816 2853 1887 τῷ
2887 1815 3116 1886 παρόντι
3171 1813 3349 1884 καιρῷ
3378 1812 3633 1880 δέξασθαι

2043 1905 2144 1976 τῆς
2179 1907 2278 1977 σῆς
2327 1908 2641 1978 ἁγιωσύνης
2691 1905 2999 1970 ἐπιστολάς.
3064 1904 3480 1975 Προδηλοτάτην
3525 1905 3634 1973 γὰρ

349 2017 678 2070 calumniam
706 2018 854 2086 passi
883 2033 1006 2072 cum
1054 2033 1332 2081 essemus,
1376 2018 1614 2073 fraterna
1646 2018 1925 2088 egebamu:

2047 1997 2528 2069 ὑπομεμενηκότες
2555 1998 2944 2068 συκοφαντίαν,
2970 1995 3302 2066 παραψυχῆς
3336 1994 3632 2064 ἀδελφικῆς

349 2106 747 2161 consolatione.
797 2106 1013 2161 Etenim
1048 2110 1140 2176 qui
1188 2108 1501 2171 Marcionis,
1543 2117 1599 2162 et
1639 2108 1938 2170 Valentini,

343 2205 401 2250 et
418 2197 1021 2268 Manetis,aliorumque
1038 2199 1352 2253 Doeitarum
1372 2199 1607 2253 haeresin
1631 2199 1731 2253 hac
1752 2209 1939 2254 nostra

347 2287 674 2357 tempestate
709 2297 996 2352 renovant,
1028 2305 1170 2358 aegre
1217 2290 1456 2344 ferentes
1498 2289 1731 2344 baeresin
1775 2306 1806 2344 a
1850 2307 1937 2345 me

347 2391 503 2429 suam
534 2383 724 2445 aperte
746 2375 1039 2437 confutari.
1062 2377 1408 2447 imperatoris
1438 2393 1598 2432 aures
1628 2379 1934 2434 circumve-

346 2465 466 2518 nire
486 2464 666 2518 conati
699 2471 846 2527 sunt,
867 2464 1156 2518 haereticos
1177 2479 1278 2516 nos
1300 2464 1657 2532 appellantes,
1679 2471 1735 2516 et
1763 2474 1931 2517 unuyn

346 2553 638 2606 Dominum
687 2561 936 2619 nostrum
984 2555 1169 2608 .lesum
1227 2553 1530 2618 Christum,
1589 2554 1932 2608 incarnatnm

344 2647 516 2701 Deum
541 2646 805 2711 Verbum,
830 2647 885 2699 in
906 2647 1044 2700 duos
1074 2647 1216 2700 ﬁlios
1238 2646 1483 2702 dividere
1507 2648 1929 2702 calumniantes.

346 2735 451 2790 Sed
467 2737 650 2791 verbis
667 2737 804 2802 suis,
819 2746 879 2791 ut
894 2733 1337 2807 spcrahantﬁxon
1356 2750 1766 2808 persuaserunt.
1783 2741 1930 2806 Qua-

346 2844 405 2882 re
426 2829 691 2898 scriptum
716 2836 800 2883 est
815 2828 1295 2884 commonitorium
1310 2829 1852 2899 magniﬁcentissimo
1875 2841 1933 2886 et

343 2919 740 2988 gloriosissimo
773 2920 1033 2990 magistro
1060 2921 1294 2973 militum
1321 2922 1557 2987 consuli,
1589 2923 1811 2978 hmresis
1841 2940 1934 2977 ae-

344 3010 688 3064 cusationem
738 3011 945 3064 nullam
989 3009 1300 3072 continens.
1348 3013 1442 3066 sed
1491 3013 1626 3066 alias
1665 3015 1930 3082 quasdam

345 3115 574 3163 causas,
621 3115 826 3170 easque
879 3100 1058 3155 falsas.
1111 3101 1359 3174 Synodos
1395 3105 1542 3158 enim
1581 3104 1800 3158 aiebant
1843 3121 1930 3160 me

346 3187 660 3256 frequentes
704 3189 846 3258 apud
898 3191 1245 3246 Antiochiam
1293 3209 1624 3260 convocare,
1665 3205 1721 3249 et
1761 3212 1822 3250 ea
1872 3214 1928 3253 re

343 3279 548 3334 oﬁ'endi
586 3281 906 3343 nonnullos;
949 3282 1172 3350 proinde
1207 3285 1494 3352 quiescere
1533 3303 1619 3341 me
1649 3296 1926 3356 oportere,

341 3381 398 3428 et
429 3373 750 3427 commissas
774 3373 910 3427 mihi
951 3375 1224 3430 Ecclesias
1256 3376 1580 3445 gubernare.
1615 3378 1727 3432 Hoc
1762 3378 1928 3449 igitur

341 3471 564 3518 ostenso
607 3462 741 3516 mihi
785 3464 1228 3526 commonitorio,
1257 3465 1538 3519 decretum
1571 3468 1721 3520 velut
1752 3468 1927 3522 bono-

343 3567 464 3604 rum
507 3551 711 3605 l‘ontem
760 3552 990 3621 arripui.
1039 3553 1282 3608 Primum
1326 3555 1471 3608 enim
1528 3557 1926 3626 optatissimam

343 3641 556 3712 1143
594 3643 835 3712 quietem
880 3643 1059 3712 recepi
1096 3662 1108 3695 :
1138 3644 1336 3699 deinde
1367 3646 1568 3700 multas
1600 3663 1762 3716 spero
1795 3665 1928 3718 pec-

339 3739 588 3787 catorum
619 3748 870 3785 meorum
897 3733 1075 3786 elutas
1104 3749 1222 3787 esse
1254 3736 1495 3790 maculas
1531 3748 1754 3807 propter
1791 3755 1926 3793 con-

337 3817 616 3871 cinnatam
658 3818 712 3870 in
750 3834 835 3872 me
866 3835 897 3873 a
927 3821 1176 3874 veritatis
1218 3822 1470 3878 hostibus
1498 3825 1922 3895 improbitatem.

336 3905 591 3962 Ostendit
631 3917 816 3962 autem
859 3924 969 3962 non
1020 3910 1254 3965 obscure
1295 3916 1540 3969 omnium
1586 3918 1921 3986 moderator,

335 4007 598 4066 quantam
629 4014 1018 4068 oppressorum
1054 4002 1220 4056 etiam
1254 4004 1308 4058 in
1341 4006 1443 4061 hac
1473 4007 1581 4062 vita
1607 4024 1793 4064 curam
1827 4028 1922 4081 ge-

335 4094 441 4162 rat.
481 4087 617 4141 Nam
653 4104 777 4143 cum
817 4090 990 4160 quieti
1031 4107 1339 4162 ageremus,
1377 4098 1678 4169 patriaque
1720 4101 1922 4158 ﬁnibus

334 4178 769 4251 circumscripti,
817 4193 982 4253 atque
1020 4184 1326 4242 Orientales
1359 4203 1552 4246 omnes
1601 4203 1916 4260 maererent,

332 4277 390 4323 et
430 4273 628 4326 acerbo
674 4274 726 4326 in
770 4274 922 4329 luctu
961 4288 1164 4342 essent,
1201 4279 1294 4334 sed
1345 4281 1508 4337 silere
1544 4283 1615 4338 ob
1659 4284 1919 4354 injectum

334 4371 537 4418 metum
569 4375 896 4435 cogerentur
920 4368 1061 4440 (qua:
1094 4373 1240 4426 enim
1272 4383 1422 4442 gesta
1458 4375 1510 4429 in
1548 4391 1647 4431 nos
1679 4377 1916 4444 fuerant,

273 4450 294 4461 ³
333 4461 599 4508 terrorem
642 4457 900 4510 omnibus
946 4467 1263 4530 metumque
1301 4462 1694 4536 incusserunt),
1730 4469 1916 4529 Domi-

330 4561 435 4598 nus
468 4545 582 4614 ipse
614 4546 681 4600 de
715 4549 856 4602 erelo
900 4552 1202 4620 prospexit,
1227 4562 1282 4608 et
1308 4557 1595 4610 calumnia:
1624 4570 1913 4615 auctorum

2046 2089 2326 2160 ἐδεόμεθα.
2377 2092 2438 2144 Oi
2481 2089 2616 2161 γὰρ.
2640 2090 2737 2162 τὴν
2771 2089 3120 2162 Μαρκίωνος,
3157 2087 3253 2142 καὶ
3287 2087 3629 2152 Βαλεντίνου,

2047 2184 2140 2234 καὶ
2171 2183 2446 2253 Μάνητος,
2479 2184 2576 2237 καί
2609 2183 2717 2240 τῶν
2765 2181 2942 2236 ἄλλων
2999 2179 3241 2235 Δοκιτῶν
3291 2181 3504 2253 αἵρεσιν
3539 2181 3632 2234 ἐπὶ

2045 2270 2138 2323 τοῦ
2178 2272 2448 2340 παρόντος
2485 2270 2899 2342 ἀνανεούμενοι,
2934 2270 3379 2342 δυσχεραίνοντες
3418 2269 3501 2322 ὅτι
3533 2269 3630 2340 την

2046 2364 2260 2433 αἵρεσιν
2310 2364 2492 2417 αὐτῶν
2531 2364 2792 2435 ἄντικρυς
2835 2361 3248 2434 στηλιτεύομεν.
3285 2361 3631 2432 ἐξαπατῆσαι

2041 2457 2140 2516 τὰς
2178 2454 2461 2525 βασιλικὰς
2498 2455 2876 2526 ἐπειράθησαν
2916 2456 3108 2520 ἀκοὰς,
3143 2455 3454 2526 αἰρετικοὺς
3481 2455 3631 2524 ἡμᾶς

2041 2549 2465 2615 ἀποκαλοῦντες,
2493 2549 2589 2603 καὶ
2622 2550 2701 2612 είς
2736 2547 2830 2600 δύο
2876 2547 3119 2618 μερίζειν
3171 2546 3322 2609 υἱοὺς
3357 2561 3628 2614 συκοφανο

2039 2639 2261 2703 τοῦντες
2296 2639 2386 2693 τὸν
2420 2638 2518 2693 ἕνα
2552 2639 2760 2710 Κύριον
2802 2637 2959 2708 ἡμῶν
3007 2635 3216 2706 Ἰησοῦν
3247 2635 3504 2707 Χριστὸν,
3535 2634 3628 2687 τὸν

2039 2733 2543 2803 ἑνανθρωπὴσαντα
2601 2730 2734 2784 Θεὸν
2792 2730 2986 2797 Λόγον.
3053 2727 3196 2781 Ἀλλ’
3244 2726 3344 2780 οὐκ
3400 2727 3626 2780 ἔπεισαν

2039 2823 2230 2893 ὥσπερ
2263 2823 2496 2893 ἤλπισαν
2524 2811 2892 2889 λέγοντες.οὗ
2926 2819 2990 2890 δὴ
3025 2818 3185 2890 χάριν
3219 2817 3627 2888 ύπομνηστικδν

2037 2915 2255 2985 ἐγράφη
2279 2913 2356 2985 τῷ
2387 2913 2961 2984 μεγαλοπρεπεστάτῳ
2991 2912 3083 2964 καὶ
3108 2909 3436 2978 ἐνδοξοτάτῳ
3461 2926 3627 2981 στρα-

2035 3008 2190 3077 τηγῷ
2226 3008 2319 3060 καὶ
2366 3007 2476 3076 (76)
2540 3006 2753 3075 ὑπάτῳ,
2802 3005 3071 3076 αἱρέσεως
3133 3002 3232 3072 μὲν
3286 3000 3625 3073 κατηγορίαν

2033 3098 2291 3166 οὐδεμίαν
2345 3096 2485 3167 ἔχον,
2517 3097 2682 3160 ἄλλας
2707 3096 2764 3148 δέ
2815 3112 2968 3159 τινας
3028 3094 3230 3159 αἰτίας,
3266 3092 3361 3146 καὶ
3417 3091 3624 3155 ταύτας

2031 3189 2268 3258 ψευδεῖς.
2302 3187 2564 3250 Συνόδους
2629 3187 2737 3256 γὰρ
2790 3186 2975 3255 ἔλεγόν
3014 3203 3082 3256 με
3138 3185 3339 3256 συχνὰς
3389 3185 3469 3247 εἰς
3521 3185 3622 3254 τὴν

2046 3279 2384 3350 Ἀντιόχειαν
2425 3277 2790 3350 συναγείρειν,
2841 3278 2934 3331 καὶ
2994 3277 3153 3330 τοῦτό
3203 3291 3359 3339 τινας
3407 3275 3620 3340 λυπεῖν,

2035 3373 2129 3424 καὶ
2161 3371 2249 3424 διὰ
2300 3368 2460 3423 τοῦτο
2507 3369 2704 3440 χρῆναί
2754 3385 2825 3439 με
2880 3367 3108 3440 ἡσυχίαν
3158 3367 3334 3436 ἄγειν,
3372 3366 3466 3419 καὶ
3523 3365 3623 3429 τὰς

2033 3461 2522 3532 ἐγκεχειρισμένας
2553 3461 2862 3530 οἰκονομεῖν
2904 3458 3257 3529 Ἐκκλησίας.
3292 3458 3496 3511 Τούτου
3531 3474 3622 3526 μοι

2030 3555 2209 3608 τοίνυν
2260 3553 2354 3607 τοῦ
2407 3553 2819 3623 ὑπομνηστικοῦ
2863 3551 3201 3623 δειχθέντος,
3249 3551 3479 3620 ἥρπασα
3520 3552 3621 3620 τὴν

2028 3645 2230 3715 ψῆφον,
2259 3644 2334 3707 ὡς
2373 3641 2642 3714 πρόξενον
2693 3642 2936 3712 ἀγαθῶν.
2968 3641 3192 3712 Πρῶτον
3248 3641 3346 3711 μὲν
3383 3641 3492 3711 γὰρ
3522 3637 3620 3711 τὴν

2027 3736 2354 3806 τριπόθητον
2381 3734 2656 3788 ἀπέλαϐον
2694 3733 2947 3805 ἡσυχίαν.
2987 3727 3119 3786 Είτα
3151 3733 3208 3786 δὲ
3237 3731 3434 3796 πολλὰς
3465 3733 3618 3786 ἐλπί-

2028 3827 2107 3891 ζω
2159 3827 2270 3880 τῶν
2323 3827 2416 3879 ὑπ’
2479 3825 2612 3897 ἐμοῦ
2678 3823 3188 3896 πλημμεληθέντων
3229 3823 3616 3894 ἐξαλειφθῆναι

2027 3919 2252 3989 κηλῖδας
2285 3918 2373 3971 διὰ
2402 3918 2502 3990 τὴν
2528 3917 2886 3988 τυρευθεῖσαν
2914 3915 3036 3970 καθ’
3075 3917 3231 3985 ἡμῶν
3264 3915 3479 3970 ἀδικίαν
3509 3915 3616 3968 ὑπὸ

2023 4009 2133 4063 τῶν
2164 4010 2263 4081 τῆς
2297 4010 2556 4079 ἀληθείας
2581 4009 2810 4080 ἐχθρῶν.
2841 4007 3053 4073 Ἐδειξε
3085 4008 3141 4061 δὲ
3169 4010 3264 4061 καὶ
3297 4009 3416 4062 λίαν
3451 4012 3614 4080 ἐναρ-

2024 4103 2138 4172 γῶς
2170 4102 2271 4155 κάν
2291 4101 2370 4172 τῷ
2395 4101 2625 4173 παρόντι
2666 4099 2766 4171 βίῳ
2795 4099 2902 4153 τῶν
2929 4099 3068 4153 ὅλων
3091 4102 3118 4153 ό
3155 4099 3447 4171 Πρύτανις,
3481 4101 3614 4170 ὅσην

2023 4195 2133 4249 τῶν
2163 4194 2537 4264 ἀδικουμένων
2583 4194 2824 4246 ποιεῖται
2877 4189 3228 4261 κηδεμονίαν.
3277 4189 3464 4259 Ἦμῶν
3503 4189 3612 4261 γὰρ

2021 4287 2255 4359 ἡσυχίαν
2284 4286 2548 4354 ἀγόντων,
2581 4285 2676 4338 καὶ
2723 4284 2856 4336 είσω
2903 4282 3012 4334 τῶν
3053 4282 3152 4351 τῆς
3178 4280 3441 4352 πατρίδος
3470 4281 3614 4352 ὅρων

2022 4381 2394 4452 εἰργομένων,
2437 4379 2531 4432 καί
2574 4377 2681 4432 τῶν
2722 4375 2863 4430 κατά
2922 4374 3024 4445 τὴν
3069 4373 3362 4444 Ἀνατολὴν
3391 4372 3612 4427 πάντων

2019 4472 2338 4540 ἀνιωμὲνων
2387 4471 2508 4542 μὲν,
2553 4473 2647 4524 καὶ
2678 4469 2892 4540 πικρῶς
2935 4467 3315 4538 ὀδυρομένων,
3353 4467 3514 4536 σιγᾷν
3553 4465 3612 4517 δὲ

2019 4561 2108 4616 διὰ
2135 4563 2196 4615 τὸ
2235 4561 2547 4634 προσπεσὸν
2596 4559 2714 4623 δέος
2743 4558 3178 4630 ἠναγκασμένων
3219 4556 3308 4627 (τά
3346 4556 3455 4626 γὰρ
3485 4554 3611 4608 καθ’

328 4635 658 4690 calumniam
706 4639 1002 4709 redarguit,
1031 4650 1195 4713 atque
1234 4645 1457 4715 impiam
1501 4649 1719 4704 illorum
1762 4669 1914 4709 men-

2032 4654 2177 4725 ἡμῶν
2226 4654 2590 4724 γεγενημένα,
2649 4652 2708 4704 τὸ
2761 4651 2858 4720 τῆς
2911 4649 3111 4713 δειλίας
3163 4651 3330 4702 πᾶσιν
3383 4648 3608 4718 ἐνέθηκε

331 4737 440 4782 tem
478 4729 754 4798 patefecit.
795 4732 887 4785 Isti
919 4740 974 4785 et
1000 4735 1386 4792 Alexandriam
1414 4750 1606 4795 contra
1648 4759 1749 4800 nos
1777 4761 1912 4801 con-

328 4819 589 4882 citarunt,
614 4822 857 4874 omnium
889 4824 1117 4880 auribus
1143 4841 1238 4894 per
1259 4827 1454 4899 dignos
1477 4830 1610 4900 ipsis
1634 4835 1914 4893 ministros

329 4909 660 4980 ingerentes.
694 4927 794 4966 nos
819 4929 921 4982 pro
954 4931 1064 4970 uno
1094 4916 1232 4971 duos
1271 4919 1412 4974 ﬁlios
1447 4923 1766 4990 praedicare.
1800 4928 1911 4999 Ego

328 5015 456 5054 vero
478 4999 545 5053 ab
578 5003 910 5058 exsecranda
938 5005 1039 5060 hac
1063 5009 1334 5063 sententia
1365 5019 1574 5065 tantum
1605 5013 1821 5083 absum,
1852 5027 1910 5072 ut

323 5107 446 5145 eum
483 5091 700 5160 aliquos
727 5109 757 5146 e
792 5095 996 5150 sanctis
1019 5098 1035 5115 ‘
1064 5098 1340 5165 Patribus,
1368 5102 1460 5170 qui
1494 5105 1635 5172 apud
1668 5105 1901 5163 Nicaeam

322 5190 715 5247 convenerant,
757 5185 1024 5241 adversus
1055 5187 1172 5243 Arii
1206 5191 1482 5247 vesaniam
1519 5194 1573 5248 in
1603 5196 1762 5253 libris
1790 5200 1907 5256 suis

322 5270 686 5340 disputantes,
721 5274 792 5329 ob
835 5286 1148 5347 susceptum
1205 5290 1393 5336 contra
1444 5283 1566 5339 illos
1622 5297 1904 5346 certamen

321 5369 558 5425 coaetos,
585 5362 754 5417 nimia
799 5379 928 5418 usos
967 5366 1238 5422 divisione
1275 5371 1726 5442 animadvertam,
1763 5394 1905 5449 aegre

320 5451 513 5518 feram,
541 5462 596 5508 et
623 5454 949 5510 divisionem
979 5458 1248 5528 ejusmodi
1282 5477 1391 5516 non
1421 5463 1708 5520 admittam
1735 5485 1748 5520 :
1774 5471 1904 5525 novi

391 5605 434 5635 ⁸⁸
459 5605 581 5660 Act.
614 5624 739 5672 xxv,
774 5609 863 5664 16.

527 5759 589 5830 l_n
621 5763 794 5819 Vatic.
830 5763 971 5820 torte
997 5764 1163 5821 fuerit
1189 5767 1362 5830 οὐδεὶς
1389 5770 1752 5830 Χριστιανῶν.

397 5825 504 5891 (75)
532 5827 716 5906 {Exstat
742 5835 907 5906 etiam
939 5837 1056 5891 haec
1098 5825 1421 5906 epistola-in
1443 5825 1690 5897 'Baronii
1714 5825 1901 5901 Ᾰηηα-

327 5888 459 5944 libus
489 5888 552 5947 ad
577 5911 703 5951 ann.
739 5902 864 5970 ιιε,
893 5888 1900 5979 ιοίίίξνιζᾗςἰ’ἐςξιζᾰὶῖιὶὲ’ἶὲᾱὰἰὶξῗε

2018 4745 2181 4816 δέος),
2219 4745 2380 4807 αὐτὸς
2412 4747 2440 4796 ὁ
2488 4742 2694 4814 Κύριος
2730 4743 2793 4794 ἐκ
2820 4739 2914 4793 τοῦ
2963 4740 3195 4812 ούρανοῦ
3239 4739 3480 4809 διέκυψε,
3513 4739 3610 4792 καὶ

2017 4833 2124 4887 τῶν
2155 4836 2252 4903 την
2293 4830 2662 4901 συκοφαντίαν
2720 4830 3042 4899 ύφηνάντων
3083 4829 3180 4899 τὴν
3234 4828 3607 4898 συκοφαντίαν

2014 4923 2284 4993 δεήλεγξε,
2318 4923 2412 4975 καὶ
2443 4921 2501 4974 τὸ
2524 4919 2781 4983 δυσσεϐὲς
2805 4921 2983 4973 αὐτῶν
3008 4921 3292 4991 ἐγύμνωσε
3321 4921 3602 4990 φρόνημα.

2015 5010 2178 5070 Οὗτοι
2213 5014 2308 5067 καί
2358 5013 2456 5084 τὴν
2503 5012 2913 5083 Ἀλεξάνδρειαν
2939 5010 3248 5077 ἐξώπλισαν
3277 5011 3399 5063 καθ’
3423 5010 3603 5079 ἡμῶν,

2013 5109 2106 5163 καὶ
2136 5107 2236 5170 τὰς
2274 5107 2492 5160 πάντων
2525 5104 2694 5166 ἀκοὰς
2737 5102 3132 5174 περιϐομϐοῦσι
3164 5101 3252 5156 διὰ
3289 5102 3399 5154 τῶν
3437 5101 3605 5165 ἀξίων

2013 5197 2194 5252 αὐτῶν
2227 5196 2541 5265 ὑπουργῶν,
2566 5194 2640 5258 ὡς
2675 5195 2834 5264 ἡμεῖς
2861 5194 2976 5248 ἀνθ’
3002 5193 3119 5257 ἐνὸς
3138 5192 3234 5247 δύο
3259 5193 3604 5264 κηρύττομεν

2013 5287 2184 5349 υἱούς.
2222 5284 2362 5353 Ἐγὼ
2391 5285 2447 5338 δὲ
2475 5283 2730 5345 τοσοῦτον
2766 5282 2958 5353 ἀπέχω
2989 5282 3086 5336 τοῦ
3127 5282 3377 5353 μυσαροῦ
3408 5281 3600 5335 τούτου

2015 5378 2383 5448 φρονήματος,
2426 5377 2508 5428 ὅτι
2539 5375 2628 5428 καί
2659 5392 2808 5436 τινας
2856 5373 2964 5427 τῶν
3001 5373 3172 5442 ἁγίων
3207 5375 3462 5446 Πατέρων
3489 5372 3600 5425 τῶν

2011 5472 2069 5524 ἐν
2099 5471 2304 5542 Νικαίᾳ⁴
2333 5470 2774 5541 συνεληλυθότων
2805 5467 3056 5540 εὑρηκὼς
3087 5467 3222 5539 πρὸς
3250 5468 3349 5540 τὴν
3384 5464 3600 5539 Ἀρείου

2009 5782 2198 5836 codice
2226 5783 2508 5837 Vaticano.

2081 5854 2192 5932 (76)
2228 5855 2320 5906 καί
2359 5854 2511 5906 addit
2549 5852 2710 5920 Neap,
