4056 6430
386 447 514 516 ΙΞῧΊ

1363 457 1849 516 TIIEODORETI
1889 457 2224 519 EPISCOPI
2265 455 2632 516 CYRENSIS

3499 451 3636 516 1:268

380 562 698 616 conclusum
724 563 1102 631 vinctumque,
1130 572 1186 617 et
1220 565 1382 634 longo
1417 574 1663 635 tempore
1693 566 1745 620 in
1777 576 1953 620 custo-

2063 568 2154 619 καὶ
2187 567 2260 628 ὡς
2310 569 2487 634 γάμον
2527 564 2804 634 ἀλλότριον
2855 563 3202 634 διορύξαντα,
3241 563 3639 634 καθειρχθέντα

375 651 464 705 dia
511 649 832 714 detentum,
880 653 1208 708 narrationis
1243 655 1406 724 huius
1456 655 1702 708 remedio
1748 656 1962 724 mitigat

375 742 621 795 dolorem
655 761 665 794 :
691 743 996 812 eodemque
1018 744 1180 798 modo
1205 745 1553 800 mitissimum
1585 747 1751 802 David
1788 748 1962 800 anim-

373 833 700 896 advertens,
745 833 839 902 qui
889 850 919 887 a
952 833 1114 889 Saule
1166 844 1426 906 tanquam
1475 847 1737 908 tyrannus
1785 839 1963 891 fuerat

373 924 606 990 ejectus,
663 923 946 979 inimicum
1005 927 1218 995 cepisse
1271 937 1327 983 et
1381 929 1612 984 illmsum
1652 929 1958 995 dimisisse;

373 1011 499 1066 inde
556 1030 746 1069 rursus
797 1017 1034 1070 tristitia:
1084 1017 1274 1072 utilem
1329 1019 1557 1074 adhibet
1605 1021 1958 1074 medicinam.

372 1104 509 1159 Cum
538 1121 669 1159 vero
707 1107 886 1176 ipsum
911 1107 1078 1163 etiam
1109 1107 1388 1164 Christum
1418 1111 1708 1166 Dominum
1738 1111 1958 1174 viderit,

374 1194 638 1251 factorem
677 1199 1028 1263 sinculorum,
1072 1200 1317 1254 omnium
1366 1201 1728 1264 conditorem,
1767 1218 1959 1256 verum

374 1287 565 1352 Deum,
600 1289 715 1342 veri
760 1290 855 1344 Dei
897 1290 1119 1355 Filium,
1163 1292 1363 1347 iterum
1407 1309 1435 1346 a
1471 1294 1716 1348 scelestis
1757 1295 1962 1349 Iudicis

371 1376 596 1432 edacem
637 1388 693 1432 et
736 1379 1079 1434 vinolentum
1123 1382 1489 1452 appellatum;
1535 1400 1643 1437 non
1672 1384 1783 1453 jam
1825 1400 1960 1438 con-

372 1468 695 1523 solationem
758 1472 1168 1537 tantummodo,
1223 1473 1319 1526 sed
1374 1474 1618 1528 laetitiam
1668 1475 1956 1529 maximam

371 1559 538 1628 capit,
565 1567 624 1614 ut
657 1560 751 1631 qui
785 1563 1173 1618 communione
1201 1563 1484 1620 Dominica
1507 1565 1708 1634 dignus
1737 1565 1958 1620 habitus

371 1651 464 1705 sit.

2063 675 2124 710 τε
2163 658 2258 710 καὶ
2299 657 2619 726 πεδηθέντα,
2651 657 2744 708 καὶ
2775 655 3024 708 πλεῖστον
3058 657 3183 708 ὅσον
3215 655 3273 706 ἐν
3305 657 3494 726 εἱρκτῇ
3521 673 3639 725 σχοο

2039 749 2302 802 ,λάσαντα
2327 749 2440 817 (79)
2483 747 2700 818 χρόνον,
2729 747 2807 816 τῷ
2840 746 2934 799 τοῦ
2977 745 3318 815 διηγήματος
3359 746 3638 816 φαρμάκῳ

2065 839 2324 910 βαστάζει
2352 839 2462 909 (80)
2497 837 2593 902 τὴν
2624 839 2920 907 ἀλγηδόνα·
2951 839 3080 891 ὅταν
3109 837 3166 890 δὲ
3202 837 3364 891 πάλιν
3394 839 3506 908 (8l‘)
3550 839 3640 890 εύ-

2065 931 2228 1003 ρίσκῃ
2267 930 2356 984 τὸν
2405 929 2710 1002 πραότατον
2761 928 2925 982 Δαὸὶδ
2972 927 3047 992 ὡς
3097 929 3360 997 τύραννον
3393 928 3498 981 ὑπὸ
3543 926 3640 983 τοῦ-

2063 1022 2235 1076 Σαοὺλ
2270 1021 2645 1089 ἐλαυνόμενον,
2681 1019 2769 1072 τὸν
2795 1019 2853 1072 δὲ
2879 1018 2969 1070 τον
3001 1017 3113 1088 (8‘2)
3144 1017 3406 1088 πολέμιον
3439 1017 3638 1087 θηρεύ-

2064 1129 2252 1177 σαντα,
2297 1112 2389 1164 καὶ
2441 1109 2722 1180 ἀλὼϐητον
2767 1109 3141 1175 ἀπολύσαντα,
3191 1107 3641 1178 ἀλεξιφάρμακον

2062 1203 2224 1257 πάλιν
2255 1201 2503 1256 ἐντεῦθεν
2530 1202 2630 1270 τῆς
2661 1201 2900 1270 ἀθυμίας
2935 1200 3225 1270 λαμϐάνει.
3257 1201 3426 1253 Ὅταν
3457 1199 3512 1253 δέ
3544 1200 3638 1252 καὶ

2061 1294 2224 1347 αὑτὸν
2274 1293 2356 1364 ἴδῃ
2401 1293 2493 1346 τὸν
2551 1293 2832 1360 Δεσπότην
2867 1291 3103 1362 Χριστὸν
3132 1291 3224 1345 τὸν
3269 1291 3506 1362 Ποιητὴν
3531 1291 3638 1343 τῶν

2061 1381 2296 1445 αἰώνων,
2330 1381 2422 1435 τὸν
2447 1383 2554 1437 τῶν
2586 1381 2840 1434 ἁπάντων
2872 1379 3235 1450 Δημιουργὺν,
3267 1377 3357 1430 τὸν
3387 1378 3639 1446 ἀληθινὸν

2059 1477 2214 1539 Θεὸν,
2248 1475 2342 1528 κα).
2386 1473 2480 1527 τοῦ
2514 1471 2770 1544 ἀληθινοῦ
2828 1466 2961 1524 Θεοῦ
3009 1471 3158 1534 Υίον,
3200 1471 3361 1524 πάλιν
3391 1471 3502 1539 (85)
3533 1471 3638 1523 ύπδ

2059 1566 2164 1619 τῶν
2205 1564 2501 1635 ἀλιτηρίων
2538 1563 2804 1617 Ἰουδαίων
2855 1564 3028 1632 φάγον
3073 1563 3165 1615 καὶ
3194 1561 3481 1630 οἰνοπότην
3517 1561 3634 1614 ὀνο-

2062 1655 2392 1726 μαζόμενον,
2445 1654 2546 1710 οὐκ
2596 1653 2676 1707 ἔτι
2729 1654 2890 1724 μόνον
2937 1653 3317 1724 ψυχαγωγίαν,
3363 1651 3498 1705 ἀλλά
3543 1653 3636 1707 καὶ

2059 1746 2324 1817 εὐθυμίαν
2361 1744 2669 1816 καρποῦται
2702 1743 2998 1814 μεγίστηνο
3042 1744 3136 1797 ἅτε
3163 1742 3226 1813 δὴ
3259 1741 3370 1812 (84)
3399 1743 3500 1812 τῆς
3537 1745 3635 1795 Δε-

2059 1839 2323 1910 σποτικῆς
2346 1836 2666 1907 ἀξιούμενος
2688 1836 2995 1899 κοινωνίας.

445 1935 658 2006 1146
703 1937 828 1991 llaec
873 1945 1055 1991 autent
1101 1953 1249 1991 nunc
1293 1945 1353 1990 ut
1394 1936 1692 1990 scriberem
1733 1941 1953 1987 coactus

2129 1930 2316 1983 Ταῦτα
2345 1930 2401 1983 δὲ
2442 1929 2652 2000 γράψαι
2677 1927 2772 1982 νῦν
2805 1927 3180 1998 ⁴Ιιναγκάσθην,
3230 1927 3469 1996 ἐντυχὼν
3525 1927 3637 1988 τοῖς

369 2037 514 2087 sum,
549 2039 672 2078 cum
708 2025 1017 2078 sanctitatis
1063 2032 1168 2079 tuae
1209 2024 1426 2080 litteras
1468 2024 1720 2094 legissem
1756 2021 1821 2076 ad
1860 2021 1958 2075 do-

372 2114 582 2169 minum
621 2130 804 2169 meum
842 2116 939 2170 Dei
974 2116 1411 2170 amantissimum
1441 2114 1956 2182 sanctissimumque

370 2207 844 2276 archiepiscopum
879 2209 1150 2261 Domnum
1175 2209 1428 2278 scriptas.
1454 2209 1512 2262 in
1545 2206 1654 2261 illis
1674 2206 1822 2260 enim
1854 2205 1957 2258 hoc

372 2295 517 2352 inter
562 2308 760 2353 caetera
793 2299 1202 2362 continebatur,
1246 2297 1512 2367 quosdam
1559 2297 1626 2350 ad
1663 2296 1956 2350 maximam

372 2389 586 2452 urbem,
613 2405 734 2459 qure
763 2405 793 2443 a
823 2389 1112 2444 sanctitate
1137 2398 1230 2444 tua
1254 2390 1482 2460 regitur,
1507 2405 1631 2444 eum
1653 2389 1956 2452 venissent,

371 2494 658 2536 accusasse
705 2497 839 2544 nos,
889 2480 1044 2550 quasi
1091 2481 1147 2534 in
1191 2481 1332 2536 duos
1395 2481 1536 2536 filios
1585 2480 1958 2535 divideremus

372 2587 543 2626 unum
571 2573 864 2628 Dominum
897 2582 1146 2627 nostrum
1185 2573 1372 2628 Jesum
1422 2572 1701 2628 Christum
1737 2591 1748 2626 :
1789 2572 1955 2643 idque

370 2677 496 2718 eum
545 2663 691 2734 apud
737 2663 1086 2720 Antiochiam
1144 2664 1579 2730 dissereremus,
1628 2665 1720 2718 ubi
1772 2665 1956 2719 multa:

370 2755 644 2826 myriades
692 2755 1004 2810 auditorum
1057 2755 1123 2810 ad
1182 2755 1503 2811 concionem
1555 2764 1955 2811 convenerunt.

371 2843 440 2897 At
465 2859 596 2914 ergo
620 2845 744 2900 illos
772 2846 995 2915 quidem
1031 2845 1336 2915 deploravi,
1365 2848 1460 2915 qui
1487 2847 1832 2901 manifestam
1862 2863 1954 2901 ca-

369 2932 632 2990 lumniam
675 2943 858 2989 texere
896 2935 1016 2991 ausi
1059 2945 1206 2990 sunt.
1248 2937 1408 2991 Dolui
1445 2953 1595 3002 vero,
1631 2947 1687 2991 et
1712 2937 1953 3007 ignosce,

369 3024 613 3090 domine,
639 3024 768 3095 quia
798 3041 988 3081 vocem
1023 3026 1281 3096 exprimit
1314 3027 1492 3090 dolor,
1522 3027 1666 3097 quod
1696 3027 1829 3080 mihi
1860 3043 1957 3081 au-

371 3130 488 3169 rem
535 3117 764 3173 alteram
819 3125 909 3170 tua
939 3117 1123 3171 divina
1154 3118 1481 3172 excellentia
1534 3119 1799 3187 integram
1845 3135 1954 3172 non

371 3209 766 3275 reservaverit;
807 3209 901 3263 sed
942 3209 1029 3273 iis,
1062 3224 1184 3278 qua:
1217 3209 1351 3264 falso
1381 3209 1448 3263 ab
1488 3209 1597 3264 illis
1631 3209 1775 3264 dicta
1805 3218 1951 3274 sunt,

370 3297 534 3352 ﬁdem
583 3299 773 3352 habuit
811 3317 823 3351 :
859 3307 915 3353 et
960 3299 1037 3353 illi
1079 3299 1300 3368 quidem
1350 3308 1460 3354 tres
1507 3309 1654 3364 sunt,
1689 3300 1771 3354 vel
1817 3317 1947 3370 qua-

373 3401 516 3455 tuor,
549 3392 633 3446 vel
675 3392 1012 3462 quindecim.
1060 3393 1173 3462 Ego
1211 3409 1342 3447 vero
1394 3393 1592 3447 multas
1636 3393 1950 3447 auditorum

372 3481 645 3551 myriades
686 3489 850 3537 rectae
894 3482 1158 3540 doctrinae
1205 3492 1371 3538 testes
1418 3483 1614 3538 habeo.
1655 3483 1760 3538 Sex
1803 3483 1950 3538 enim

370 3572 648 3626 continuis
686 3575 845 3628 annis
871 3573 1032 3627 docui
1067 3573 1169 3627 sub
1201 3573 1372 3628 beata:
1398 3584 1708 3644 sanctaeque
1741 3590 1952 3628 memo-

371 3661 468 3716 rias
505 3662 788 3718 Theodoto
829 3664 1282 3720 Antiochensium
1320 3665 1601 3735 episcopo,
1633 3665 1758 3719 vitae
1795 3666 1955 3720 clari-

372 3757 482 3805 tate
509 3760 564 3806 et
593 3751 908 3807 divinorum
943 3754 1258 3822 dogmatum
1292 3755 1521 3809 scientia
1556 3755 1902 3809 nobilissimo
1937 3773 1950 3807 :

371 3840 638 3898 tredecim
673 3857 863 3896 rursus
886 3842 1009 3898 aliis
1037 3843 1139 3898 sub
1163 3854 1363 3899 sancta:
1389 3852 1444 3899 et
1476 3845 1646 3899 beata:
1674 3848 1953 3900 memoriae

368 3930 576 3987 Joanne
621 3934 898 4004 episeopo,
937 3935 1031 4004 qui
1079 3935 1480 3990 disserentibus
1523 3936 1682 3991 nobis
1716 3938 1953 4000 sicam-

368 4023 637 4089 ciebatur,
671 4032 730 4077 ut
763 4027 953 4082 ambas
987 4042 1182 4082 manus
1216 4036 1482 4090 moveret,
1515 4036 1572 4083 et
1598 4029 1666 4082 de
1695 4030 1823 4084 sede
1854 4047 1951 4085 sua

368 4127 754 4186 consurgeret;
788 4134 950 4186 quem
975 4119 1198 4187 quidem
1237 4119 1438 4174 divinis
1468 4119 1692 4176 Litteris
1720 4138 1749 4174 a
1779 4137 1953 4190 puero

370 4203 664 4270 imbutum,
701 4217 947 4262 exactam
977 4209 1288 4263 divinorum
1319 4209 1633 4280 dogmatum
1663 4212 1949 4266 scientiam

368 4297 628 4368 adeptum
665 4314 807 4365 esse,
842 4301 1106 4365 sanctitas
1133 4309 1224 4354 tua
1254 4300 1307 4354 in
1345 4301 1547 4356 litteris
1579 4302 1694 4358 suis
1738 4303 1950 4374 1147

367 4399 565 4447 testata
607 4402 710 4448 est.
756 4392 838 4447 Ad
885 4393 1002 4447 haec
1047 4393 1316 4464 septimus
1364 4395 1456 4449 hic
1499 4410 1676 4449 annus
1715 4403 1800 4450 est
1840 4396 1952 4450 Deo

366 4482 676 4538 cbarissimi
701 4483 1102 4554 archiepisc0pi
1135 4484 1343 4539 domini
1371 4486 1588 4540 Domni.
1623 4485 1735 4540 Nec
1764 4486 1818 4540 in
1851 4488 1951 4542 ho-

2060 2022 2210 2092 παρὰ
2233 2023 2330 2092 τῆς
2351 2021 2449 2092 σῆς
2469 2020 2744 2090 ὁσιότητος
2761 2018 2874 2090 (85)
2896 2023 3154 2090 γραφεῖσι
3174 2018 3253 2089 τῷ
3271 2018 3382 2089 (86)
3402 2017 3638 2089 δεσπότῃ

2062 2133 2162 2186 μου
2208 2114 2288 2186 τῷ
2331 2114 2736 2184 θεοφιλεστάτῳ
2769 2113 2864 2166 καὶ
2899 2113 3189 2184 ἁγιωτάτῳ
3220 2111 3638 2182 ἀρχιεπισκόπῳ

2058 2207 2269 2276 Δόμνῳ.
2318 2204 2646 2274 Προσέκειτο
2677 2204 2785 2274 γάρ
2827 2203 3014 2266 αὐτοῖς
3067 2203 3163 2255 καὶ
3201 2201 3338 2264 τόδε,
3383 2199 3460 2264 ὥς
3492 2216 3636 2260 τινες

2056 2296 2154 2367 τὴν
2187 2289 2451 2366 μεγίστην
2483 2294 2658 2356 πόλιν,
2688 2293 2784 2363 τὴν
2808 2293 2913 2346 ὑπὸ
2948 2294 3044 2362 τῆς
3079 2293 3177 2360 σῆς
3207 2292 3490 2361 ἁγιότητος
3521 2289 3633 2358 (87)

2060 2385 2401 2455 ἱθυνομένην,
2429 2383 2837 2453 κατειληφότες,
2871 2382 3116 2452 ἔγραψαν
3143 2381 3252 2454 (88)
3279 2382 3426 2451 ἡμᾶς
3453 2380 3528 2443 ὼς
3555 2379 3640 2438 εἰς

2057 2474 2151 2528 δύο
2181 2475 2334 2539 υἱοὺς
2365 2474 2686 2545 μερίζοντας
2730 2473 2822 2526 τὸν
2852 2474 2949 2526 ἕνα
2986 2472 3192 2544 Κύριον
3229 2473 3387 2544 ἡμῶν
3426 2470 3638 2536 Ἰησοῦν

2058 2566 2316 2638 Χριστὸν,
2365 2567 2461 2619 καὶ
2501 2565 2676 2619 ταῦτα
2723 2567 2779 2619 ἐν
2843 2565 3146 2636 Ἀντιοχείᾳ
3195 2563 3634 2634 διαλεγομένους,

2057 2659 2184 2711 ἔνθα
2220 2657 2411 2711 πολλαὶ
2458 2656 2718 2728 μυριάδες
2751 2657 2860 2709 τῶν
2903 2655 3188 2728 ἀκροατῶν
3227 2655 3498 2727 πληροῦσι
3545 2653 3638 2708 τὸν

2059 2751 2338 2818 σύλλογον.
2380 2751 2487 2803 Καὶ
2518 2749 2761 2812 ἐκείνους
2808 2750 2910 2819 μὲν
2941 2749 3220 2819 ἐθρήνησα
3247 2749 3322 2813 ὡς
3360 2747 3470 2820 (89)
3508 2765 3636 2819 προ-

2059 2840 2203 2909 φανῆ
2241 2838 2606 2908 συκοφαντίαν
2665 2840 2867 2909 ὑφεῖναι
2918 2838 3342 2909 τετολμηκότας.
3383 2839 3636 2907 Ἥλγησα

2056 2933 2134 2995 δὲ,
2171 2932 2264 2985 καί
2295 2949 2385 3002 μοι
2415 2931 2711 3000 σύγγνωθι,
2743 2932 3005 2994 δέσποτα,
3040 2932 3144 2985 ὑπὸ
3176 2932 3286 3001 (90)
3327 2931 3520 3001 ὀδύνης
3547 2932 3637 2984 λέ-

2058 3041 2173 3093 γειν
2204 3023 2530 3095 βιαζομένῳ,
2561 3025 2642 3077 ὅτι
2681 3041 2778 3093 μοι
2817 3023 3053 3095 θατέραν
3080 3024 3186 3078 τῶν
3218 3025 3396 3078 ἀκοῶν
3422 3027 3454 3095 ὴ
3495 3023 3640 3077 κατὰ

2056 3116 2191 3168 Θεόν
2224 3131 2317 3168 σου
2369 3114 2645 3183 τελειότης
2695 3115 2796 3168 οὐκ
2847 3113 3109 3182 ἐφύλαξεν
3154 3115 3448 3186 ἀκεραίαν,
3502 3113 3660 3170 ἀλλὰ.

2058 3209 2170 3269 τοῖς
2216 3206 2430 3276 ψευδῶς
2484 3206 2614 3276 παρ’
2646 3207 2871 3259 ἐκείνων
2923 3206 3239 3277 εἰρημένοις
3283 3207 3636 3259 ἐπίστευσενο

2059 3299 2302 3351 κάκεῖνοι
2336 3297 2449 3366 (91)
2495 3297 2596 3366 μὲν
2627 3299 2776 3368 τρεῖς
2829 3298 2967 3349 εἰσιν
3002 3297 3034 3368 ἤ
3084 3297 3370 3367 τέσσαρες,
3409 3296 3442 3366 ἢ
3474 3295 3637 3347 πέντε

2057 3389 2153 3442 καὶ
2203 3388 2356 3442 δέκα.
2393 3387 2547 3456 ⁸Ἐγὼ
2592 3389 2650 3441 δὲ
2714 3387 2913 3451 πολλὰς
2966 3388 3073 3458 ἔχω
3129 3388 3396 3460 μυριάδας
3435 3388 3640 3457 ἀκροα-

2054 3478 2162 3531 τῶν
2189 3478 2302 3549 (92)
2333 3483 2399 3550 τῇ
2431 3482 2528 3550 τῆς
2557 3480 2910 3545 διδασκαλίας
2941 3480 3196 3550 ὀρθότητι
3231 3478 3634 3550 μαρτυρούσας.

2061 3571 2158 3636 Ἓξ
2192 3572 2290 3642 μὲν
2322 3572 2430 3642 γὰρ
2461 3571 2555 3642 ἐτη
2599 3573 2877 3626 διετέλεσα
2929 3573 3196 3626 διδάσκων
3258 3571 3351 3625 ἐττ)⁸
3397 3571 3489 3624 τοῦ
3539 3571 3640 3640 τῆς

2059 3663 2340 3734 μακαρίας
2371 3663 2464 3715 καὶ
2493 3663 2646 3727 ὁσίας
2686 3666 2910 3735 μνήμης
2951 3665 3209 3718 Θεοδότου
3235 3665 3334 3734 τῆς
3365 3663 3482 3732 (93)
3527 3663 3639 3714 Ἀν-

2055 3751 2280 3821 τιοχέων
2312 3752 2634 3819 ἐπισκόπου,
2668 3753 2727 3817 ὃς
2764 3756 2859 3807 καὶ
2893 3755 2994 3826 βίῳ
3018 3755 3258 3826 λαμπρῷ
3291 3756 3386 3808 καὶ
3428 3757 3493 3825 τῇ
3526 3753 3638 3806 τῶν

2056 3844 2215 3896 θείων
2247 3843 2534 3912 δογμάτων
2589 3847 2934 3917 ἐκεκόσμητο
2967 3847 3196 3916 γνώσει·
3226 3847 3346 3917 τρὶς
3380 3847 3472 3900 καὶ
3501 3845 3637 3899 δέκα

2055 3936 2218 3989 πάλιν
2261 3935 2373 4005 (94)
2402 3936 2566 4006 ἕτερα
2601 3938 2694 3990 ἐπὶ
2737 3937 2831 3990 τοῦ
2891 3939 2990 4009 τῆς
3039 3940 3194 4002 ὁσίας
3224 3941 3320 3992 κα)⁸
3356 3938 3637 4009 μακαρίας

2059 4031 2280 4100 μνήμης
2309 4028 2421 4098 (95)
2473 4029 2723 4083 Ἰωάννου
2765 4029 2858 4083 τοῦ
2910 4031 3232 4097 ἐπισκόπου,
3282 4032 3339 4094 ὃς
3384 4029 3637 4083 τοσοῦτον

2055 4120 2318 4189 ἐγάννυτο
2355 4119 2758 4189 διαλεγομένων
2808 4121 2990 4191 ἡμῶν,
3026 4121 3101 4184 ὼς
3146 4123 3314 4192 ἄμφω
3356 4121 3433 4174 τὼ
3485 4124 3635 4190 χεῖρε

2054 4213 2249 4272 κινεῖν,
2287 4211 2379 4264 καὶ
2423 4210 2795 4265 διανίστασθαι
2833 4212 3096 4277 πολλάκις
3116 4231 3128 4244 ·
3159 4215 3240 4268 ὅτι
3270 4213 3349 4278 δὲ,
3379 4212 3636 4266 παιδὸθεν

2053 4305 2164 4366 τοῖς
2199 4301 2362 4364 θείοις
2413 4302 2596 4370 λόγοις
2628 4302 2743 4373 (96)
2783 4303 3248 4376 ἐντεθραμμένος,
3279 4305 3483 4376 ἀκριϐῆ
3513 4304 3634 4358 λίαν

2052 4388 2164 4462 εἶχε
2191 4392 2299 4446 τῶν
2325 4393 2485 4446 θείων
2522 4393 2815 4466 δογμάτων
2855 4395 2952 4465 τὴν
2983 4396 3210 4466 εἴδησιν,
3247 4396 3636 4467 ἐμαρτύρησεν

2057 4487 2115 4539 ἐν
2139 4488 2250 4549 τοῖς
2281 4487 2658 4558 γράμμασινὴ
2686 4487 2752 4558 σὴ
2779 4489 2996 4558 ὁσιότης
3013 4488 3147 4558 (97).
3177 4487 3320 4560 Πρὸς
3344 4488 3399 4541 δὲ
3425 4487 3636 4550 τούτοις

365 4572 621 4629 diernum
645 4590 818 4643 usque
842 4575 1009 4637 diem,
1025 4583 1176 4628 tanto
1202 4576 1463 4644 temporis
1487 4577 1948 4641 intervallo,ullus

2057 4577 2284 4648 ἕϐδομόν
2314 4578 2463 4630 ἐστιν
2491 4578 2610 4642 ἔτος
2633 4579 2728 4632 τοῦ
2753 4579 3168 4649 θεοφιλεστάτου
3199 4581 3632 4651 ἀρχιεπισκόπου

365 4680 606 4735 unquam
641 4681 742 4720 nec
772 4667 885 4720 Deo
919 4666 1366 4721 charissimorum
1401 4669 1808 4738 episcoporum,
1843 4685 1946 4727 nee

365 4758 906 4828 religiosissimorum
937 4757 1264 4812 clericorum
1296 4773 1382 4821 ea,
1413 4773 1533 4827 quae
1556 4773 1584 4812 a
1608 4759 1766 4814 nobis
1799 4760 1946 4816 dicta

360 4857 568 4911 essent,
613 4848 990 4918 reprehendit.
1038 4848 1251 4912 Quanta
1297 4864 1430 4902 vero
1475 4863 1598 4904 cum
1640 4851 1808 4906 animi
1849 4867 1946 4906 vo-

362 4935 573 5008 luptate
606 4936 904 4993 Christiani
936 4937 1123 5008 populi
1151 4953 1434 4994 sermones
1476 4954 1627 4996 meos
1667 4941 1941 5008 audirent,

576 5091 955 5166 διατρίψαντα-
973 5091 1136 5146 Sirm.

458 5160 546 5228 80)
580 5160 872 5229 θεραπεύει
904 5162 1066 5216 Sirm.

456 5229 544 5300 8i)
573 5231 717 5283 οὕτω
751 5231 909 5285 πάλιν
938 5231 1097 5289 Sirm.

457 5303 545 5371 82)
576 5302 656 5364 δὶς
688 5303 778 5354 τὸν
813 5302 980 5356 Idem.

439 5372 553 5472 (85)
605 5372 806 5424 πλάνον
856 5374 960 5472 ora?)
1007 5372 1116 5472 1in
1166 5372 1459 5445 ἀλιτηρίων
1498 5376 1766 5430 Ἰουδαίων
1807 5379 1940 5432 ὠνο-

449 5459 513 5472 ο..
553 5460 641 5472 ..ιη
700 5445 840 5472 u:.....
946 5459 1002 5472 ..η
1046 5445 1075 5472 ιῖ-
1117 5460 1163 5472 .—
1228 5445 1526 5472 (Han-und..-
1569 5447 1812 5472 ..τὶζΛΑ-...ι
1850 5448 1901 5472 1.‘

405 5443 660 5527 ασμένον.
700 5445 862 5497 Sirm.
901 5443 1004 5497 Pro
1045 5443 1184 5496 ἀλιτ.
1228 5443 1530 5501 Carnerius
1566 5447 1815 5502 ediderat
1844 5448 1941 5502 άλ-

393 5527 606 5568 οτοιων.

433 5583 541 5654 (8.5)
568 5585 623 5636 δέ
656 5584 891 5638 trahebat
916 5583 1080 5654 (iam.

432 5653 542 5724 (85)
579 5654 864 5724 ἀγιὸτητος
903 5653 1064 5707 Sirm.

437 5721 546 5796 (8(3)
577 5721 727 5796 θεοφ.
759 5721 812 5776 κ.
846 5724 1036 5796 ἁγιωτ.
1067 5726 1194 5794 άρχ.
1226 5724 1304 5795 τῷ
1340 5725 1513 5795 κυρίῳ
1539 5725 1746 5796 Δὸμνῳ.
1771 5727 1936 5781 Sirm.

455 5790 541 5858 87)
569 5791 840 5858 ὁσιότητος
871 5794 1034 5844 Sirm.

457 5797 519 5842 87
569 5797 840 5858 ὁσιότητος
871 5797 1034 5844 Sirm.

457 5797 543 5929 88)
574 5857 877 5930 ἐγράψαντο
913 5861 1076 5914 Sirm.

2050 4666 2146 4721 τοῦ
2181 4667 2368 4738 κυρίου
2394 4668 2618 4738 Δόμνου.
2649 4669 2761 4722 Καὶ
2798 4669 2959 4741 μέχρι
2999 4670 3096 4740 τῆς
3129 4671 3366 4740 σήμερον
3393 4671 3632 4740 ἡμέρας,

2050 4758 2309 4813 τοσούτου
2367 4759 2730 4830 παρελθόντος
2768 4761 2878 4832 (98)
2915 4761 3130 4832 χρόνου,
3169 4762 3342 4824 οὐδεὶς
3369 4760 3492 4814 οὔτε
3525 4761 3634 4814 τῶν

2048 4848 2482 4919 θεοφιλεστάτων
2513 4851 2851 4916 ἐπισκόπων,
2897 4851 3023 4905 οὔτε
3055 4852 3164 4906 τῶν
3221 4852 3634 4905 εύλαὸεστάτων

2051 4945 2364 5016 κληρικῶν,
2417 4948 2529 5008 τοῖς
2588 4947 2721 5015 παρ’
2771 4943 2928 5015 ἡμῶν
2976 4944 3289 5016 εἰρημένοις
3344 4942 3634 5013 ἐμέμψατο

2142 5101 2229 5165 89)
2263 5101 2338 5165 ὡς
2372 5103 2526 5156 abest
2558 5118 2588 5157 a
2625 5103 2789 5162 Sirm.

2141 5171 2229 5226 90)
2266 5173 2352 5224 ἐπ’
2383 5173 2548 5226 Sirm.

2145 5241 2234 5309 9i)
2269 5244 2444 5294 καίτοι
2477 5244 2672 5295 ἐκεῖνοι
2704 5243 2869 5297 Idem.

2139 5311 2228 5379 92)
2257 5313 2354 5382 ἀνθ
2366 5311 2560 5382 ρώπων
2600 5311 2762 5366 Sirm.

2142 5382 2233 5448 95)
2263 5381 2363 5448 τῆς
2391 5381 2544 5434 addit
2568 5383 2736 5436 idem.

2141 5451 2228 5518 94)
2265 5451 2321 5503 δὲ
2347 5451 2452 5503 add
2483 5451 2645 5504 Sirm.

2148 5521 2237 5591 95)
2277 5521 2548 5590 μακαρίου
2593 5521 2840 5574 Ἰωάννου
2883 5521 2937 5585 ὃς
2985 5522 3234 5575 τοσοῦτον
3279 5523 3476 5576 ἰαίνετο
3519 5521 3624 5578 ὑπὸ

2051 5591 2253 5658 διαλεγ.
2286 5593 2384 5659 ἡμ.
2416 5591 2506 5645 Sic
2547 5591 2825 5645 Sirmondi
2855 5592 3023 5645 codex
3049 5593 3304 5647 habebat.

2145 5661 2234 5798 96)
2268 5663 2382 5724 τοῖς
2401 5661 2516 5728 λόγ.
2550 5678 2598 5714 τ.
2642 5663 2804 5723 θείοις
2831 5662 2996 5720 Sirm.
3033 5663 3234 5734 λογίοις
3264 5664 3434 5739 Neap.

2145 5733 2210 5786 97
2262 5733 2294 5798 ἡ
2325 5731 2546 5798 ἀγιότης
2577 5733 2612 5798 ἡ
2649 5731 2714 5798 σὴ
2749 5732 2914 5786 Sirm.

2143 5731 2231 5798 97)
2262 5733 2294 5800 ἡ
2325 5731 2546 5798 ἀγιότης
2577 5733 2612 5799 ἡ
2649 5731 2714 5799 σὴ
2749 5732 2914 5786 Sirm.

2120 5801 2230 5875 (9.8)
2258 5801 2627 5875 διεληλυθότος
2655 5802 2820 5858 Sirm.
