4056 6414
383 427 408 492 1
419 429 529 496 289

1664 437 2030 498 EPISTULA
2073 441 2399 505 LXXXIII.

3535 443 3672 507 12ῗο

380 539 799 596 πώποτε.,Μὲθ⁴
839 543 974 612 ὅσης
1023 542 1080 596 δὲ
1107 543 1378 614 θυμηδίας
1410 543 1506 597 καὶ
1554 546 1604 597 οἱ
1639 545 1978 616 φιλόχριστοι

2086 548 2242 606 facile
2278 562 2460 622 potest
2505 563 2598 610 tua
2643 556 2828 611 divina
2856 555 3184 612 excellentia
3215 561 3332 610 tum
3361 571 3430 610 ex
3459 554 3546 618 iis,
3571 557 3663 624 qui

377 629 504 683 λαοὶ
532 631 642 684 τῶν
668 633 953 702 ἡμετέρων
983 634 1239 687 ἐπαΐουσι
1283 633 1396 704 (99)
1431 633 1626 702 λόγων,
1659 635 1844 706 ῥᾴδιόν
1886 654 1980 689 σου

378 723 482 793 τὴν
513 722 655 793 (99')
694 722 839 777 κατὰ
873 723 1008 776 Θεὸν
1038 710 1377 794 ’τελειότητα
1428 724 1580 795 παρὰ
1609 726 1718 780 τῶν
1772 728 1983 782 ἐκεῖθεν

378 815 621 869 ἐνταῦθα
677 817 1183 887 παραγενομένων,
1229 817 1325 870 καὶ
1381 817 1536 888 παρὰ
1578 817 1686 872 τῶν
1730 819 1985 874 ἐντεῦθεν

375 908 566 960 ἐκεῖσε
591 908 962 978 ἀφικομένων,
992 908 1207 978 μαθεῖν.

450 997 643 1050 Ταῦτα
679 997 757 1068 (1)
791 997 940 1066 λέγω
983 1001 1046 1054 ού
1079 1001 1504 1072 σεμνυνόμενος,
1539 1001 1656 1056 ἀλλ’
1685 1003 1978 1072 ἀπολογεῖ-

379 1084 509 1140 σθαι
539 1084 860 1158 βιαζόμενος
897 1087 997 1159 (Ξ),
1023 1087 1148 1144 οὔτε
1171 1089 1276 1162 μὴν
1310 1091 1702 1164 λαμπρότητα,
1738 1093 1854 1147 ἀλλ’
1884 1095 1986 1164 ὀρ-

377 1179 587 1250 θότητα
605 1180 768 1250 μόνον
793 1178 1003 1252 (5),τοίς
1026 1181 1267 1252 ἐμαυτοῦ
1303 1183 1485 1252 λόγοις
1507 1187 1975 1258 προσμαρτυρῶν.

376 1270 497 1324 Καὶ
527 1273 556 1324 6
589 1270 763 1340 μέγας
793 1269 851 1323 δὲ
877 1269 976 1340 τῆς
1001 1272 1330 1343 οἰκουμένης
1353 1271 1673 1336 διδάσκαλος
1697 1272 1800 1346 (ι),
1825 1273 1980 1343 ἔσχα-

374 1377 472 1414 τον
511 1361 706 1416 ἑαυτὸν
736 1361 847 1415 τῶν
881 1361 1054 1432 ἁγίων
1089 1364 1186 1418 καὶ
1213 1363 1438 1435 πρῶτον
1468 1363 1582 1418 τῶν
1629 1365 1976 1437 ἁμαρτωλῶν

374 1452 666 1524 ὀνομάζων
694 1453 804 1519 ἀεὶ,
837 1454 1184 1526 ἠναγκάσθη,
1211 1455 1319 1508 τῶν
1349 1455 1701 1528 ψευδηγόρων
1730 1457 1978 1529 ὲμφράτυ

374 1560 492 1598 των
539 1544 610 1598 τά
658 1545 928 1614 στόματα,
971 1545 1064 1599 τὸν
1111 1545 1218 1600 τῶν
1249 1546 1468 1600 οἰκείων
1518 1547 1699 1602 πόνων
1735 1547 1975 1601 ἐκθεῖναι

377 1634 706 1706 κατάλογον·
741 1637 837 1692 καὶ
869 1637 1082 1702 δεικνὺς
1113 1638 1188 1702 ὡς
1215 1639 1317 1708 τῆς
1346 1641 1594 1710 ἀνάγκης
1618 1634 1687 1712 ἦν
1719 1641 1817 1711 (5),
1857 1640 1976 1694 ἀλλ’

375 1725 443 1778 ού
479 1725 580 1796 τῆς
601 1723 850 1798 γνώμης,
881 1728 916 1796 ἠ
939 1725 1048 1782 τῶν
1082 1729 1424 1800 παθημάτων
1452 1731 1728 1801 διήγησις,
1760 1733 1974 1802 ἐπήγα-

378 1833 502 1885 γεν,
542 1837 562 1870 ‹
607 1819 834 1890 ’Ἄφρων
879 1821 1148 1892 ἐγενόμην
1199 1821 1586 1894 καυχώμενος·
1609 1821 1767 1890 ὑμεῖς
1810 1822 1866 1876 δέ
1896 1824 1971 1894 (6)

381 1925 456 1982 με
484 1910 852 1980 ἠναγκάσατε.
884 1931 903 1964 ι

482 2000 610 2070 Εγὼ
641 2002 698 2056 δὲ
720 2002 904 2058 ἄθλιον
932 2005 1170 2076 ἐμαυτὸν
1202 2005 1298 2059 καὶ
1325 2006 1637 2078 τρισάθλιον
1672 2004 1810 2062 οἶδεν
1841 2008 1978 2062 πολ-

380 2094 498 2156 λοῖς
535 2093 646 2165 γὰρ
671 2095 1036 2167 ὑποκείμενον
1069 2097 1144 2169 (7)
1181 2097 1641 2170 πλημμελήμασι·
1677 2099 1765 2152 διὰ
1796 2100 1853 2154 δὲ
1882 2099 1978 2170 μό-

379 2205 484 2258 νης
514 2186 753 2250 πίστεως
794 2188 872 2261 (8)
904 2188 961 2241 ὲν
987 2190 1052 2260 τῇ
1088 2187 1186 2259 τῆς
1235 2187 1387 2252 θείας
1423 2189 1743 2258 ἐπιφανείας
1771 2189 1976 2262 ἡμέρα,

381 2279 607 2350 φειδοῦς
626 2299 770 2345 τινος
789 2281 1194 2336 άπολαύσεσθαι
1228 2283 1536 2353 προσδοκῶ.
1567 2285 1694 2347 Τοῖς
1740 2283 1844 2354 μὲν
1869 2284 1978 2356 γὰρ

378 2367 494 2424 τῶν
537 2368 713 2438 ἁγίων
740 2369 1004 2443 Πατέρων
1052 2371 1368 2426 ἀκολουθεῖν
1415 2372 1614 2442 ἴχνεσι,
1648 2373 1742 2426 καὶ
1777 2372 1980 2445 προθυ-

383 2457 620 2534 μοῦμαι,
656 2461 752 2514 καὶ
783 2461 1161 2533 προσεύχομαι
1197 2462 1297 2533 (9),
1343 2463 1438 2516 καὶ
1467 2463 1566 2536 τὴν
1613 2462 1980 2535 εύαγγελικὴν

377 2551 762 2616 διδασκαλίαν,
795 2553 864 2622 ἣν
907 2554 968 2607 ὲν
997 2553 1280 2624 κεφαλαίῳ
1319 2553 1630 2626 παρέδοσαν
1665 2555 1800 2624 ἡμῖν
1840 2555 1891 2608 οἱ
1921 2557 1979 2608 ἐν

383 2643 596 2716 Nimia
647 2645 746 2715 τῆς
783 2645 1038 2711 Βιθυνίας
1095 2646 1456 2718 συναχθέντες
1511 2646 1624 2718 (10)
1681 2647 1979 2716 ἁγιώτατοι

382 2731 632 2804 Πατέρες
667 2733 803 2806 (il),
830 2734 1118 2798 σπουδάζω
1152 2735 1438 2804 φυλάττειν
1468 2737 1768 2808 ἀκήρατον.

457 2823 570 2876 Καὶ
597 2822 788 2896 ὥσπερ
825 2824 922 2878 ἕνα
960 2825 1213 2880 πιστεύω·
1251 2823 1390 2882 εἷναι
1420 2827 1556 2882 Θεὸν
1597 2829 1852 2901 Πατέρα,
1885 2831 1981 2886 καὶ

381 2917 445 2972 ἓν
487 2917 715 2989 Πνεῦμα
763 2919 920 2988 άγιον
980 2921 1044 2974 ὲκ
1095 2921 1190 2974 τοῦ
1262 2922 1476 2994 Πατρδς
1514 2923 1978 2993 ἐκπορευόμενον·

381 3009 534 3064 οῦτω
584 3012 679 3064 καὶ
723 3010 822 3065 ἕνα
861 3012 1068 3084 Κύριον
1133 3013 1342 3082 Ἰησοῦν
1384 3013 1623 3086 Χριστὸν
1647 3057 1661 3078 ,
1700 3013 1830 3068 Υίὺν
1885 3013 1981 3068 τοῦ

382 3098 524 3153 Θεοῦ
551 3099 661 3171 (la)
695 3102 982 3173 μονογενῆ.
1008 3103 1115 3173 πρὸ
1147 3103 1366 3158 πάντων
1405 3103 1513 3158 τῶν
1549 3105 1762 3158 αἰώνων
1795 3105 1860 3160 ὲκ
1889 3105 1982 3158 τοῦ

385 3191 606 3262 Ηατρδς
631 3193 1102 3268 γεγεν(ν]ημένον,
1140 3195 1486 3266 ἀπαύγασμα
1513 3196 1612 3268 τῆς
1653 3197 1842 3268 δόξης,
1890 3197 1984 3250 καὶ

386 3288 716 3360 χαρακτῆρα
747 3287 844 3358 τῆς
873 3287 968 3342 τοῦ
1002 3289 1212 3359 [ἰατρὸς
1241 3289 1615 3354 ὑποστάσεως,
1641 3289 1729 3343 διὰ
1755 3289 1854 3360 τὴν
1875 3289 1982 3344 τῶν

389 3377 703 3450 ἀνθρώπων
749 3380 1027 3452 σωτηρίαν
1089 3379 1442 3451 σαρκωθέντα
1490 3381 1584 3434 καὶ
1639 3380 1986 3453 ἐνανθρωπήο

387 3487 582 3537 σαντα,
621 3473 714 3526 καὶ
766 3471 908 3526 κατὰ
961 3473 1140 3544 σάρκα
1196 3473 1263 3526 ὲκ
1305 3473 1525 3545 Μαρίας
1569 3473 1670 3545 τῆς
1705 3471 1983 3544 Παρθένου

385 3561 674 3632 τεχθέντα.
711 3562 870 3616 Οῦτω
902 3563 1012 3636 γὰρ
1067 3563 1214 3636 ἡμᾶς
1249 3563 1343 3618 καὶ
1375 3564 1404 3615 ὁ
1429 3564 1706 3634 πάνσοφος
1745 3563 1984 3618 διδάσκει

390 3651 604 3715 Παῦλος
632 3650 767 3724 (15).
813 3673 830 3706 ι
867 3647 969 3706 Ὧν
1011 3655 1060 3708 οἰ
1111 3654 1368 3726 πατέρες,
1413 3655 1568 3726 φησὶ,
1615 3655 1713 3709 καὶ
1763 3653 1824 3720 ἐξ
1852 3646 1927 3708 ὧν
1959 3657 1986 3707 6

389 3743 629 3814 Χριστὸς
672 3744 734 3798 τὸ
768 3743 911 3803 κατὰ
945 3745 1150 3816 σάρκα,
1187 3747 1215 3799 6
1246 3743 1322 3800 ὢν
1370 3745 1464 3799 ἐπὶ
1495 3745 1714 3801 πάντων
1746 3745 1880 3811 Θεὸς
1903 3747 1988 3800 εύ-

388 3836 623 3908 λογητὺς
651 3838 732 3900 εἰς
775 3837 903 3900 τοὺς
946 3836 1152 3902 αἰῶνας
1179 3837 1315 3910 (14).
1349 3838 1546 3910 ’Δμήν.
1587 3857 1606 3892 ›
1645 3839 1756 3894 Καὶ
1795 3838 1980 3894 πάλιν·

399 3947 422 3976 ι
461 3928 598 3996 Περὶ
618 3925 714 3980 τοῦ
736 3926 868 3981 Υίοῦ
887 3928 1023 3982 Θεοῦ
1055 3927 1166 4002 (15)
1197 3929 1292 3984 τοῦ
1320 3929 1614 3999 γενομένου
1633 3931 1698 3982 ἐκ
1727 3929 1986 4002 σπέρμα-

391 4035 487 4084 τος
507 4018 672 4072 Δαὸὶδ
687 4018 834 4074 κατά
867 4021 1068 4092 σάρκα,
1096 4020 1191 4074 τοῦ
1223 4020 1536 4094 ὁρισθέντος
1559 4019 1693 4074 Υίοῦ
1715 4021 1854 4078 Θεοῦ
1873 4023 1987 4090 (16)

393 4113 456 4164 ὲν
486 4111 718 4182 δυνάμει
752 4113 898 4167 κατὰ
933 4111 1157 4184 Πνεῦμα
1179 4111 1512 4184 ἁγιωσύνης.
1556 4131 1576 4164 ι
1611 4113 1713 4167 Δια
1743 4112 1852 4184 γὰρ
1879 4114 1988 4184 (17)

396 4200 560 4258 τοῦτο
584 4205 680 4258 καὶ.
715 4203 980 4258 Θεοτόκυν
1020 4205 1226 4260 ἁποκα)
1239 4205 1408 4276 οῦμεν
1437 4203 1534 4274 τὴν
1569 4203 1732 4270 άγίαν
1773 4205 1990 4276 Παρθέ-

395 4312 514 4360 νον,
549 4295 644 4349 κα).
681 4297 810 4359 τοὺς
840 4295 940 4367 τὴν
973 4296 1347 4368 προσηγορίαν
1378 4296 1586 4364 ταύτην
1620 4296 1993 4369 παραιτουμέ-

398 4405 550 4453 νους,
581 4386 899 4460 ἀλλοτρίους
933 4388 1037 4458 τῆς
1067 4387 1350 4452 εὐσεϐείας
1382 4386 1684 4460 ἡγούμεθα.

486 4477 762 4542 Ὡσαύτως
816 4477 874 4531 δὲ
934 4477 1029 4532 καὶ
1071 4478 1198 4542 τοὺς
1244 4477 1326 4542 είς
1369 4476 1464 4531 δύο
1506 4477 1802 4550 πρόσωπα,
1839 4477 1994 4549 ἢδύο

2085 642 2236 697 illinc
2269 644 2376 700 huc
2404 647 2652 712 veniunt,
2687 657 2803 704 tum
2842 666 2908 704 ex
2951 650 3036 714 iis,
3068 649 3166 722 qui
3201 647 3334 703 hinc
3373 647 3467 702 illo
3492 645 3673 728 proti-

2019 788 2033 802 _
2081 733 2388 802 ciscuntur,
2421 753 2784 810 cognoscere.

2153 1019 2168 1036 '
2195 1016 2320 1073 Haec
2346 1027 2530 1073 autem
2563 1019 2710 1084 dico,
2737 1035 2847 1074 non
2877 1021 3156 1092 jactantiae
3182 1039 3369 1088 causa,
3403 1023 3498 1078 sed
3551 1021 3656 1077 de-

2079 1105 2350 1164 fensionis
2381 1109 2733 1175 necessitate,
2797 1127 2978 1182 neque
3034 1114 3388 1182 splendorem
3423 1112 3662 1168 orationi

2080 1215 2237 1264 mea},
2263 1200 2360 1256 sed
2391 1210 2607 1256 tantum
2651 1201 2907 1260 asserens
2963 1203 3382 1274 re_ctitudinem.
3418 1204 3552 1258 Nam
3604 1211 3663 1257 et

2079 1307 2314 1360 magnus
2336 1307 2558 1362 quoque
2583 1293 2740 1350 orbis
2783 1293 3064 1364 magister,
3108 1293 3202 1364 qui
3236 1303 3579 1364 postremum
3604 1309 3662 1347 se

2078 1390 2396 1437 sanctorum
2414 1391 2472 1438 et
2497 1383 2736 1453 primum
2781 1392 3132 1452 peccatorem
3185 1383 3460 1452 appellare
3501 1369 3691 1446 solet,.

2079 1482 2139 1528 ut
2173 1489 2271 1527 ora
2325 1474 2677 1530 mendacium
2723 1475 3062 1540 Obstrueret,
3095 1489 3322 1529 suorum
3364 1473 3481 1542 ipse
3508 1473 3664 1528 labo-

2078 1582 2201 1620 rum
2237 1566 2474 1622 iudiccm
2505 1566 2756 1636 proferre
2781 1575 3007 1622 coaetus
3032 1575 3138 1629 est,
3162 1576 3218 1620 et
3239 1566 3538 1622 ostendens
3567 1581 3666 1620 ne-

2077 1659 2350 1714 cessitatis
2375 1659 2566 1724 fuisse,
2603 1676 2712 1714 non
2761 1659 2964 1714 libera:
2997 1657 3325 1722 voluntatis,
3380 1671 3664 1711 aerumna-r

2077 1767 2198 1806 rum
2249 1753 2856 1818 commemorationem,
2898 1751 3150 1806 addidit:
3198 1771 3216 1802 ‹
3243 1749 3540 1821 [nsipiens
3574 1748 3659 1802 t‘a-

2076 1852 2198 1900 ctus
2221 1859 2341 1899 sum
2371 1844 2503 1899 dum
2540 1844 2769 1916 glorior.
2787 1859 2887 1900 vos
2919 1851 3104 1898 autem
3127 1857 3213 1897 me
3244 1841 3503 1914 coegistis
3529 1843 3628 1896 τ’.»

2150 2021 2263 2092 Ego
2325 2035 2461 2074 vero
2514 2019 2780 2076 miserum
2829 2034 2938 2084 me,
2970 2034 3036 2074 ac
3083 2018 3461 2074 miserrimum
3506 2017 3658 2082 novi,

2079 2109 2274 2165 multis
2323 2109 2474 2164 enim
2517 2109 2793 2164 obnoxius
2827 2123 2950 2163 sum
3014 2109 3238 2178 culpis:
3285 2107 3380 2162 sed
3437 2118 3659 2178 prepter

2080 2205 2256 2258 solam
2292 2202 2457 2258 [idem
2509 2202 2566 2256 in
2605 2201 2703 2276 die-
2753 2201 2930 2256 divini
2977 2199 3269 2266 adventus,
3315 2201 3534 2256 veniam
3574 2215 3664 2256 me

2080 2296 2416 2366 adepturum
2471 2293 2711 2362 conﬁdo.
2755 2292 3082 2350 Sanctorum
3145 2307 3382 2362 namque
3438 2292 3664 2346 Patrum

2081 2391 2312 2461 vestigia
2349 2389 2509 2460 sequi
2553 2388 2722 2459 cupio
2747 2387 2965 2460 115,8
3017 2395 3072 2442 et
3107 2396 3258 2458 opto,
3294 2393 3352 2440 et
3392 2383 3668 2453 evangeli-

2081 2497 2201 2538 cam
2227 2481 2558 2546 doctrinam,
2605 2495 2769 2550 quam
2824 2479 3158 2549 compendio
3210 2478 3374 2532 nobis
3425 2475 3698 2530 tradide-.

2079 2583 2234 2637 runt,
2267 2574 2362 2644 qui
2395 2574 2542 2644 apud
2573 2573 2810 2628 Nicaeam
2876 2571 3150 2641 Bithyniae
3183 2583 3495 2624 convenere
3539 2582 3684 2622 δίδη-ι.

2080 2665 2314 2722 ctissimi
2346 2665 2556 2730 Patres,
2585 2663 2850 2718 illibatam
2878 2659 3074 2716 studeo
3100 2673 3446 2714 conservare.

2152 2844 2224 2901 Et
2281 2843 2428 2898 sicut
2481 2855 2657 2896 unum
2711 2854 2834 2894 esse
2895 2836 3062 2892 credo
3099 2837 3276 2892 Deum
3324 2836 3566 2896 Patrem,
3611 2841 3668 2888 et

2084 2949 2259 2990 unum
2295 2933 2566 3003 Spiritum
2615 2941 2868 2986 sanctum
2912 2943 2976 2982 ex
3016 2928 3180 2982 Patre
3228 2923 3666 2996 procedentem:

2085 3027 2167 3082 sic
2197 3035 2256 3082 et
2306 3041 2478 3080 unum
2524 3023 2820 3078 Dominum
2869 3019 3057 3076 Iasum
3110 3017 3416 3078 Christum,
3470 3014 3670 3068 Filium

2086 3117 2185 3174 Dei
2216 3115 2586 3188 unigenitum,
2619 3120 2748 3168 ante
2783 3111 2968 3166 omnia
3002 3109 3204 3164 saecula
3232 3107 3480 3178 genitum
3510 3121 3540 3158 a
3571 3105 3675 3158 Pa-

2090 3218 2194 3274 tre,
2246 3207 2600 3278 splendorem
2654 3203 2862 3276 gloriae,
2900 3211 2954 3257 et
3002 3201 3381 3256 characterem
3431 3203 3675 3266 paternus

2087 3297 2432 3360 substantiae,
2463 3301 2694 3366 propter
2725 3291 3013 3346 hominum
3037 3289 3272 3344 salutem
3305 3286 3674 3344 incarnatum,

2085 3397 2143 3443 et
2173 3385 2452 3442 hominem
2486 3384 2715 3446 factum,
2768 3387 2824 3437 et
2857 3377 3164 3434 secundum
3209 3389 3434 3431 carnem
3484 3381 3673 3426 natum

2086 3497 2152 3536 ex
2185 3477 2355 3534 Maria
2377 3475 2625 3548 Virgine.
2677 3473 2770 3529 Sic
2799 3473 2950 3528 enim
3003 3485 3104 3524 nos
3135 3467 3327 3522 docuit
3375 3473 3430 3519 et
3455 3462 3673 3532 sapien-

2091 3571 2336 3627 tissimus
2368 3569 2572 3624 Paulus
2601 3585 2614 3620 :
2645 3587 2662 3619 ι
2692 3565 2941 3632 Quorum
2974 3569 3162 3632 patres
3195 3565 3343 3622 sunt,
3375 3553 3576 3622 inquit,
3619 3559 3676 3607 et

2088 3678 2156 3717 ex
2181 3659 2386 3731 quibus
2419 3664 2506 3713 est
2546 3655 2803 3712 Christus
2827 3650 3133 3710 secundum
3181 3661 3428 3710 carnem,
3457 3643 3554 3714 qui
3589 3651 3676 3696 est

2090 3770 2260 3825 super
2293 3751 2478 3807 omnia
2527 3749 2673 3806 Deus
2709 3745 3038 3802 benedictus
3083 3743 3139 3798 in
3177 3739 3375 3796 saecula
3442 3733 3689 3825 saeculo:

2092 3823 2235 3900 ruin.
2262 3844 2437 3900 Amen
2467 3843 2536 3897 τι.
2576 3862 2594 3894 ι
2631 3842 2700 3898 Et
2723 3841 2954 3896 iterum:
2987 3857 3004 3888 ι
3028 3836 3105 3891 De
3136 3833 3274 3888 Filio
3319 3829 3440 3894 Dei,
3483 3826 3576 3898 qui
3601 3823 3680 3880 fa-

2089 3947 2214 3994 ctus
2237 3945 2326 3993 est
2355 3951 2427 3991 ex
2451 3933 2663 3990 semine
2699 3931 2922 3988 Davidis
2959 3926 3264 3984 secundum
3302 3934 3551 3981 carnem,
3579 3914 3676 3986 qui

2092 4030 2406 4086 destinatus
2437 4034 2525 4082 est
2544 4025 2718 4080 Filius
2742 4023 2842 4079 Dei
2875 4022 2928 4076 in
2955 4021 3161 4075 virtute
3197 4012 3504 4070 secundum
3554 4006 3680 4078 Spi-

2093 4120 2262 4174 ritum
2293 4115 2756 4174 sanctificationis
2775 4115 2843 4167 ⁷³.
2873 4132 2890 4161 ι
2921 4113 3222 4180 Propterea
3255 4105 3424 4174 igitur
3459 4109 3517 4156 et
3545 4099 3674 4154 Dci—

2093 4227 2282 4283 param
2309 4209 2653 4279 appellamus
2705 4213 2955 4262 sanctam
2996 4199 3305 4270 Virginem,
3354 4202 3410 4248 et
3461 4207 3559 4247 eos
3583 4191 3679 4260 qui

2092 4318 2297 4359 nomen
2341 4301 2448 4356 hoc
2474 4297 2790 4370 repudiauit,
2824 4295 3035 4350 alienos
3064 4309 3094 4346 a
3123 4291 3328 4361 pietate
3352 4297 3666 4342 censemus.

2169 4481 2436 4538 Similiter
2459 4487 2514 4535 et
2535 4494 2634 4534 eos
2652 4476 2746 4548 qui
2784 4475 2840 4530 in
2893 4474 3030 4529 duas
3055 4483 3342 4540 personas,
3400 4460 3485 4519 vel
3540 4461 3680 4516 duos

401 4570 577 4636 υἱοὺς,
621 4567 656 4640 ἢ
689 4570 770 4634 είς
807 4567 901 4624 δύο
938 4569 1162 4642 κυρίους
1201 4567 1525 4643 μερίζοντας
1549 4570 1641 4624 τὸν
1669 4570 1770 4625 ἕνα
1789 4571 1982 4644 Κύριοι

2105 4571 2268 4638 tilios,
2297 4571 2382 4626 vel
2407 4570 2549 4625 duos
2579 4567 2834 4624 dominos
2885 4563 3141 4620 dividunt
3176 4573 3344 4614 unum
3382 4553 3679 4612 Dominum

399 4661 566 4732 ἡμῶν
611 4659 823 4732 Ἰησοῦν
871 4663 1130 4732 Χριστὸν,
1174 4661 1463 4734 κιϐδήλους
1495 4661 1863 4734 ὀνομάζομεν,
1899 4664 1994 4718 καὶ

401 4755 506 4824 τῆς
535 4754 643 4808 τῶν
678 4755 1038 4827 φιλοκρίστων
1078 4755 1449 4827 άποκρίνομεν
1491 4755 1710 4828 μοίρας.

481 4910 528 4939 ⁷⁸
567 4909 608 4963 ll
641 4909 770 4964 Cor.
805 4925 894 4972 xu,
931 4911 1016 4964 ll.
1095 4911 1136 4943 τι
1173 4910 1333 4964 Rom.
1365 4927 1438 4976 lx,
1475 4911 1508 4964 5
1533 4947 1558 4966 ι
1607 4911 1648 4940 ⁷³
1675 4911 1834 4966 Rom.
1867 4927 1904 4976 ι,

483 5044 955 5117 (99)-ὲπακούουσι
981 5045 1147 5102 Sirm.

483 5115 621 5186 (99³)
646 5117 712 5186 τῇ
749 5133 802 5169 κ.
830 5115 896 5186 Θ.
937 5117 1238 5182 τελειότητι
1284 5132 1424 5186 πιτ.
1465 5117 1551 5169 ὲκ.
1591 5115 1782 5170 αὐτόσε
1819 5131 2000 5186 παρα-

407 5185 714 5258 γινομένων
756 5185 852 5240 καὶ
902 5187 1088 5258 μέντοι
1120 5188 1211 5238 καὶ
1241 5185 1395 5256 παρᾶ
1421 5203 1470 5237 τ.
1501 5202 1547 5238 ε.
1583 5202 1628 5240 ε.
1665 5185 2003 5256 ἀφικνουμέ-

409 5260 522 5311 νων
557 5256 724 5312 Sirm.

605 5327 716 5406 AKail
745 5325 922 5406 ταῦτα
955 5325 1122 5406 §irm.

508 5395 562 5468 2)
603 5395 922 5468 βουλόμενος
954 5397 1120 5452 Garn.

507 5466 566 5580 r'5)
597 5466 777 5537 μόνην
798 5468 964 5523 Sirm.

513 5540 545 5580 In,
597 5539 624 5580 ὁ
648 5537 934 5580 θεσπέσιον

489 5535 566 5599 (lt)
597 5535 934 5602 όθεσπέσιος
965 5535 1174 5602 Παῦλος
1208 5536 1354 5591 Idem
1394 5535 1577 5593 addit.
1913 5581 1942 5600 ,ρ

489 5608 566 5680 (ὅ)
595 5601 822 5680 ﬁgam;
851 5601 1010 5680 ἧνηή
1043 5607 1177 5672 τῶν,
1199 5615 1306 5662 etc.
1342 5607 1510 5662 Garn.

513 5680 570 5809 ti)
601 5678 660 5732 δὲ
694 5678 852 5734 abest
878 5678 909 5732 a
942 5678 1108 5732 Sirm.

517 5750 547 5801 7
605 5748 1104 5809 61:6xetuatSirm.

517 5748 570 5816 7)
605 5748 904 5816 ύπόκειμαι
937 5749 1104 5804 Sirm.

517 5814 570 5886 8)
601 5819 688 5872 διὰ
722 5814 891 5889 μόνην
917 5819 973 5872 δὲ
1007 5820 1188 5889 πίστιν
1219 5817 1385 5872 Sirm.

520 5885 578 5960 9)
606 5885 1053 5960 προθυμούμενον
1077 5888 1170 5942 καὶ
1206 5889 1640 5962 προσευχόμενον
1669 5885 1840 5945 Garn.

2102 4673 2352 4720 nostrum
2381 4663 2569 4719 Jesum
2601 4659 2909 4722 Christum,
2940 4672 3050 4712 non
3079 4649 3595 4714 sincerosdicimus,
3627 4654 3684 4700 et

2103 4773 2136 4811 a
2163 4754 2611 4812 Christianorum
2651 4758 2796 4807 cmtu
2831 4732 3231 4821 scgregamus.‘

2214 5045 2293 5110 I0)
2328 5043 2672 5104 συνελθόντες
2697 5041 2862 5096 Sirm.
2891 5037 3312 5110 Συνεληζυθότες
3330 5037 3514 5110 ῨΝΘΩΡ.

2214 5046 2271 5096 10
2328 5046 2672 5104 συνελθόντες
2697 5046 2862 5096 Sirm.
2891 5046 3312 5110 Συνεληλυυότες
3345 5046 3514 5105 Neap.

2214 5046 2301 5189 ΙΙ)
2333 5112 2508 5189 A_ddit_
2523 5112 2694 5168 Garn.
2715 5114 2781 5181 ἣν
2813 5110 2908 5163 καὶ
2931 5111 2962 5178 ἡ
2987 5111 3046 5189 ἐν
3083 5108 3294 5176 Ἐφέσῳ
3317 5107 3450 5174 ἁγία
3467 5105 3688 5189 σύνεδος

2109 5175 2331 5254 κρατεῖν
2357 5182 2697 5264 διηγόρευσε,
2739 5175 3086 5264 quzenspuria
3130 5175 3401 5264 essenon
3449 5175 3682 5242 dubito;

2109 5249 2273 5308 unam
2315 5249 2538 5322 quidem
2589 5249 2810 5306 Nicena:
2862 5249 2988 5305 ﬁdei
3035 5249 3416 5304 auctoritatem
3472 5261 3688 5316 semper

2111 5322 2489 5378 Theodoretus
2527 5323 2584 5376 in
2637 5321 2886 5392 epistolis
2929 5317 3280 5390 apologeticis
3340 5316 3454 5370 suis
3508 5327 3682 5388 urget.

2107 5393 2268 5462 epist.
2306 5393 2395 5456 84,
2425 5393 2514 5458 86,
2545 5400 2653 5447 etc.
2767 5461 2777 5462 ί
3725 5400 3733 5407 ·

2211 5461 2293 5532 12)
2327 5462 2420 5516 τοῦ
2455 5462 2516 5532 Θ.
2547 5462 2720 5518 addit.
2759 5461 2925 5516 Sirm.

2212 5529 2292 5598 l5)
2321 5531 2558 5598 ἐδίδαξεν
2589 5534 2679 5586 καὶ
2707 5535 2735 5586 6
2765 5549 2822 5584 π.
2856 5533 2922 5584 Π.
2950 5529 3118 5584 Idem.

2208 5602 2293 5658 14)
2317 5603 2426 5658 τῶν
2455 5603 2666 5658 αἰώνων
2695 5603 2846 5657 addit
2881 5602 3042 5654 Sirm.

2181 5663 2291 5746 (15)
2325 5674 2490 5746 αὐτοῦ
2527 5673 2654 5746 add.
2681 5673 2844 5728 Sirm.
2877 5671 3042 5740 idque
3075 5667 3435 5735 conjunxerat
3470 5663 3678 5724 Garne~

2109 5747 2226 5800 rius
2263 5745 2387 5800 eum
2414 5745 2572 5799 Θεοῦ.

2183 5815 2294 5886 (16)
2329 5813 2639 5886 ὠρισθητοῦ
2662 5814 2736 5886 ω.
2775 5811 3010 5867 habebat
3039 5808 3214 5864 ϐαι-ιι.

2183 5816 2273 5884 (16
2329 5816 2518 5867 ὠοισθ.
2547 5816 2639 5866 τοῦ
2673 5816 2736 5865 (ν).
2775 5816 2780 5865 i

2183 5816 2296 5960 (17)
2329 5865 2408 5940 τδι
2437 5884 2590 5938 addit
2618 5885 2780 5940 Sirm.
