4056 6424
406 473 532 541 1271

477 587 694 661 1149
724 591 738 607 ⁶
770 587 1098 642 Audivimus
1121 585 1268 638 enim
1313 581 1720 638 divinissimum
1748 579 1978 635 Paulum
2011 583 2055 635 Α

401 682 712 737 dicentem:
754 698 770 729 ι
796 680 948 735 Unus
1003 677 1291 739 Dominus,
1327 692 1433 729 una
1462 673 1616 736 ﬁdes,
1665 687 1835 726 unum
1886 671 1982 723 ha-

401 775 670 846 ptisma".
701 792 718 823 ι
750 773 818 826 Et
840 771 1038 825 iterum
1062 786 1073 822 :
1107 788 1124 818 ι
1152 767 1301 822 Unus
1327 766 1612 827 Dominus,
1639 764 1799 818 Jesus
1821 761 1983 816 Chri-

400 877 539 929 stus,
596 880 696 934 per
751 877 915 933 quem
984 860 1173 915 omnia
1205 859 1273 912 “.
1312 877 1328 909 ι
1363 858 1432 912 Ει
1491 873 1722 911 rursus:
1765 875 1782 906 ‹
1822 856 1983 910 Jcsus

399 957 654 1013 Christus
691 955 811 1009 heri
853 963 909 1008 et
939 953 1123 1016 hodie,
1157 953 1273 1021 ipse
1318 960 1374 1006 ct
1420 951 1473 1003 in
1525 949 1722 1003 saecula
1750 949 1816 1000 ⁷⁵.
1855 966 1874 998 ›
1917 947 1984 1001 Et

400 1049 571 1103 alibi:
615 1067 632 1098 ι
653 1047 758 1116 Qui
786 1046 1096 1109 descendit,
1129 1045 1244 1114 ipse
1281 1054 1365 1098 est
1395 1052 1450 1097 et
1475 1041 1571 1112 qui
1613 1039 1863 1095 ascendit
1891 1054 1983 1093 su-

399 1157 500 1211 per
542 1156 737 1195 omnes
795 1139 968 1194 ccelos
1023 1139 1087 1191 ⁷⁸.
1120 1157 1136 1188 ι
1181 1136 1614 1205 Etinnumeras
1663 1129 1980 1202 hujusmodi

399 1233 546 1303 apud
589 1234 771 1303 ipsum
821 1231 1068 1302 reperire
1132 1240 1238 1297 est,
1286 1243 1458 1283 unum
1486 1224 1778 1280 Dominum
1806 1237 1983 1276 enun-

403 1325 626 1388 tiantes,
659 1325 982 1380 sententias.

474 1414 565 1469 Sic
586 1416 750 1469 etiam
789 1416 989 1472 clamat
1025 1414 1248 1468 divinus
1294 1411 1666 1482 evangelista:
1714 1427 1730 1458 ι
1756 1407 1823 1460 Et
1844 1407 1982 1461 Ver-

404 1505 536 1558 bum
573 1521 704 1559 caro
722 1504 923 1559 factum
953 1512 1058 1567 est,
1084 1513 1139 1558 et
1181 1505 1449 1558 habitavit
1490 1503 1545 1556 in
1592 1499 1754 1554 nobis
1793 1503 1871 1554 (et
1896 1495 1981 1550 vi-

404 1594 587 1649 dimus
608 1596 836 1665 gloriam
851 1598 988 1667 ejus,
1013 1597 1240 1667 gloriam
1267 1595 1422 1664 quasi
1447 1593 1725 1664 Unigeniti
1747 1608 1776 1645 a
1799 1591 1979 1660 Patre)

402 1687 626 1758 plemun
658 1689 851 1759 gratiae
877 1698 932 1743 et
967 1690 1219 1745 veritatis
1246 1690 1313 1742 ⁷⁷.
1345 1709 1362 1740 ι

474 1777 685 1833 Clamat
716 1789 771 1834 et
815 1781 945 1834 huic
995 1781 1362 1851 cognominis,
1418 1780 1639 1834 dicens:
1682 1780 1852 1833 «Post
1893 1792 1978 1831 me

404 1869 557 1922 venit
594 1869 701 1932 vir,
737 1872 831 1939 qui
863 1880 992 1926 ante
1034 1887 1121 1926 me
1173 1871 1353 1926 factus
1382 1882 1489 1935 est,
1540 1872 1670 1941 quia
1704 1871 1857 1940 prior
1895 1883 1981 1922 me

403 1958 608 2015 erat".
637 1979 654 2009 ι
686 1960 900 2018 Etcum
934 1977 1098 2015 unam
1131 1961 1464 2016 ostendisset
1488 1975 1804 2030 personam,
1834 1967 1985 2012 utra-

404 2063 514 2121 que
539 2051 746 2119 posuit,
781 2060 838 2104 et
870 2051 1058 2106 divina
1088 2059 1145 2105 et
1171 2051 1437 2105 humana.
1465 2051 1779 2105 Humanum
1827 2065 1984 2103 nam-

403 2157 512 2211 que
567 2150 670 2206 est,
707 2151 762 2196 et
804 2145 904 2208 vir,
939 2154 994 2198 et
1049 2147 1187 2198 venit
1213 2161 1229 2204 :
1257 2145 1507 2199 divinum
1533 2158 1690 2207 vero,
1725 2143 1876 2213 prior
1905 2157 1985 2194 me

403 2241 540 2287 erat.
565 2232 818 2288 Attamen
848 2250 959 2290 non
997 2235 1166 2292 alium
1195 2237 1350 2293 novit
1381 2251 1507 2294 eum
1533 2235 1628 2304 qui
1659 2245 1782 2308 post
1808 2235 1980 2298 venit,

402 2332 462 2378 et
484 2324 649 2378 alium
675 2325 770 2395 qui
817 2335 944 2381 ante
988 2328 1167 2396 ipsum
1198 2335 1354 2393 erat;
1408 2326 1505 2381 sed
1539 2327 1794 2381 eumdem
1828 2325 1984 2380 novit

403 2423 533 2468 ante
550 2415 745 2469 szecula
785 2417 1008 2486 quidem
1044 2426 1105 2471 ut
1137 2417 1332 2482 Deum,
1367 2417 1649 2471 hominem
1683 2431 1814 2470 vero
1852 2422 1981 2485 post

406 2501 586 2579 ipsum
607 2503 814 2559 factum
849 2520 918 2560 ex
943 2505 1191 2576 Virgine.

477 2677 568 2734 Sic
587 2686 643 2733 et
666 2678 1019 2736 beatissimus
1035 2682 1296 2746 Thomas,
1321 2698 1487 2737 manu
1515 2682 1584 2737 ad
1611 2682 1828 2737 Domini
1855 2698 1982 2736 ear-

405 2783 531 2822 ncm
573 2768 814 2834 admota,
865 2772 1159 2826 Dominum
1193 2774 1514 2843 appellavit,
1549 2782 1603 2828 et
1651 2774 1848 2838 Deum,
1890 2773 1976 2828 di-

402 2869 535 2912 cens
564 2877 576 2911 :
619 2877 636 2909 σ
667 2859 929 2915 Dominus
963 2878 1119 2917 meus
1159 2871 1214 2916 et
1245 2865 1388 2917 Deus
1417 2880 1574 2918 meus
1597 2865 1662 2930 τ’,
1696 2885 1713 2915 ι
1756 2881 1855 2934 per
1891 2880 1987 2918 na-

404 2958 590 3003 turam
625 2966 746 3019 qua:
776 2953 1127 3015 cernebatur,
1167 2954 1503 3008 invisibilem
1550 2971 1874 3024 agnoscens.
1906 2955 1985 3009 Ita

405 3048 462 3094 et
493 3057 594 3095 nos
623 3041 797 3116 ipsius
827 3044 1053 3113 quidem
1076 3046 1262 3100 carnis
1295 3055 1352 3100 et
1378 3047 1689 3102 divinitatis
1725 3047 1984 3102 differen-

404 3133 540 3185 tiam
566 3133 857 3190 novimus:
888 3151 1058 3190 unum
1094 3147 1279 3192 autem
1331 3139 1537 3194 scimus
1564 3139 1760 3194 Filium
1805 3139 1986 3193 homi—

403 3241 529 3281 nem
557 3225 761 3281 factum
798 3228 970 3283 Deum
999 3230 1262 3285 Verbum.

479 3317 694 3390 1150
717 3318 842 3374 Haec
875 3321 1022 3374 enim
1068 3331 1124 3377 et
1154 3339 1184 3378 a
1229 3333 1416 3378 sancta
1452 3323 1737 3394 Scriptura
1785 3324 1983 3380 didici-

403 3423 547 3474 mus,
598 3418 653 3463 et
686 3426 719 3464 a
767 3411 972 3466 sanctis
1027 3412 1285 3468 Patribus
1310 3414 1404 3484 qui
1433 3415 1578 3469 hanc
1631 3413 1981 3485 interpretati

401 3508 550 3565 sunt,
587 3500 902 3558 Alexandro
934 3511 990 3558 et
1019 3503 1341 3568 Athanasio,
1365 3506 1686 3562 clarissimis
1717 3507 1984 3576 praeconi-

400 3591 506 3647 bus
531 3593 805 3663 veritatis,
849 3596 949 3668 qui
980 3599 1338 3667 apostolicam
1387 3598 1574 3654 sedem
1611 3607 1851 3655 vestram
1891 3615 1982 3654 ex-

400 3697 709 3752 ornarunt;
750 3686 953 3741 Basilio
985 3687 1115 3741 item
1167 3697 1224 3743 et
1255 3689 1544 3759 Gregorio,
1596 3689 1830 3761 aliisque
1864 3698 1981 3744 ter-

401 3791 587 3831 rarum
633 3775 960 3834 luminibus.
1017 3778 1179 3844 Quod
1235 3796 1369 3834 vero
1424 3781 1712 3834 beatorum
1761 3796 1983 3851 quoque

401 3866 696 3936 Theophili
746 3876 804 3922 et
853 3868 1042 3941 Cyrilli
1090 3871 1313 3942 scriptis
1367 3881 1610 3936 utamur,
1663 3881 1828 3941 atque
1896 3873 1983 3926 his

400 3959 569 4016 etiam
613 3959 1028 4015 adversantium
1087 3963 1371 4018 audaciam
1410 3963 1797 4030 retundamus,
1848 3963 1980 4018 libri

401 4050 508 4120 ipsi
558 4059 852 4110 testantur.
914 4052 1022 4108 E’os
1084 4055 1236 4109 enim
1285 4056 1383 4125 qui
1445 4056 1746 4114 Dominicze
1798 4059 1982 4114 carnis

400 4154 467 4196 ac
511 4141 745 4200 Deitatis
797 4142 1168 4201 differentiam
1230 4158 1453 4220 negant,
1496 4160 1551 4204 et
1579 4167 1728 4206 nunc
1756 4152 1980 4221 quidem

401 4233 647 4290 divinam
673 4245 926 4290 naturam
958 4237 1012 4292 in
1042 4254 1264 4294 carnem
1288 4241 1443 4295 aiunt
1468 4258 1591 4297 esse
1633 4259 1978 4305 conversam,

399 4342 550 4382 nunc
571 4342 700 4382 vero
726 4344 946 4384 carnem
970 4330 1026 4385 in
1050 4331 1358 4388 divinitatis
1390 4347 1642 4389 naturam
1677 4336 1977 4399 transiissc,

398 4417 764 4475 admiratione
785 4419 1235 4487 dignissimorum
1287 4425 1532 4479 virorum
1563 4426 1982 4481 medicamentis

398 4523 593 4566 curare
623 4509 873 4568 nitimur,
915 4510 1118 4585 Aperte
1152 4513 1427 4584 siquidem
1456 4524 1513 4569 et
1559 4514 1792 4570 duarum
1820 4525 1982 4570 natu-

401 4614 588 4653 rarum
621 4599 921 4656 discrimen
957 4618 1058 4658 nos
1106 4603 1328 4668 docent,
1365 4615 1422 4660 et
1477 4606 1980 4662 immutabilitatem

398 4691 599 4746 divinae
657 4693 956 4761 praedicant
1001 4705 1210 4752 natura:
1250 4715 1268 4750 ιι
1307 4707 1362 4752 et
1385 4699 1722 4753 Dominieam
1760 4715 1980 4754 carnem

397 4783 642 4837 divinam
665 4784 889 4854 quidem
911 4796 1109 4842 vocant
1153 4797 1413 4857 tanquam
1441 4790 1535 4843 Dei
1561 4790 1726 4845 Verbi
1760 4807 1980 4845 carnem

467 4964 514 5048 7"
545 4963 744 5032 Ephes.
775 4982 851 5048 Ls",
883 4970 934 5024 5.
1012 4971 1055 5002 7‘
1084 4970 1263 5048 l_Cor.,
1287 4987 1398 5035 vin,
1425 4971 1483 5028 6..
1559 4972 1601 5003 ⁷⁵
1653 4972 1826 5032 Πρω.
1875 4990 1988 5041 xui,
2027 4974 2080 5031 8..

395 5024 441 5054 ⁷³
470 5024 742 5099 10313.“,
782 5024 884 5092 28.
919 5106 921 5108 η

470 5205 582 5276 (18)
617 5226 781 5266 παντ,
804 5227 852 5260 τ.
878 5209 995 5276 ούρ.
1027 5207 1190 5261 Sirm.

495 5277 582 5348 19)
615 5278 808 5348 ἑτέρας
841 5277 995 5330 addit
1030 5277 1205 5335 Sirm..

611 5349 640 5420 ό
673 5345 1186 5420 ιξαπτιστήςᾏφημι,
1217 5349 1316 5420 βοᾷ
1350 5351 1517 5405 Sirm.

493 5417 527 5469 2
540 5415 585 5485 Ι)
621 5415 954 5485 ἀνθρώπεια.
990 5415 1157 5472 Idem.

473 5483 585 5556 (22)
619 5483 736 5556 Sic.
765 5486 932 5556 Neap.
961 5489 1022 5540 τὸ
1057 5489 1246 5543 aberat
1277 5505 1306 5543 a
1331 5489 1496 5543 Sirm.
1526 5499 1580 5545 ct
1608 5490 1769 5545 Garn.

492 5555 582 5630 εξ)
620 5555 894 5630 Sicrecte
915 5559 1262 5630 iSirmondus,
1292 5567 1353 5613 ut
1386 5561 1441 5614 in
1469 5562 1628 5630 epist.
1666 5562 1779 5615 lOl.
1811 5563 1978 5617 Garn.

399 5624 638 5701 habebat
659 5626 967 5701 “Tutiam
994 5625 1102 5701 οἶδε
1132 5631 1222 5683 τὸν
1252 5630 1360 5701 πρὸ
1391 5624 1624 5692 αἱὼύων,
1659 5649 1711 5683 κ.
1742 5650 1791 5684 τ.
1822 5633 1899 5698 ἐξ.

491 5695 581 5768 24)
611 5714 665 5768 κ.
697 5713 751 5750 κ.
784 5697 835 5752 θ.
865 5698 1036 5768 ὠνόμ.
1066 5699 1229 5753 Sirm.

622 5765 747 5842 Haec
777 5765 1020 5842 είπτ-έςό
1044 5769 1176 5833 Θεός
1210 5788 1308 5841 μου
1347 5771 1546 5826 absunt
1572 5787 1602 5826 a
1635 5771 1797 5826 Sirm.

617 5835 725 5920 γὰρ
763 5837 915 5920 addit
954 5839 1118 5892 Sirm.

476 5903 587 5977 (27)
624 5903 772 5968 θείας
808 5906 979 5962 idcm.

1392 470 1879 531 THEUDORETI
1919 465 2256 526 El’iSCOPl
2297 463 2662 523 CYRENSIS

3527 449 3663 515 1272

2170 576 2512 645 Ἰἰκοίσαμεν
2541 573 2650 643 γὰρ
2693 572 2786 628 τοῦ
2833 573 3110 626 θειοτάτου
3145 569 3357 626 Παύλου
3391 568 3658 637 λέγοντος

2095 686 2111 717 ι
2143 662 2239 729 Εἷς
2271 666 2493 736 Κύριος,
2545 666 2644 735 μία
2683 665 2886 729 πίστις,
2923 665 2980 716 ἓν
3016 663 3317 733 βάπτισμα.
3361 681 3378 714 ι
3423 661 3534 718 Καὶ
3565 660 3664 714 πά-

2085 759 2184 810 λιν·
2240 777 2257 809 ι
2305 753 2397 820 Εἷς
2427 756 2648 828 Κύριος,
2705 754 2912 824 Ἰησοῦς
2945 755 3200 827 Χριστὸς,
3231 753 3302 806 δι’
3329 749 3392 806 οὗ
3421 752 3489 806 τὰ
3523 753 3664 807 πᾶν·

2084 869 2204 904 τα.»
2246 850 2354 904 Καὶ
2383 845 2556 913 αὖθιςο
2589 868 2605 900 ι
2631 847 2836 918 Ἰησοῦς
2867 847 3100 915 Χριστὸς
3131 846 3259 914 χθὲς
3306 845 3397 898 καὶ
3422 845 3666 916 σήμερον

2085 945 2112 1006 ὁ
2139 943 2298 1006 αὐτὸς
2329 941 2423 994 καὶ
2443 943 2522 1004 εἰς
2546 941 2674 1004 τοὺς
2696 939 2952 1002 αἰῶνας.»
2983 939 3090 992 Καὶ
3110 937 3358 1012 ἑτέρωθι,
3403 957 3420 988 ι
3475 937 3532 989 Ὁ
3568 953 3668 989 κα-

2085 1033 2277 1096 ταϐὰς,
2320 1031 2481 1094 αὐτὸς
2530 1031 2625 1084 καὶ
2673 1032 2701 1083 6
2747 1030 2952 1094 ἀναϐὰς
2987 1029 3243 1101 ὑπεράνω
3271 1028 3380 1080 τῶν
3419 1025 3667 1098 οὐρανῶν

2086 1129 2303 1181 πάντων
2335 1123 2468 1197 (i8).
2507 1143 2524 1176 ι
2570 1126 2680 1178 Καὶ
2726 1127 2925 1196 μυρίας
2970 1125 3028 1176 δὲ
3076 1122 3335 1186 τοιαύτας
3378 1119 3489 1191 (19)
3519 1119 3667 1173 ἔστιν

2089 1219 2218 1274 ἰδεῖν
2255 1218 2382 1290 παρ’
2415 1215 2564 1288 αύτῷ
2604 1215 2784 1288 φωνὰς
2825 1216 2915 1269 τὸν
2964 1216 3060 1269 ἕνα
3105 1215 3310 1286 Κύριον
3366 1208 3668 1284 κηρυττοὶ-

2089 1329 2205 1366 σας.

2157 1400 2312 1455 Οὕτω
2346 1400 2440 1455 καὶ
2465 1402 2493 1454 ὁ
2522 1401 2661 1464 θεῖος
2684 1397 3072 1470 εύαγγελιστὴς
3106 1398 3222 1470 βοᾷ·
3251 1417 3267 1447 ι
3304 1397 3414 1451 Καὶ
3436 1398 3463 1450 6
3493 1394 3666 1464 Λόγος

2089 1492 2226 1565 σὰρξ
2256 1494 2492 1562 ἐγένετο,
2542 1494 2637 1556 καὶ
2686 1494 2998 1562 ἐσκήνωσεν
3033 1493 3091 1545 ὲν
3119 1493 3254 1562 ἡμῖν
3289 1490 3405 1562 (καὶ
3437 1489 3667 1542 ἐθεασάο

2091 1585 2230 1654 μεθα
2257 1583 2356 1655 τὴν
2388 1583 2545 1650 δόξαν
2587 1582 2775 1644 αὐτοῦ,
2819 1582 2975 1647 δόξαν
3021 1583 3096 1645 ὡς
3132 1579 3472 1651 Μονογενοῦς
3507 1580 3668 1651 παρᾶ

2089 1676 2322 1746 Πατρδς)
2363 1675 2574 1747 πλήρης
2609 1675 2832 1747 χάριτος
2865 1674 2959 1728 καὶ
2989 1674 3269 1745 ἀληθείας.
3310 1693 3330 1726 ι

2158 1767 2268 1822 Καὶ
2291 1769 2318 1820 6
2349 1768 2536 1822 τούτου
2567 1767 2622 1821 δὲ
2650 1766 2937 1838 ὁμώνυμος
2963 1767 3090 1820 ἐϐόα
3126 1765 3234 1838 (20)
3259 1766 3482 1834 λέγων·σ
3507 1765 3667 1818 Ὀπί-

2090 1880 2165 1914 σω
2219 1879 2320 1932 μου
2374 1862 2590 1932 ἔρχεται
2629 1862 2790 1931 ἀνὴρ,
2831 1859 2888 1924 ὃς
2934 1859 3246 1930 ἔμπροσθέν
3283 1877 3384 1930 μου
3421 1858 3666 1928 γέγονεν,

2087 1955 2168 2007 ὅτι
2223 1953 2437 2022 πρῶτός
2478 1970 2580 2022 μου
2626 1948 2714 2023 ἦν.
2754 1971 2772 2002 ι
2814 1951 2925 2004 Καὶ
2984 1951 3045 2004 τὸ
3080 1951 3137 2003 ἓν
3169 1951 3459 2022 πρόσωπον
3486 1946 3668 2014 δείξας

2086 2043 2374 2114 ἀμφότερα
2415 2042 2654 2114 τέθηκε,
2709 2043 2801 2097 καὶ
2851 2042 2922 2096 τὰ
2965 2041 3106 2108 θεῖα,
3144 2043 3238 2096 καὶ
3271 2042 3342 2095 τὰ
3384 2038 3667 2113 ἀνθρώπι-

2086 2153 2151 2188 να
2189 2134 2322 2206 (2i).
2367 2133 2734 2205 Ἀνθρώπινον
2768 2135 2866 2206 μὲν
2913 2134 3044 2204 γὰρ,
3092 2133 3185 2188 καὶ
3234 2134 3317 2196 τὸ,
3347 2132 3525 2201 ἀνὴρ,
3569 2131 3668 2186 καὶ

2084 2226 2166 2292 τὸ,
2193 2225 2449 2295 ἔρχεται·
2490 2225 2630 2278 θεῖον
2656 2225 2712 2278 δὲ
2739 2225 2800 2278 τὸ
2841 2225 3121 2294 (22),”Οτι
3149 2223 3378 2294 πρῶτός
3417 2241 3532 2292 μου
3561 2218 3663 2292 ἦν.

2099 2316 2239 2370 Ἀλλ’
2271 2319 2419 2387 ὅμως
2453 2316 2553 2370 οὐκ
2579 2316 2736 2369 ἄλλον
2762 2312 2870 2369 οἶδε
2895 2315 2987 2368 τὸν
3013 2315 3187 2368 ὀπίσω
3224 2314 3540 2385 ἐρχόμενον,
3571 2312 3668 2365 καὶ

2086 2411 2244 2466 ἄλλον
2277 2412 2370 2464 τὸν
2403 2411 2510 2481 πρὸ
2541 2408 2707 2464 αὐτοῦ
2740 2408 2892 2462 ὄνταο
2921 2407 3056 2462 ἀλλὰ
3086 2408 3199 2478 (25)
3226 2405 3317 2458 τὸν
3352 2404 3514 2459 αὐτὸν
3555 2398 3668 2456 οἶδε

2087 2504 2412 2578 προαιώνιον
2447 2504 2545 2575 μὲν
2573 2503 2647 2567 ὡς
2671 2503 2824 2568 Θεὸν,
2856 2501 3142 2574 ἄνθρωπον
3165 2499 3221 2554 δὲ
3249 2498 3367 2570 μετ’
3399 2497 3564 2551 αὐτὸν
3598 2498 3666 2552 ἐκ

2085 2600 2183 2671 τῆς
2210 2595 2491 2669 Παρθένου
2529 2594 2811 2666 τεχθέντα.

2157 2690 2314 2743 Οὕτω
2337 2689 2431 2744 καί⁸
2475 2689 2504 2741 6
2553 2687 2954 2758 τρισμακάριος
2982 2685 3185 2756 Θωμᾶς
3212 2686 3281 2755 τῇ
3321 2683 3412 2738 τοῦ
3456 2683 3664 2756 Κυρίου

2089 2782 2252 2854 σαρκὶ
2289 2781 2386 2852 τὴν
2413 2783 2574 2852 χεῖρα
2598 2776 3005 2851 προσενεγκὼν,
3033 2776 3238 2848 Κύριον
3274 2776 3525 2846 ὠνόμασε
3573 2778 3668 2829 καὶ

2086 2873 2218 2928 Θεὸν
2248 2873 2382 2946 (ei),
2439 2871 2607 2925 εἰπών
2656 2869 2792 2941 (23)·
2825 2891 2842 2922 ι
2886 2870 2945 2921 '0
2976 2868 3180 2939 Κύριός
3221 2886 3320 2938 μου
3349 2867 3444 2920 καὶ
3476 2869 3503 2919 6
3533 2866 3668 2929 Θεός

2091 2984 2192 3035 μαλ’.)
2222 2978 2236 2993 ⁸
2277 2985 2294 3016 ι
2339 2964 2425 3018 διὰ
2468 2963 2566 3032 τῆς
2609 2962 2895 3032 ὁρωμένης
2935 2961 3149 3030 φύσεως
3194 2957 3530 3029 καταμαθὼν
3573 2947 3666 3011 τὸν

2087 3059 2340 3126 ἀόρατον.
2375 3053 2534 3108 Οὖτω
2560 3052 2658 3106 καὶ
2679 3054 2863 3124 ἡμεῖς,
2893 3052 2993 3121 τῆς
3018 3052 3118 3121 μὲν
3144 3049 3310 3104 αὐτοῦ
3349 3051 3550 3120 σαρκὸς
3570 3049 3668 3102 καὶ

2089 3149 2186 3218 τῆς
2224 3147 2478 3217 θεότητος
2499 3145 2596 3215 τὴν
2621 3144 2887 3215 διαφορὰν
2914 3143 3274 3209 ἐπιστάμεθα·
3306 3141 3402 3194 ἕνα
3422 3141 3476 3192 δὲ
3508 3142 3667 3208 ἴσμεν

2011 3247 2055 3304 ε
2092 3238 2219 3292 Υἰὸν
2253 3239 2344 3291 τὸν
2377 3236 2877 3306 ἑνανθρωπήσαντα
2913 3235 3045 3288 Θεὸν
3077 3235 3272 3302 Λόγον.

2157 3329 2344 3383 Ταῦτα
2379 3326 2492 3400 (26)
2522 3328 2618 3380 καὶ
2652 3326 2804 3398 παρὰ
2826 3327 2923 3397 τῆς
2952 3325 3112 3394 ἁγίας
3146 3323 3512 3396 (27)Γραφῆς
3558 3325 3668 3378 s6:-

2084 3419 2402 3490 δάχθημεν,
2455 3419 2550 3472 καὶ
2604 3417 2756 3488 παρὰ
2809 3416 2918 3470 τῶν
2981 3415 3188 3488 ταύτην
3237 3416 3670 3491 ἡρμηνευκότων

2084 3511 2253 3579 ἁγίων
2281 3509 2393 3582 (28)
2423 3508 2703 3580 Πατέρων,
2745 3509 3096 3579 Ἀλεξάνδρου
3148 3509 3242 3561 καὶ
3302 3507 3651 3571 Ἀθανασίου,

2084 3604 2193 3656 τῶν
2239 3601 2640 3674 μεγαλοφὼνων
2691 3600 2949 3671 κηρύκων
2987 3600 3083 3671 τῆς
3134 3597 3426 3668 ἀληθείας,
3479 3597 3530 3650 οἶ
3576 3597 3670 3650 τὸν

2085 3694 2441 3750 ἀποστολικὸν
2492 3693 2647 3764 ὑμῶν
2691 3691 3111 3761 κατεκόσμησαν
3167 3690 3277 3761 (‘29)
3313 3690 3524 3761 θρόνον,
3575 3689 3671 3742 καὶ

2087 3783 2391 3844 Βασιλείου,
2432 3782 2528 3836 καὶ
2559 3781 2886 3853 Γρηγορίου,
2913 3781 3007 3832 καὶ
3041 3779 3148 3832 τῶν
3180 3780 3355 3834 ἄλλων
3375 3781 3473 3850 τῆς
3498 3780 3669 3831 οἰκουι

2089 3876 2257 3945 μένης
2297 3875 2618 3947 φωστὴρων.
2653 3874 2775 3926 Ὅτι
2827 3872 2884 3925 δὲ
2936 3873 3026 3928 καὶ
3057 3872 3166 3943 (30)
3199 3875 3309 3935 τοῖς
3342 3871 3450 3926 τῶν
3484 3889 3666 3942 μακα-

2089 3970 2220 4040 ρίων
2249 3966 2507 4034 Θεοφίλου
2559 3965 2654 4018 καὶ
2699 3964 2970 4036 Κυρίλλού
3020 3965 3420 4034 συγγράμμασι
3466 3979 3675 4032 κεχρηο

2089 4060 2239 4130 μένοι
2267 4100 2281 4122 ,
2329 4059 2453 4120 τοὺς
2505 4056 2808 4125 ἀντιλέγειν
2854 4055 3166 4126 τολμῶντας
3215 4054 3668 4124 ὲπιστομίζομεν,

2087 4153 2229 4208 αὐτὰ
2269 4152 2543 4223 μαρτυρεῖ
2576 4149 2642 4203 τὰ
2668 4149 2992 4219 γράμματα.
3023 4147 3161 4209 Τοὺς
3190 4146 3299 4216 γὰρ
3328 4145 3426 4214 τῆς
3461 4148 3668 4197 Δεσπο-

2084 4245 2246 4315 τικῆς
2295 4241 2496 4316 σαρκὸς
2527 4241 2758 4310 καὶτῆς
2803 4239 3058 4309 θεότητος
3108 4237 3211 4307 τὴν
3257 4237 3521 4309 διαφορὰν
3569 4238 3671 4309 ἁρ-

2085 4337 2400 4407 νουμένους,
2431 4334 2525 4388 καὶ
2559 4332 2687 4386 ποτὲ
2736 4332 2834 4404 μὲν
2869 4331 2966 4402 τὴν
2997 4329 3146 4383 θείαν
3179 4329 3342 4398 φύσιν
3373 4329 3453 4391 εἰς
3486 4328 3668 4400 σάρκα

2083 4424 2386 4497 τετράφθαι
2436 4423 2549 4493 (51)
2595 4422 2894 4491 λέγοντας,
2939 4419 3068 4473 ποτὲ
3107 4420 3164 4473 δὲ
3217 4419 3318 4490 τὴν
3366 4419 3544 4490 σάρκα
3589 4421 3670 4481 εἰς

2086 4519 2340 4590 θεότητος
2371 4511 2810 4588 μεταϐεὕλῆσθαι
2845 4513 2969 4592 (32)
3023 4511 3207 4582 φύσιν.
3248 4513 3357 4574 τοῖς
3397 4510 3506 4564 τῶν
3533 4510 3669 4563 θαυ-

2011 4578 2056 4636 D
2092 4578 2453 4682 μασιῶτατιυν
2516 4604 2631 4677 (55)
2666 4578 2893 4675 ’ἀνδρῶν
2950 4578 3270 4674 ιραρμάγρις
3341 4599 3669 4671 θεραπεύειν

2091 4698 2491 4768 σπουδάζομεν.
2550 4695 2746 4764 Σαφῶς
2772 4695 2881 4766 γὰρ
2909 4695 3003 4747 καὶ
3035 4692 3143 4748 τῶν
3185 4692 3278 4746 δύο
3323 4690 3540 4761 φύσεων
3566 4690 3668 4759 τὴν

2089 4789 2354 4860 διαφορὰν
2393 4787 2540 4857 ἡμᾶς
2579 4782 2985 4847 ὲκπαιδεύουσι,
3019 4782 3114 4835 καὶ
3157 4780 3219 4833 τὸ
3266 4779 3534 4850 ἄτρεπτον
3567 4776 3667 4848 τῆς

2195 4975 2237 5003 ⁷⁸
2270 4971 2471 5041 Ephes.
2508 4985 2582 5030 ιτ,
2615 4966 2696 5019 10.
2810 4966 2852 4995 ⁷⁷
2877 4965 3033 5021 ιῐυιιιι.
3071 4982 3107 5030 ι,
3139 4965 3219 5018 Η.
3336 4963 3380 4994 ⁷⁸
3405 4961 3546 5016 ibid.
3568 4959 3662 5018 20.

2155 5213 2268 5280 (‘28)
2298 5213 2386 5279 ἀγ.
2421 5212 2576 5265 abest
2605 5227 2632 5265 a
2663 5211 2824 5266 Sirm.

2299 5283 2663 5364 ξιεκόσμησαν
2687 5282 2853 5334 Idem.

2157 5346 2268 5424 (50)
2288 5352 2415 5424 (Hoc
2436 5346 2632 5406 melius
2655 5368 2819 5420 quam
2848 5350 2994 5424 quod
3015 5349 3187 5424 edidit
3216 5348 3540 5403 Garnerius;
3567 5346 3664 5400 καὶ

2083 5425 2198 5485 τοῖς
2228 5423 2336 5475 τῶν
2368 5423 2807 5493 μακαριωτςίιτωνΔ
2844 5423 2905 5475 Θ.
2950 5438 3004 5474 κ.
3047 5423 3115 5493 Κ.
3159 5435 3378 5489 γραμμ.
3419 5435 3575 5493 κεχρ.
3606 5435 3659 5470 τ.

2085 5511 2141 5547 α.
2180 5511 2232 5546 τ.
2264 5490 2444 5545 επιστ.
2479 5490 2575 5544 καὶ
2605 5491 2692 5544 διὰ
2718 5490 2923 5544 τούτων
2955 5491 3092 5544 αὐτὰ
3135 5507 3192 5559 μ,
3232 5506 3282 5543 τ.
3337 5490 3660 5559 πράγματα.

2160 5562 2272 5631 (51)
2305 5562 2606 5631 ὲστράφθαι
2647 5560 2816 5615 Garn.
2853 5561 2914 5614 τὸ
2959 5556 3232 5631 ἄτρεπτον
3263 5575 3313 5611 τ.
3361 5556 3512 5621 θείας
3560 5556 3662 5628 φύ-

2093 5629 2227 5691 σεως
2257 5629 2419 5700 paulo
2449 5639 2589 5700 post.
2624 5639 3015 5685 commemorat
3048 5629 3444 5686 Theodoretus.

2162 5697 2272 5768 (59.)
2304 5702 2394 5755 Sic
2421 5697 2639 5754 eSirm.
2671 5702 3076 5764 constituimus,
3102 5700 3248 5769 quod
3281 5697 3551 5768 superiori
3574 5714 3660 5748 τεο

2085 5770 2839 5842 egistis:accommodatius
2887 5780 3035 5842 esset
3096 5785 3258 5841 quam
3310 5769 3659 5842 participium

2091 5840 2520 5912 μέταϐληθείσαν
2549 5841 2692 5910 apud
2717 5841 3062 5912 Carnerium.

2163 5911 2274 5986 (55)
2303 5911 2621 5982 Θαυμασίων
2645 5911 2849 5966 τούτων
2873 5912 3036 5968 Sirm.
