4056 6422
344 441 487 508 1273

300 686 303 691 .
337 663 417 699 κα
444 644 605 699 θείαν
624 646 726 717 μὲν
752 645 1138 711 ἀποκαλοῦσιν,
1170 646 1245 711 ὡς
1273 647 1368 700 τοῦ
1412 646 1547 700 Θεοῦ
1569 648 1761 718 Λόγου
1807 648 1921 719 (δι)

332 739 522 808 σάρκα
552 738 951 808 γεγενημένην·
1002 738 1065 791 τὸ
1110 737 1169 790 δὲ
1206 738 1288 802 είς
1335 738 1590 809 θεότητος
1627 739 1798 811 αὐτὴν
1828 757 1924 810 με·

326 828 700 898 ταϐεόλῆσθαι
740 828 921 898 φύσιν,
945 828 1022 891 ὡς
1062 827 1259 891 ἀσεϐὲς
1284 829 1757 902 ἀποκηρύττουσιν
1786 831 1920 902 (35).

409 920 532 972 Ὀτι
557 918 615 972 δὲ
644 919 737 972 καὶ
761 921 789 972 ό
812 919 912 989 τῆς
947 919 1224 991 μακαρίας
1250 919 1362 992 (56)
1400 922 1624 992 μνήμης
1651 920 1922 995 Κύριλλος

323 1012 595 1076 πολλάκις
625 1014 760 1083 ημῖν
803 1011 1146 1077 ἐπέστειλεν,
1197 1008 1351 1083 οἶμαι
1411 1013 1506 1067 καὶ
1549 1014 1647 1085 τὴν
1680 1015 1779 1086 σὴν
1822 1031 1922 1068 σα-

329 1104 456 1172 ςῶς
486 1103 684 1157 είδέναι
730 1103 1044 1174 τελειότητα
1085 1103 1222 1174 (37).
1256 1105 1369 1157 Kal.
1391 1104 1552 1174 ἡνίκα
1581 1104 1639 1159 δὲ
1681 1104 1750 1159 τὰ
1779 1103 1923 1159 κατά

338 1192 641 1246 Ἰουλιανοῦ
681 1193 1092 1264 συγγράμματα
1121 1195 1202 1256 είς
1243 1194 1341 1263 τὴν
1384 1194 1718 1265 Ἀντιόχειαν
1757 1193 1923 1247 ἐκπέ-

325 1302 556 1356 πομφεν
598 1284 749 1353 (38),
784 1284 1048 1349 ὡσαύτως
1091 1284 1149 1338 δὲ
1196 1286 1293 1339 καὶ
1338 1284 1410 1338 τά
1438 1287 1520 1350 είς
1548 1286 1642 1341 τὸν
1671 1285 1922 1354 ἀποπομ-

323 1380 494 1431 παϊον
536 1376 839 1448 γραφέντα,
871 1375 964 1429 τὸν
995 1376 1267 1449 μακάριον
1295 1374 1497 1447 ᾔτησεν
1540 1376 1794 1446 Ἰωάννην
1828 1376 1923 1429 τὸν

321 1467 433 1538 ’τῆς
463 1468 786 1538 Ἀντιοχέων
817 1467 931 1539 (39)
963 1467 1285 1530 ἐπίσκοπον,
1318 1467 1581 1534 ἐπιδείξαι
1611 1467 1782 1521 ταῦτα
1808 1465 1918 1537 (40)

324 1564 446 1625 τοῖς
489 1560 635 1616 κατά
683 1561 781 1632 τὴν
812 1559 955 1632 ιῴαν
1005 1560 1370 1633 διαπρέπουσι
1423 1560 1784 1626 διδασκάλοις,
1827 1562 1922 1616 καὶ

331 1651 404 1724 δὴ
431 1655 547 1718 τοῖς
587 1653 911 1725 γράμμασιν
951 1652 1102 1719 εἴξας
1152 1654 1181 1707 ό
1230 1653 1502 1725 μακάριος
1543 1651 1792 1725 Ἰωάννης
1820 1654 1918 1707 πέ-

329 1758 554 1814 πομφεν
582 1745 717 1815 ἡμῖν
758 1741 857 1806 τὰς
905 1741 1147 1813 βίὸλους,
1188 1743 1281 1797 καὶ
1319 1743 1643 1812 ἀναγνόντες
1676 1742 1920 1814 ἐθαυμά-

332 1850 535 1904 σαμεν,
601 1833 695 1886 καὶ
734 1832 1128 1904 επεστείλαμεν
1186 1832 1299 1905 (41)
1345 1832 1423 1904 τῷ
1477 1835 1577 1904 τῆς
1641 1833 1918 1906 μακαρίας

1598 451 1965 513 EPISTOLA
2003 456 2333 519 LXXXIII.

334 552 494 615 θείας
525 551 854 624 κηρύττουσι
889 554 1123 623 φύσεως,
1160 554 1253 607 καὶ
1283 554 1379 624 τὴν
1410 555 1749 628 Δεσποτικὴν
1782 556 1917 624 σάρ-

2022 556 2248 627 factam;
2312 562 2459 617 illam
2514 573 2698 618 autem
2756 565 2774 583 ⁶

3472 464 3608 530 1271

2818 563 2874 618 in
2924 563 3231 622 divinitatis
3278 582 3604 627 conversam

2026 650 2198 707 fuisse
2223 663 2499 720 naturam,
2524 656 2676 710 velut
2697 655 2928 727 impium
2958 657 3236 728 rejiciunt.

2095 915 2275 970 Beata:
2305 931 2473 985 porro
2494 916 2769 970 memoria:
2807 916 3071 988 Cyrillqu
3118 933 3260 989 smpe
3289 918 3355 973 ad
3385 935 3487 974 nos
3513 920 3607 974 lit.-

2025 1016 2172 1060 teras
2203 1006 2422 1062 dedisse
2454 1016 2803 1078 perspectum
2849 1016 2953 1074 est,
2987 1009 3208 1079 Opinor,
3262 1012 3605 1067 excellentia:

2029 1103 2155 1149 tuae.
2185 1095 2292 1151 Sed
2319 1106 2374 1151 et
2404 1095 2626 1166 quando
2652 1112 2783 1152 suos
2812 1096 3078 1153 adversus
3103 1098 3383 1154 Julianum
3429 1099 3604 1155 libros

2023 1186 2175 1241 misit
2195 1186 2565 1251 Antiochiam,
2598 1187 2969 1258 similiterque
3018 1188 3224 1243 librum
3253 1190 3322 1245 de
3373 1192 3602 1246 emissa-

2024 1280 2131 1344 rio,
2175 1277 2383 1349 1151
2440 1279 2662 1333 beatum
2712 1280 2979 1336 Joannem
3024 1281 3242 1351 rogavit
3284 1283 3603 1354 episcopum

2021 1370 2454 1436 Antiochenum,
2489 1380 2551 1426 ut
2579 1372 2706 1427 illos
2735 1372 2996 1441 spectatis
3020 1387 3120 1443 per
3162 1372 3447 1430 Orientem
3482 1392 3604 1431 ma-

2023 1461 2210 1532 gistris
2257 1461 2599 1528 ostenderet,
2671 1461 2988 1531 litterisque
3035 1462 3351 1532 obsequens
3411 1465 3610 1520 beatus

2024 1551 2266 1607 Joannes
2305 1552 2467 1607 nobis
2498 1551 2672 1607 libros
2716 1552 2892 1616 misit,
2930 1567 3070 1621 quos
3127 1553 3380 1623 legentes
3411 1569 3607 1625 suspe-

2022 1643 2224 1706 ximus,
2254 1652 2311 1697 et
2363 1643 2537 1699 beatae
2588 1643 2870 1697 memoria:
2915 1642 3122 1714 Cyrillo
3162 1644 3520 1713 scripsimus:
3546 1656 3607 1703 et

2024 1733 2114 1789 ille
2149 1734 2218 1788 ad
2252 1748 2355 1789 nos
2389 1733 2695 1803 rescripsit,
2756 1733 3213 1804 diligentiamque
3252 1751 3316 1790 ac
3360 1737 3602 1791 benevo-

2025 1825 2258 1881 lentiam
2282 1833 2528 1880 nostram
2556 1822 3001 1881 commendavit:
3042 1842 3165 1896 quae
3213 1827 3413 1884 litterae
3454 1828 3603 1900 apud

331 1924 561 1995 μνήμης
606 1923 879 1998 Κυρί).λῳ·
917 1924 1015 1978 καὶ
1046 1923 1357 1996 ἀντέγραψε
1393 1924 1505 1997 (42)
1553 1925 1717 1980 πάλιν
1762 1926 1915 1997 ἡμῖν,

2021 1931 2122 1971 nos
2151 1924 2460 1972 εοῐνιιηίυτ.

327 2016 430 2070 καὶ
451 2016 742 2089 ἀκρίϐειαν
763 2018 896 2089 ἡμῖν
927 2017 1025 2071 καὶ
1054 2015 1293 2073 διάθεσιν
1324 2017 1641 2089 μαρτυρῶνο
1675 2017 1772 2073 καὶ
1810 2016 1919 2071 σώ-

326 2106 491 2174 ζεται
525 2106 703 2163 ταῦτα
726 2107 794 2162 τὰ
825 2107 1130 2180 γράμματα
1160 2107 1289 2179 παρ’
1320 2108 1472 2179 ἡμῖν.

410 2197 533 2253 Ὀτι
580 2197 637 2252 δὲ
673 2198 788 2270 (45)
833 2198 929 2252 καὶ
973 2200 1088 2262 τοῖς
1117 2197 1245 2270 περὶ
1274 2197 1573 2270 Νεστορίου
1603 2197 1917 2270 ὕπαγορευ-

327 2289 477 2344 θεῖσι
503 2289 695 2362 τόμοις
723 2289 829 2344 ὑπὸ
853 2289 950 2345 τοῦ
974 2290 1074 2362 τῆς
1096 2289 1376 2362 μακαρίας
1404 2291 1631 2361 μνήμης
1668 2291 1917 2345 Ἰωάννου

322 2379 415 2446 δὶς
444 2381 871 2454 ὑπεγράψαμεν,
906 2379 1279 2454 μαρτυροῦσιν
1312 2381 1443 2451 ἡμῖν
1469 2381 1742 2453 αίχεῖρες.
1776 2379 1916 2434 Ἀλλ’

321 2467 480 2530 οὗτοι
508 2475 685 2531 ταῦτα
723 2492 790 2529 πε
799 2476 853 2546 pl.
878 2473 1038 2548 ἡμῶν
1063 2473 1376 2546 θρυλλοῦσι,
1412 2473 1511 2545 τὴν
1534 2473 1742 2530 οἰκείαν
1761 2473 1917 2527 νόσον

323 2567 396 2637 τῇ
435 2564 561 2619 καθ’
591 2563 751 2637 ἡμῶν
778 2563 1116 2636 συκοφαντίᾳ
1144 2560 1461 2627 συσκιάζειν
1485 2560 1840 2634 πειρώμενοι.

450 2656 874 2728 Αποστραφήτω
938 2655 1051 2729 (44)
1104 2655 1284 2709 τοίνυν
1335 2657 1368 2727 ἡ
1426 2654 1494 2726 σὴ
1543 2654 1761 2725 ὁσιότης
1801 2654 1913 2728 (15)

319 2747 458 2811 τοὺς
492 2745 604 2820 (ιϐ)
634 2746 930 2811 λαλοῦντας
956 2745 1016 2801 τὺ
1040 2745 1259 2816 ψεῦδος,
1289 2748 1383 2799 καὶ
1410 2745 1507 2817 τῆς
1531 2745 1915 2817 ἐκκλησιαστι-

321 2837 437 2908 κῆς
458 2836 793 2910 φροντιζέτω
821 2837 1088 2909 γαλήνης,
1117 2838 1214 2891 καὶ
1247 2838 1375 2901 τοὺς
1414 2834 1758 2907 διαφθείρειν
1795 2837 1916 2889 ὲπι-

324 2929 650 3001 χειροῦντας
704 2928 817 3001 (47)
866 2929 968 3000 τῆς
1022 2928 1282 3001 ἀληθείας
1334 2928 1402 2982 τὰ
1436 2928 1703 2999 δόγματα,
1740 2927 1773 3000 ἢ
1804 2930 1928 2996 τοϊς-

330 3020 681 3087 ἀλεξικάκοις
703 3010 1055 3095 θεραπευέτω
1079 3021 1413 3092 φαρμάκοις,
1434 3020 1468 3092 ἢ
1491 3020 1592 3092 τὴν
1617 3020 1916 3093 θεραπείαν

327 3111 408 3186 μὴ
448 3112 796 3183 δεχομένους,
853 3112 930 3177 ὡς
977 3112 1300 3183 ἀνηκέστως
1349 3111 1752 3182 διακειμένους.
1807 3113 1918 3168 τῶν

2092 2220 2251 2288 Quod
2271 2235 2404 2275 vero
2429 2219 2635 2275 libellis
2659 2218 2728 2274 de
2747 2218 3002 2275 Nestorio
3035 2216 3334 2289 publicatis
3358 2232 3388 2270 a
3422 2215 3600 2270 beatae

2018 2313 2302 2367 memorim
2330 2312 2565 2374 Joanne,
2600 2310 2688 2365 bis
2731 2308 3188 2393 subscripsimus,
3220 2323 3418 2363 manus
3467 2307 3604 2376 ipsa:

2019 2412 2227 2458 nostrae
2261 2410 2555 2457 testantur.
2579 2401 2685 2457 Sed
2711 2400 2817 2472 ipsi
2840 2400 2971 2455 talia
2996 2399 3065 2455 de
3086 2398 3249 2455 nobis
3279 2406 3598 2460 susurrant,

2018 2495 2113 2565 qui
2145 2494 2280 2549 vitia
2312 2508 2410 2548 sua
2440 2493 2740 2558 calumnia,
2762 2507 2871 2562 qua
2926 2505 3029 2545 nos
3075 2498 3294 2561 petunt,
3339 2488 3602 2559 obtegere

2017 2587 2323 2642 enituntur.

2087 2677 2270 2744 Quare
2301 2685 2588 2733 aversetur
2613 2674 2878 2730 sanctitas
2910 2682 3005 2728 tua
3045 2672 3341 2742 loquentes
3372 2667 3603 2725 menda-

2018 2769 2188 2835 cium,
2223 2776 2278 2824 et
2313 2767 2705 2824 ecclesiastica:
2738 2763 3159 2835 tranquillitatis
3195 2777 3385 2818 curam
3420 2758 3601 2816 susci-

2019 2861 2152 2932 piat,
2185 2875 2392 2930 eosque
2422 2848 2519 2930 qui
2556 2857 2861 2912 instituunt
2889 2855 3145 2911 veritatis
3195 2853 3452 2924 dogmata
3479 2866 3603 2906 cor-

2020 2967 2299 3022 rumpere,
2326 2957 2425 3005 aut
2450 2940 2797 3026 salutaribus
2826 2956 2985 3003 curet
3028 2944 3471 3008 medicamentis,
3506 2950 3604 2996 aut

2020 3044 2366 3100 curationem
2381 3048 2703 3097 recusantes
2729 3047 2989 3109 tanquam
3016 3035 3351 3092 insanabiles
3374 3049 3405 3088 a
3431 3030 3606 3088 caulis

2022 3136 2232 3209 ejiciat,
2260 3151 2331 3191 ne
2356 3133 2490 3204 quid
2520 3149 2589 3188 ex
2615 3133 2683 3187 iis
2708 3128 3053 3201 contagionis
3090 3128 3312 3183 trahant
3334 3139 3605 3191 oves,nos

324 3202 597 3273 ποιμνίων
623 3202 952 3270 ἐξελασάτω,
985 3204 1072 3257 ἵνα
1104 3203 1178 3276 μὴ
1207 3204 1307 3273 τῆς
1337 3202 1561 3256 ἐκείνων
1589 3203 1777 3275 λώϐης
1811 3222 1913 3275 με-

2021 3202 2154 3284 vero
2200 3202 2468 3281 consueto
2513 3222 2757 3293 alloquio
2784 3236 2855 3275 ne
2890 3219 3215 3275 frustretur.
3264 3216 3421 3284 Quod
3452 3215 3604 3271 enim

321 3293 538 3385 ταλάχῃ
597 3293 709 3367 (43)
756 3294 826 3350 τά
875 3295 1147 3368 πρόϐατα,
1187 3296 1337 3367 ἡμᾶς
1386 3295 1444 3349 δὲ
1495 3296 1597 3365 τῆς
1652 3298 1917 3366 συνήθους

2021 3335 2083 3375 ea
2114 3318 2422 3374 sentiamus
2455 3329 2578 3385 qute
2642 3311 2992 3382 scripsimus,
3021 3309 3152 3365 libri
3189 3308 3293 3380 ipsi
3332 3314 3607 3362 testantur

322 3380 565 3448 ἀξιούτω
593 3382 975 3455 προσρήσεως.
1014 3384 1136 3438 ’Ὁτι
1163 3384 1276 3454 γὰρ
1307 3383 1343 3438 ἀ
1373 3384 1682 3457 φρονοῦμεν
1707 3386 1914 3456 γεγρά-

327 3490 516 3545 φαμεν
548 3474 683 3547 (19),
737 3477 1011 3547 μαρτυρεῖ
1040 3474 1137 3529 καὶ
1167 3474 1237 3528 τά
1283 3478 1413 3547 παρ’
1459 3476 1616 3547 ἡμῶν
1668 3493 1915 3548 συγγρα-

324 3565 503 3636 φέντα
526 3566 607 3630 είς
635 3565 735 3630 τὰς
777 3564 930 3631 θείας
971 3565 1228 3638 Γραφάς,
1270 3567 1367 3620 καὶ
1397 3566 1539 3621 κατὰ
1585 3566 1694 3622 τῶν
1722 3567 1791 3621 τά
1820 3566 1916 3621 τοῦ

338 3657 557 3731 Ἀρείου
588 3657 683 3712 καὶ
712 3656 980 3729 Εὐνομίου
1013 3659 1379 3729 φρονούντων.

402 3769 549 3842 Πρὸς
593 3769 651 3824 δὲ
683 3768 894 3834 τούτοις
937 3770 1034 3825 καὶ
1077 3769 1346 3843 σύντρμον
1380 3772 1793 3844 ἀκροτελεύτιον
1837 3776 1920 3830 τε.

325 3859 491 3934 θημι⁹
528 3859 596 3915 Εἰ
620 3878 706 3926 τις
749 3861 847 3932 οὐχ
888 3860 1144 3933 ὁμολογεῖ
1172 3861 1283 3935 (50)
1311 3862 1411 3936 τὴν
1447 3864 1609 3933 ἁγίαν
1644 3865 1919 3937 Παρθένον

327 3951 616 4017 θεοτόκον,
668 3952 703 4024 ἢ
745 3951 901 4022 ψιλὸν
934 3951 1223 4024 ἄνθρωπον
1257 3954 1526 4011 ἀποκαλεῖ
1566 3955 1659 4011 τὸν
1712 3957 1920 4030 Κύριον

325 4042 494 4115 ἡμῶν
530 4042 739 4114 Ἰησοῦν
785 4043 1047 4115 Χριστὸνδ
1073 4043 1106 4118 ἦ
1137 4043 1218 4110 είς
1270 4043 1364 4099 δύο
1395 4046 1546 4110 υἱοὺς
1581 4046 1795 4119 μερίζει
1826 4048 1919 4104 τὸν

324 4134 429 4189 ἶνα
469 4134 774 4205 Μονογενῆ,
806 4136 902 4190 καὶ
931 4137 1280 4208 πρωτότοκον
1313 4136 1497 4207 πάσης
1528 4138 1630 4209 τῆς
1662 4139 1916 4205 κτίσεως,

330 4224 561 4281 ἔκπεσοι
595 4226 695 4299 τῆς
731 4228 813 4290 είς
843 4226 1081 4300 Χριστόν
1120 4226 1359 4295 ἐλπίδος,
1391 4228 1486 4282 καὶ
1515 4230 1726 4285 είπάτω
1756 4232 1866 4297 πᾶς
1889 4234 1919 4287 ό

326 4314 483 4381 λαόςο
515 4317 751 4382 Γὲνοιτο,
781 4315 993 4387 γένοιτο
1015 4318 1028 4372 !

404 4407 520 4482 (51)
555 4408 774 4464 Τούτων
803 4408 861 4464 δὲ
889 4408 1022 4482 παρ’
1049 4408 1207 4482 ἡμῶν
1234 4409 1409 4475 οὕτως
1454 4408 1789 4483 είρημένων,
1819 4411 1919 4477 τὰς

329 4500 487 4573 ἱεράς
515 4518 611 4555 σου
660 4499 828 4572 εὐχὰς
867 4504 1172 4572 παρασχεῖν
1206 4519 1318 4573 μοι,
1358 4500 1615 4569 δέσποτα,
1651 4501 1921 4568 καταξίω-

2018 3425 2158 3482 quos
2199 3408 2501 3467 edidimus,
2547 3414 2664 3461 tum
2731 3404 2789 3458 in
2847 3417 3062 3458 sacram
3102 3399 3317 3471 1152
3345 3396 3602 3467 Scriptu-

2019 3515 2160 3566 ram,
2199 3507 2317 3555 tum
2347 3496 2616 3553 adversus
2639 3494 2879 3551 Arianos
2922 3500 2979 3547 et
3008 3487 3407 3546 Eunomianos.

2090 3781 2172 3837 Ad
2198 3781 2318 3835 hac
2362 3786 2547 3834 autem
2585 3774 2922 3832 succinctam
2970 3772 3115 3829 addo
3164 3771 3510 3836 coronidem,
3553 3770 3605 3827 si

2019 3874 2147 3945 quis
2198 3879 2445 3929 sanctam
2478 3868 2761 3939 Virginem
2815 3865 3106 3937 Deiparam
3148 3879 3260 3920 non
3313 3864 3471 3928 dicit,
3507 3872 3607 3918 aut

2019 3978 2224 4037 purum
2256 3961 2542 4018 hominem
2575 3966 2736 4014 vocat
2786 3956 3083 4012 Dominum
3119 3963 3369 4010 nostrum
3413 3951 3603 4009 Jesum

2017 4053 2320 4118 Christum,
2354 4053 2443 4106 vel
2478 4051 2533 4104 in
2567 4048 2707 4103 duos
2743 4047 2884 4101 ﬁlios
2919 4045 3119 4101 dividit
3145 4061 3316 4100 unum
3342 4041 3609 4113 Unigeni-

2020 4146 2135 4192 tum
2150 4152 2215 4192 ac
2229 4135 2656 4208 primogenitum
2682 4133 2861 4188 omnis
2880 4141 3167 4195 creaturae,
3188 4147 3220 4186 a
3249 4146 3344 4201 spe
3362 4131 3415 4185 in
3432 4128 3600 4185 Chri-

2021 4238 2167 4283 stum
2195 4225 2432 4289 excidat,
2458 4234 2515 4280 et
2546 4224 2695 4279 dicet
2722 4222 2902 4278 omnis
2926 4222 3193 4292 populus:
3219 4222 3361 4286 Fiat,
3393 4218 3525 4275 ﬁat!

2091 4415 2187 4471 His
2215 4415 2291 4470 ita
2312 4411 2476 4468 dictis
2499 4425 2531 4465 a
2551 4408 2732 4472 nobis,
2760 4414 2982 4463 sanctas
3009 4420 3205 4477 preces
3233 4413 3357 4460 tuas
3398 4403 3605 4474 imper—

2023 4505 2114 4561 tiri
2132 4505 2295 4562 nobis
2316 4504 2564 4574 dignare,
2596 4506 2652 4553 et
2685 4498 2896 4554 mutuis
2952 4497 3191 4552 hilarare
3221 4492 3445 4559 litteris,
3480 4492 3604 4562 qui-

330 4609 446 4656 σον,
481 4592 579 4647 καὶ
627 4591 986 4664 ἀντιγράφοις
1023 4593 1293 4664 εὐφρᾶναι
1320 4632 1336 4658 ,
1390 4591 1646 4664 δηλοῦσιν
1690 4594 1766 4659 ὡς
1811 4596 1917 4650 ἀπ-

2021 4596 2127 4650 bus
2182 4591 2406 4665 pateﬁat
2465 4586 2814 4646 sanctitatem
2881 4596 3033 4643 tuam
3093 4583 3336 4641 aversari
3393 4581 3605 4639 calum-

328 4683 583 4756 εστράφη
606 4699 701 4737 σου
726 4684 759 4754 ἠ
797 4681 1077 4756 ἀγιωσύνη
1105 4684 1230 4748 τοὺς
1264 4684 1627 4755 συκοφάντας.

427 4855 518 4923 54)
549 4857 723 4925 Λόγου
753 4857 945 4912 aberat
966 4873 997 4912 a
1023 4856 1191 4913 Garn.

415 4926 518 4997 [35)
546 4926 681 4997 (Hoc
735 4928 962 4992 rectius,
1015 4943 1141 4982 cum
1184 4937 1345 4984 antea
1399 4929 1473 4986 sit
1525 4929 1916 4988 ἀποκαλοῦσιν.

327 4994 508 5055 Sirm.
540 4996 780 5052 habebat
815 4996 1189 5066 ἀπεκήρυξαν.

427 5066 518 5131 36)
550 5084 605 5121 κ.
634 5067 785 5131 ὁσίας
809 5065 963 5122 addit
985 5065 1167 5122 ’Garn.

429 5135 521 5208 5?)
552 5135 750 5208 ειδέναι
784 5154 914 5208 σαεξ.
949 5137 1215 5208 ἀγιότητα
1237 5135 1402 5193 Sirm.

430 5205 520 5284 ἓξ)
551 5206 801 5284 πέποιμςρ.
834 5205 1006 5284 Idem.

429 5274 521 5348 39)
551 5277 653 5348 τῆς
680 5274 1019 5348 -Ἇντιοχείας
1054 5274 1222 5332 Sirm.

431 5345 523 5402 40)
558 5345 719 5400 αὑτά.
757 5345 928 5402 Idem.

428 5415 521 5472 41)
553 5417 748 5472 ἀπεστ.
780 5415 947 5472 Garn.

429 5483 520 5555 42)
550 5483 755 5555 ἔγραψε
785 5485 952 5541 Garn.

553 5555 725 5611 Abest
754 5555 847 5630 hic
873 5557 1029 5610 locus
1053 5555 1176 5608 ’Ὁτι
1216 5557 1354 5630 δὲς-
1380 5557 1718 5630 πειρώμενοι
1746 5574 1776 5615 a
1812 5559 1925 5615 Sir-

328 5626 526 5684 mondi
570 5627 928 5700 recensione;
972 5640 1151 5696 neque
1192 5627 1370 5700 audeo
1407 5626 1607 5700 dicere
1641 5645 1805 5700 quam
1852 5630 1926 5685 sit

329 5711 535 5762 verus;
565 5696 673 5767 nisi
716 5696 1049 5767 intelligatur
1088 5711 1205 5767 pax,
1229 5696 1838 5755 Theodoretum'inter
1868 5708 1926 5753 et

328 5768 601 5841 Joannem
634 5765 1038 5841 Antiocbcuum
1087 5765 1302 5841 tandem
1337 5769 1634 5839 aliquando
1677 5779 1801 5841 post
1842 5769 1925 5823 in-

329 5838 589 5894 stitutum
611 5836 945 5906 colloquium
973 5837 1143 5900 facta,
1180 5837 1249 5892 de
1271 5855 1378 5906 qua
1412 5836 1469 5893 re
1514 5836 1697 5894 noster
1739 5847 1923 5894 narrat

333 5910 394 5966 in
413 5907 668 5981 epistola,
711 5922 832 5979 quae
873 5916 953 5961 est
1002 5906 1100 5965 162
1130 5906 1402 5979 synodici,
1445 5927 1682 5981 quocum
1709 5913 1923 5966 cont‘crt

2024 4686 2288 4744 uiatores.

2023 4860 2169 4917 intra
2195 4861 2360 4931 epist.
2402 4859 2473 4931 80
2489 4875 2508 4923 ;
2536 4869 2849 4931 quanquam
2901 4853 3002 4931 ista
3047 4866 3153 4931 pax
3185 4865 3292 4931 non
3324 4848 3380 4903 in
3403 4846 3599 4902 Nesto-

2026 4933 2170 4986 rium
2194 4921 2370 5001 ipsum
2401 4921 2588 5001 iniqua
2609 4921 2750 5001 erat,
2779 4925 2836 4978 in
2868 4923 3027 5001 cujus
3054 4921 3460 5001 damnationem
3489 4931 3601 5001 non

2024 4987 2380 5056 consenserat
2443 4987 2846 5067 Theodoretus,
2892 4987 2989 5048 sed
3045 4989 3342 5067 admiserat
3374 4987 3604 5067 Joannis
3652 5056 3655 5061 _

2021 5072 2289 5140 scriptum
2318 5069 2387 5140 de
2402 5066 2761 5140 dogmatibus
2873 5060 3249 5140 cognoveram
3267 5057 3603 5140 ‘Nc‘storiana

2024 5126 2293 5194 trac'latis.
2317 5137 2451 5192 Vide
2475 5126 2915 5206 Epistusynodici
2946 5130 3069 5197 159,
3106 5127 3207 5184 100
3228 5136 3285 5184 et
3315 5126 3437 5182 161.

2101 5208 2207 5285 (
2237 5203 2611 5285 ᾁπργραφῆτω
2637 5203 2801 5259 Garn.

2119 5274 2210 5347 45)
2236 5279 2270 5347 ή
2303 5274 2398 5347 όσξ
2422 5274 2527 5347 σου
2552 5274 2719 5329 Sirm.

2117 5344 2208 5408 46)
2236 5344 2434 5408 αὐτούς
2488 5344 2660 5406 Garn,

2120 5413 2208 5484 47)
2236 5415 2550 5484 τολμῶντας
2582 5413 2746 5484 Sirm.

2119 5286 2188 5332 45
2236 5286 2270 5347 η
2303 5286 2385 5329 oc.
2422 5292 2516 5328 σου
2552 5286 2719 5329 sum.

2117 5348 2187 5402 46
2236 5345 2434 5408 αὐτούς
2488 5344 2660 5406 Garn,

2120 5418 2186 5471 47
2236 5415 2550 5484 τολμῶντας
2582 5413 2746 5468 Sirm.

2121 5489 2183 5543 48
2238 5486 2329 5542 Sic
2361 5493 2416 5540 et
2443 5484 2608 5556 epist.
2650 5482 2752 5538 105
2795 5492 2938 5537 extr.
2965 5481 3132 5536 (παι-ιι.
3163 5472 3402 5531 habebat
3434 5488 3601 5541 μετα·

2022 5558 2090 5611 λά
2127 5574 2181 5611 η.

2024 5559 2207 5697 Αάϐἒό)
2232 5643 2390 5697 γεγρ.
2428 5623 2712 5679 exciderat
2732 5637 2762 5679 e
2783 5621 2949 5676 Garu.

2096 5629 2208 5767 (50)
2239 5698 2298 5751 οὐ
2327 5696 2473 5767 λέγει
2503 5695 2668 5749 Sirm.

2096 5698 2208 5841 ἔξῗέ

2188 5209 2210 5558 ἓ

2120 5698 2208 5765 50)
2239 5695 2298 5751 οὐ
2327 5695 2473 5764 λέγει
2503 5695 2668 5749 Sirm.
3112 5754 3147 5765 η
3171 5753 3185 5765 ,
3293 5760 3304 5765 ,
3350 5751 3403 5765 η,

2122 5751 2208 5835 δι)
2239 5768 2371 5835 Qua:
2400 5751 2491 5821 hic
2533 5768 2858 5835 sI-quuntur,
2910 5774 3018 5813 non
3062 5753 3312 5812 ediderat
3350 5751 3604 5811 Sirmon-

2024 5839 2146 5895 dus.
