4056 6424
474 449 609 516 1275

1454 456 1943 517 THEODORETI
1986 459 2326 521 EPISCOPI
2365 464 2742 527 CYRENSIS.

3615 457 3745 522 1276

545 568 562 583 ‘
597 567 1021 622 Fraternitatem
1066 584 1289 622 omnem
1342 569 1438 622 tibi
1488 571 1690 636 pietate
1734 570 1788 624 in
1827 571 2052 625 Christo

2228 574 2415 628 Πᾶσαν
2447 578 2546 648 τὴν
2596 580 2693 646 σὴν
2738 577 3021 649 θεοσεϐείᾳ
3051 579 3106 630 ὲν
3134 575 3356 646 Χριστῷ
3388 573 3740 644 ἀδελφότητα,

473 660 788 729 conjuncta,
827 669 881 713 et
928 675 1028 730 ego
1071 662 1257 716 valere
1289 661 1482 731 jubeo,
1507 671 1562 716 et
1618 663 1653 714 ii
1690 663 1786 731 qui
1841 677 2062 717 mecum

474 759 624 805 sunt.

795 869 1082 923 LXXXIV.
1107 902 1175 909 —
1207 872 1470 941 Episcopis
1522 870 1742 926 Ciliciw.

541 982 880 1044 Calumnias,
907 983 1110 1052 quibus
1133 983 1363 1052 appetiti
1396 998 1614 1046 sumus,
1665 983 1882 1037 audivit
1906 999 2064 1053 pror-

471 1087 566 1126 sus
593 1072 766 1142 pietas
813 1082 1018 1126 vestra.
1077 1072 1301 1127 Etenim
1349 1073 1445 1142 qui
1513 1073 1735 1126 veritati
1784 1075 2063 1128 contraria

474 1163 749 1228 sentiunt,
799 1163 856 1216 in
901 1163 1041 1218 duos
1074 1163 1216 1219 ﬁlios
1256 1164 1508 1219 dividere
1555 1181 1658 1220 nos
1704 1167 1863 1220 aiunt
1891 1183 2063 1220 unum

473 1255 774 1309 Dominum
827 1263 1080 1309 nostrum
1125 1254 1313 1310 Jesum
1362 1253 1666 1320 Christum,
1714 1257 2062 1327 unigenitum

473 1346 568 1400 Dei
591 1345 816 1403 Filium.
839 1345 979 1400 Sunt
1009 1355 1199 1400 autem
1222 1345 1316 1416 qui
1353 1346 1848 1402 dicantcalumniae
1873 1365 2062 1404 ansam

474 1439 602 1491 'eos
631 1437 876 1506 arripere
909 1452 977 1490 ex
1008 1438 1200 1506 paucis
1257 1438 1615 1507 quibusdam,
1648 1439 1742 1508 qui
1777 1439 1922 1509 apud
1966 1458 2065 1497 vos

476 1527 551 1580 ita
574 1527 848 1592 sentiunt,
897 1535 1063 1596 atque
1113 1528 1168 1581 in
1218 1528 1357 1582 duas
1395 1545 1663 1598 personas
1719 1529 2064 1584 incarnatum

476 1618 647 1671 Deum
677 1619 918 1673 Verbum
947 1618 1222 1673 dividunt.
1257 1619 1408 1685 Quos
1471 1620 1832 1690 apostolicam
1871 1607 2063 1677 vocem

473 1710 666 1764 audire
684 1718 924 1780 oportet,
978 1711 1212 1766 disertis.
1256 1712 1444 1766 verbis
1501 1711 1824 1766 dicentem:
1862 1733 1878 1764 ι
1909 1713 2066 1769 Unus

472 1800 766 1866 Dominus,
798 1802 958 1857 Jcsus
982 1802 1259 1867 Christus,
1310 1819 1408 1873 per
1450 1820 1614 1872 quem
1637 1805 1824 1858 omnia
1846 1805 1910 1857 ⁸ο.
1943 1824 1960 1854 δ
1999 1805 2067 1858 Et

2164 666 2274 734 ὲγώ
2306 683 2364 719 τε
2397 667 2490 721 καὶ
2523 669 2572 720 oi
2611 670 2706 722 σὺν
2735 670 2857 740 ἐμοὶ
2888 667 3390 739 προσαγορεύομεν.

2379 871 2502 925 IIA'.
2527 901 2596 912 —-
2618 870 2746 936 Τοῖς
2777 869 2847 924 ἐν
2878 871 3119 938 Κιλικίᾳ
3152 867 3533 933 ἐπισκόποιςι

2235 982 2347 1044 Τὰς
2376 981 2498 1035 καθ’
2539 981 2695 1052 ἡμῶν
2741 981 3114 1052 γεγενημένας
3152 980 3518 1050 συκοφαντίας
3571 981 3747 1050 μεμα-

2166 1073 2332 1144 θηκεν
2363 1073 2580 1136 πάντως
2610 1075 2643 1145 ἡ
2671 1073 2915 1144 ὑμετέρα
2956 1071 3222 1141 φιλοθεῖα.
3251 1075 3315 1126 Οἱ
3349 1072 3459 1142 γὰρ
3487 1073 3744 1125 τάναντία

2165 1168 2230 1237 τῇ
2269 1163 2500 1236 ἀληθείᾳ
2526 1166 2874 1236 φρονοῦντες,
2909 1166 2988 1226 είς
3015 1163 3107 1217 δύο
3140 1165 3292 1226 υἱοὺς
3322 1161 3568 1234 μερίζειν
3604 1163 3744 1233 ἡμᾶς

2167 1274 2301 1325 φασι
2339 1256 2430 1309 τὸν
2453 1257 2548 1309 ἕνα
2588 1255 2793 1326 Κύριον
2821 1256 2980 1327 ἡμῶν
3027 1255 3236 1326 Ἰησοῦν
3264 1255 3503 1326 Χριστὸν
3537 1254 3626 1307 τὸν
3651 1272 3742 1323 μο-

2166 1347 2360 1415 νογενῆ
2406 1345 2500 1399 τοῦ
2541 1345 2677 1400 Θεοῦ
2728 1345 2872 1399 Υίόν.
2905 1345 3147 1413 Λέγουσι
3176 1343 3232 1396 δέ
3276 1360 3421 1406 τινες
3453 1343 3553 1414 τῆς
3585 1360 3743 1396 συκο-

2168 1440 2398 1510 φαντίας
2430 1439 2627 1502 αὐτοὺς
2675 1437 2976 1508 λαμϐάνειν
3017 1436 3117 1499 τὰς
3171 1435 3436 1504 ἀφορμὰς
3479 1434 3543 1488 ἐκ
3589 1452 3747 1487 τινων

2167 1532 2550 1602 εύαριθμήτων
2578 1531 2708 1602 παρ’
2745 1531 2872 1600 ὑμῖν
2909 1527 3024 1599 (52)
3056 1529 3231 1582 ταῦτα
3260 1526 3623 1598 φρονούντων,
3655 1527 3749 1579 καὶ

2168 1627 2247 1688 είς
2275 1623 2369 1677 δύο
2400 1622 2668 1695 πρόσωπα
2713 1621 3070 1692 διαιρούντων
3111 1621 3203 1674 τὸν
3254 1620 3751 1692 ὲνανθρωπήσαντα

2168 1715 2301 1770 Θεὸν
2358 1713 2552 1782 Λόγον.
2616 1712 2724 1776 Οὓς
2777 1711 2859 1764 δεῖ
2907 1711 3008 1783 τῆς
3050 1709 3417 1781 ἁποστολικῆς
3447 1707 3752 1762 ἐπακοῦσαι

2171 1807 2354 1878 φωνῆς
2370 1804 2666 1877 διαρρήδην
2697 1803 2927 1874 βοὼσης·
2963 1822 2980 1854 ι
3004 1798 3097 1866 Εἷς
3123 1802 3347 1872 Κύριος,
3387 1799 3596 1870 Ἰησοῦς
3627 1800 3754 1872 Χρι-

472 1891 708 1945 iterum:
755 1913 771 1943 ι
797 1893 952 1948 Unus
993 1894 1280 1959 Dominus,
1320 1911 1428 1949 una
1457 1895 1612 1960 ﬁdes,
1663 1912 1836 1950 unum
1882 1896 2063 1966 bapti—

2172 1899 2315 1962 στὸς,
2349 1898 2414 1950 δι’
2442 1892 2502 1951 οὗ
2549 1897 2618 1950 τὰ
2665 1896 2864 1949 πάντα.
2914 1913 2933 1946 ι
2979 1894 3088 1948 Καὶ
3122 1893 3304 1946 πάλιν·
3347 1912 3364 1944 ι
3403 1887 3497 1956 Εἷς
3526 1891 3753 1961 Κύριος,

471 1998 587 2035 sma
617 1984 679 2035 ἰ.
711 2003 726 2034 ι
756 1982 1058 2053 Oportebat
1095 1993 1151 2040 et
1192 1986 1498 2040 Dominica:
1545 1987 1668 2042 illos
1701 1988 1934 2058 obsequi
1960 1989 2062 2043 d0-

470 2074 684 2129 ctrinae.
733 2075 853 2145 [pse
912 2076 1186 2146 siquidem
1243 2077 1455 2148 1153
1510 2080 1777 2134 Dominus
1815 2081 1894 2135 sic
1943 2083 2055 2135 ait:

479 2184 496 2213 ι
522 2165 694 2219 Nemo
725 2167 978 2220 ascendit
1019 2167 1074 2219 in
1109 2168 1335 2231 caelum,
1365 2168 1475 2222 nisi
1525 2170 1621 2238 qui
1675 2170 1962 2224 descendit
1991 2170 2060 2225 de

471 2254 632 2316 caalo,
686 2254 861 2309 Filius
921 2256 1183 2322 hominis,
1231 2258 1326 2327 qui
1396 2271 1480 2313 est
1536 2260 1590 2314 in
1631 2261 1771 2316 cmlo
1823 2263 1889 2315 θ’.
1930 2281 1947 2313 ι
1995 2263 2063 2316 Et

473 2343 712 2398 iterum:
764 2364 781 2396 I
812 2345 867 2401 Si
908 2347 1159 2402 videritis
1217 2349 1418 2403 Filium
1478 2350 1723 2406 hominis
1755 2353 2061 2407 ascenden-

473 2443 581 2488 tem
609 2436 700 2490 ubi
730 2445 849 2490 erat
879 2439 1035 2508 prius
1056 2439 1124 2492 ⁸³.
1153 2459 1168 2490 ι
1201 2439 1268 2493 Et
1304 2442 1479 2495 sancti
1508 2458 1728 2512 quoque
1755 2444 2062 2513 baptisma-

473 2526 543 2581 tis
578 2528 801 2583 traditio
863 2547 1036 2585 unum
1099 2548 1219 2588 esse
1287 2533 1487 2588 Filium
1547 2551 1648 2590 nos
1693 2535 1875 2600 docet,
1917 2538 2061 2592 sicut

475 2638 646 2675 unum
677 2623 918 2688 Patrem,
945 2632 1000 2678 et
1035 2641 1206 2679 unum
1247 2625 1514 2696 Spiritum
1546 2637 1818 2683 sanctum.
1861 2630 2066 2700 Digne—

482 2722 572 2766 tur
605 2729 738 2784 ergo
764 2715 1028 2770 sanctitas
1054 2727 1259 2780 vestra,
1292 2703 1337 2772 si
1375 2718 1470 2787 qui
1503 2729 1634 2773 sunt
1670 2736 1903 2789 prorsus
1933 2717 2058 2791 (ego

469 2806 766 2860 enimnon
818 2807 1008 2876 credo)
1063 2809 1158 2879 qui
1204 2811 1524 2880 apostolicis
1573 2812 1924 2883 dogmatibus
1975 2829 2064 2868 re-

471 2898 774 2963 luctentur,
824 2897 1130 2969 reprimere
1189 2901 1331 2965 illos,
1378 2912 1434 2957 et
1484 2904 1865 2958 ecclesiastico
1909 2922 2060 2960 more

472 2984 765 3058 castigare,
799 2997 854 3043 et
915 2990 1113 3045 docere
1175 3001 1494 3048 sanctorum
1529 2994 1754 3048 Patrum
1810 2996 2063 3067 vestigiis

474 3079 752 3145 insistere,
781 3090 836 3133 et
863 3096 892 3134 a
922 3081 1128 3136 sanctis
1151 3081 1438 3152 beatisque
1463 3085 1721 3140 Patribus
1751 3087 2062 3156 expositam

473 3172 526 3224 in
560 3171 737 3225 Nicma
781 3171 1046 3242 Bithynia:
1079 3173 1239 3229 [idem
1273 3176 1538 3230 illibatam
1572 3193 1811 3240 servare,
1857 3187 1916 3231 ut
1941 3195 2073 3248 qua:

2169 1990 2266 2061 μία
2296 1988 2499 2052 πίστις,
2529 1987 2586 2040 ἓν
2616 1984 2920 2056 βάπτισμα.
2965 2003 2983 2036 ι
3025 1985 3172 2038 Ἔδει
3196 1983 3252 2037 δὲ
3285 1983 3482 2046 αὐτοὺς
3505 1983 3599 2036 καὶ
3635 1983 3756 2044 ταῖς

2164 2083 2524 2142 Δεσποτικαῖς
2550 2077 2917 2148 ἀκολουθῆσαι
2948 2076 3337 2140 διδασκαλίαις.
3366 2078 3476 2130 Καὶ
3509 2076 3618 2146 γὰρ
3651 2075 3754 2127 αύ-

2161 2172 2252 2235 τδς
2284 2173 2312 2224 ὁ
2352 2171 2555 2240 Κύριος
2590 2169 2732 2223 οὕτω
2781 2169 2968 2239 φησίνο
3004 2189 3022 2220 ι
3066 2169 3258 2232 Οὐδεὶς
3290 2167 3631 2237 ἀναϐέϐηκεν
3672 2169 3755 2230 είς

2162 2261 2253 2315 τὸν
2298 2260 2548 2331 οὐρανὸν,
2598 2262 2646 2313 εἰ
2702 2259 2776 2332 μὴ
2806 2262 2833 2314 6
2896 2260 2961 2312 ὲκ
3004 2258 3097 2311 τοῦ
3148 2257 3380 2329 ούρανοῦ
3431 2256 3699 2322 καταϐὰς,
3730 2259 3758 2308 6

2163 2353 2292 2416 Υἱὸς
2324 2352 2417 2406 τοῦ
2448 2351 2764 2422 ἀνθρώπου,
2809 2353 2837 2405 6
2866 2351 2942 2404 ὢν
2971 2353 3029 2404 ὲν
3054 2350 3131 2421 τῷ
3157 2349 3394 2420 οὐρανῷ.
3436 2369 3455 2401 ι
3497 2349 3610 2402 Καὶ
3650 2348 3754 2402 πά-

2163 2443 2266 2496 λιν³
2310 2462 2328 2495 ι
2383 2443 2508 2495 Ἐὰν
2550 2442 2694 2512 ἴδητε
2746 2441 2851 2494 16v-
2873 2442 3002 2494 Υἱὸν
3047 2441 3143 2494 τοῦ
3193 2439 3484 2511 ἀνθρώπου
3521 2439 3748 2493 ἀναϐαί-

2163 2553 2322 2588 νοντα
2350 2535 2483 2587 ὅπου
2529 2531 2596 2602 ἦν
2643 2535 2704 2586 τὸ
2737 2535 3024 2604 πρότερον.
3063 2553 3081 2584 ι
3126 2532 3237 2587 Καὶ
3285 2534 3318 2601 ἡ
3353 2532 3653 2602 παράδοσις
3696 2530 3755 2583 δὲ

2162 2625 2258 2678 τοῦ
2315 2624 2471 2692 ἁγίου
2518 2624 2892 2694 βαπτίσματος
2947 2624 3044 2678 ἕνα
3076 2623 3204 2676 Υἱὺν
3236 2623 3382 2692 ἡμᾶς
3419 2616 3561 2676 εἶναι
3613 2621 3758 2677 διδά-

2165 2734 2306 2782 σκει,
2349 2716 2423 2778 ὡς
2454 2716 2550 2768 ἕνα
2579 2715 2815 2786 Πατέρα,
2851 2716 2945 2768 καὶ
2996 2714 3054 2767 ἓν
3088 2715 3242 2781 ἆγιον
3274 2712 3522 2784 Πνεῦμα.
3560 2713 3756 2766 Κατα-

2165 2808 2413 2874 ξιωσάτω
2435 2809 2616 2860 τοίνυν
2645 2808 2676 2876 ἡ
2703 2805 2945 2876 ὑμετέρα
2980 2805 3247 2876 φιλοθεΐα,
3286 2806 3445 2875 εἴπερ
3470 2804 3578 2876 ἄρα
3608 2804 3758 2866 τινὲς

2165 2898 2299 2961 ὅλως
2339 2899 2476 2952 εἰσὶν
2509 2897 2641 2969 (ἐγὼ
2672 2897 2779 2968 γὰρ
2807 2898 2867 2950 ού
2897 2896 3203 2966 πείθομαι),
3237 2899 3348 2960 τοῖς
3372 2895 3776 2958 ἀποστολικοτς;

2164 2987 2429 3057 δόγμασιν
2462 2985 2840 3049 ἀπειθοῦντες,
2889 2986 2985 3038 καὶ
3026 2987 3376 3056 ἐπιστομίσαι
3402 2985 3618 3050 αὐτοὺς,
3661 2986 3762 3038 καὶ

2166 3078 2639 3150 ἐκκλησιαστικῶς
2686 3079 3053 3146 σωφρονίσαι,
3106 3079 3201 3131 καὶ
3247 3075 3455 3140 διδάξαι
3485 3079 3599 3140 τοῖς
3645 3076 3778 3128 τῶν-

2166 3171 2335 3239 ἀγίων
2359 3171 2618 3242 Πατέρων
2651 3170 2962 3224 ἀκολουθεῖν
2996 3169 3186 3241 ἴχνεσι,
3223 3170 3314 3222 καὶ
3345 3168 3442 3240 τὴν
3463 3169 3520 3222 ὲν
3549 3169 3776 3238 Νικαίᾳ.

475 3264 848 3334 evangelicam
907 3266 1380 3337 apostolicamque
1413 3267 1721 3322 doctrinam
1735 3269 2063 3338 compendio

2171 3262 2270 3332 τῆς
2305 3260 2556 3324 Βιθυνίας
2600 3261 2914 3314 ὲκτεθεῖσαν
2945 3261 3131 3314 πίστιν
3168 3261 3274 3314 ὑπὸ
3305 3259 3418 3314 τῶν
3451 3260 3623 3329 ἁγίων
3660 3263 3778 3314 καὶμ

475 3354 674 3410 tradat.
724 3357 890 3410 Decet
941 3357 1088 3411 enim
1127 3373 1245 3421 vos,
1278 3359 1374 3413 Dei
1404 3359 1794 3426 amantissimi,
1850 3370 1907 3415 et
1963 3361 2062 3414 Dei

473 3448 680 3518 gloriae,
736 3458 792 3503 et
848 3450 1160 3504 communis
1211 3450 1369 3507 fama:
1419 3469 1608 3507 curam
1660 3453 1901 3508 habere:
1959 3469 2063 3508 nec

473 3538 755 3608 aspernari
787 3550 1102 3595 manantem
1145 3540 1212 3595 ad
1243 3558 1437 3596 omnes
1487 3545 1879 3598 contumeliam
1935 3560 2069 3614 pro~.

474 3637 596 3698 pter
627 3645 929 3698 paucorum
985 3631 1277 3686 hominum
1328 3633 1560 3687 istorum
1611 3632 1946 3704 imperitiam
1971 3637 2062 3691 vel

473 3715 913 3780 contentionem,
972 3717 1016 3770 si
1076 3717 1171 3786 qui
1223 3728 1353 3772 sunt
1401 3735 1653 3788 prorsus,
1692 3721 1908 3774 tametsi
1947 3736 2060 3774 non

475 3808 742 3864 adversus
764 3810 917 3875 istos,
955 3811 1099 3864 sicut
1129 3820 1321 3866 contra
1357 3828 1458 3866 nos
1481 3813 1697 3884 linguas
1723 3825 2064 3868 exacuerunt

475 3899 844 3969 sycophantae.
878 3900 1192 3970 Dignamini
1227 3909 1412 3955 autem
1437 3911 1493 3955 et
1519 3903 1695 3956 nostri
1737 3903 2059 3959 meminisse

477 3992 535 4046 in
579 3992 837 4061 precibus
871 3994 1071 4049 vestris
1097 3994 1164 4048 ad
1193 3995 1403 4051 Deum:
1436 3995 1542 4050 hoc
1570 3997 1716 4050 enim
1747 3997 1943 4052 suadet
1977 3999 2063 4052 lex

476 4083 781 4138 charitatis.

2171 3353 2458 3424 μακαρίων
2506 3353 2765 3424 Πατέρων
2824 3353 3104 3422 ἀκήρατον
3155 3353 3475 3421 φυλάττειν,
3550 3350 3646 3405 ἅτε
3693 3350 3762 3420 δη

2167 3447 2264 3516 τὴν
2287 3444 2654 3516 εύαγγελικὴν
2684 3446 2781 3498 καὶ
2807 3444 3170 3515 ἁποστολικὴν
3214 3443 3560 3498 διδασκαλίαν
3592 3445 3648 3495 ἐν
3675 3460 3765 3495 κε-

2167 3536 2380 3607 φαλαίῳ
2415 3536 2796 3589 διδάσκουσαν.
2827 3535 3037 3604 Πρέπει
3067 3535 3175 3605 γὰρ
3212 3535 3360 3604 ύμῖν,
3405 3533 3764 3604 θεοφιλέστα-

2165 3646 2268 3690 τοι,
2306 3628 2400 3680 καὶ
2423 3627 2524 3696 τῆς
2549 3626 2644 3680 τοῦ
2672 3626 2808 3680 Θεοῦ
2839 3625 3020 3696 δόξης,
3050 3627 3262 3696 καὶτῆς
3291 3627 3475 3696 κοινῆς
3505 3626 3765 3688 εὐκλείας

2168 3720 2474 3791 φροντίσαι,
2509 3720 2602 3771 καὶ
2635 3719 2708 3790 μὴ
2745 3719 3006 3790 περιιδεῖν
3029 3718 3126 3789 τὴν
3161 3718 3302 3771 κατὰ
3333 3717 3514 3771 κοινοῦ
3551 3717 3772 3786 χωροῦ-

2171 3830 2269 3865 σαν
2298 3811 2562 3882 λοιδορίαν
2608 3810 2696 3862 διὰ
2725 3811 2823 3879 τὴν
2859 3809 2965 3862 τῶν
2994 3809 3192 3877 ὀλίγων
3221 3809 3426 3863 τούτων
3455 3808 3768 3880 ἀνθρώπων

2169 3903 2501 3974 ἀμαθίαν,ἢ
2550 3901 2902 3970 φιλονεικίαν,
2949 3900 3108 3971 εἴπερ
3155 3901 3297 3964 τινὲς
3332 3901 3468 3965 ὅλως
3497 3902 3662 3963 εἰσὶν,
3711 3902 3764 3952 εἰ

2171 3999 2262 4051 καὶ
2293 3998 2367 4068 μὴ
2394 4000 2535 4050 κατὰ
2563 3993 3098 4064 τούτων,ὼσπεροῠν
3129 3996 3224 4047 καὶ
3255 3995 3376 4048 καθ’
3407 3997 3584 4065 ἡμῶν,
3620 4012 3768 4065 παρ-

2171 4089 2369 4159 έθηξαν
2417 4089 2514 4153 τὰς
2553 4089 2804 4156 γλώσσας
2836 4089 2886 4140 oi
2941 4089 3299 4154 συκοφάνται.
3338 4085 3677 4150 Καταξιοῦτε
3708 4085 3770 4136 δὲ

479 4177 840 4247 μνημονεύειν
909 4179 1068 4250 ἡμῶν
1138 4181 1195 4233 ἐν
1255 4183 1374 4246 ταῖς
1417 4183 1551 4254 προς
1612 4185 1703 4238 τὸν
1753 4186 1959 4258 Κύριον
2007 4190 2358 4258 προσευχαῖς.
2414 4184 2585 4237 Τοῦτο
2647 4184 2754 4254 γὰρ
2803 4185 2830 4236 6
2883 4183 2982 4254 τῆς
3040 4184 3258 4254 ἀγάπης
3323 4181 3786 4254 παρακελεύεται,

479 4271 658 4341 νόμος.

832 4391 1096 4448 LXXXV.
1126 4394 1410 4449 —-Basilt'o
1435 4399 1695 4468 episwpo.

548 4505 829 4558 Bonorum
868 4521 1139 4559 summam
1169 4506 1392 4562 divinus
1417 4509 1715 4578 Apostolus
1757 4512 2059 4581 appellavit

475 4597 824 4661 charitatcm,
858 4607 915 4652 et
943 4598 1047 4652 hac
1079 4600 1282 4654 nutriri
1336 4601 1462 4655 ﬁdei
1485 4604 1739 4659 alumnos
1771 4605 2057 4673 praecepit.

2445 4392 2658 4444 1-1Ε’.-
2682 4390 2980 4455 Βασιλείᾳ)
3012 4389 3323 4456 ἐπισκόπῳ
3352 4390 3487 4460 (55).

2242 4505 2552 4572 Κεφάλαιον
2581 4501 2691 4556 τῶν
2736 4501 2958 4570 ἀγαθῶν
3008 4500 3106 4571 τὴν
3153 4501 3376 4570 ἀγάπην
3416 4503 3443 4554 6
3477 4501 3772 4567 θεσπέσιος

2169 4597 2574 4668 προσηγόρευσε
2611 4595 2838 4658 Παῦλος,
2871 4596 2962 4647 καὶ
2991 4595 3166 4667 ταύτῃ
3202 4593 3508 4665 τρέφεσθαι
3543 4596 3646 4664 τῆς
3677 4598 3773 4648 πί·-

478 4687 654 4756 Hujus
679 4689 880 4757 opibus
909 4690 1082 4744 ditata
1107 4692 1286 4760 pietas
1316 4693 1532 4764 115A
1557 4704 1743 4758 tua,ct
1765 4712 1888 4763 quae
1906 4713 2048 4764 opus

2171 4705 2334 4749 στεως
2376 4688 2510 4747 τοὺς
2541 4684 2848 4753 τροφίμους
2876 4683 3334 4752 παρεκελεύσατο.
3362 4682 3578 4753 Ταύτης
3604 4682 3771 4752 έχου-

479 4789 638 4832 erant
667 4781 955 4850 suggessit,
992 4789 1046 4837 et
1077 4783 1324 4853 jucunda
1381 4783 1680 4837 nuntiavit.
1735 4786 1877 4850 Quid
1909 4787 2059 4839 enim

480 4872 806 4927 timentibus
836 4875 1135 4930 Dominum
1181 4877 1255 4931 sit
1285 4875 1616 4946 jucundius,
1676 4893 1839 4946 quam
1878 4888 2062 4932 recto-

481 4981 604 5018 rum
640 4966 954 5037 dogmatum
993 4968 1279 5039 integritas
1310 4977 1367 5022 et
1399 4969 1738 5023 consensus?
1766 4970 1859 5024 Sic
1898 4970 2066 5040 igitur

482 5056 708 5123 habeto,
765 5059 861 5113 Dei
901 5061 1303 5125 amantissime,
1348 5057 1508 5114 valde
1544 5060 1758 5115 laetatos
1809 5061 1919 5116 illis
1963 5078 2068 5118 nos

483 5164 604 5204 esse
637 5165 760 5219 quae
790 5150 858 5205 de
887 5152 1167 5205 communi
1198 5152 1376 5206 amico
1392 5151 1685 5207 didicimus
1713 5171 1724 5205 :
1751 5163 2068 5226 quantoque

486 5247 648 5293 antea
682 5240 1009 5294 dolore-nos
1053 5240 1338 5306 aﬂ‘ecerat,
1366 5242 1512 5312 quod
1560 5242 1713 5298 illum
1747 5261 1912 5300 unam
1947 5263 2068 5301 car-

488 5327 576 5382 nis
598 5337 654 5384 et
686 5329 912 5384 deitatis
939 5338 1194 5384 naturam
1232 5330 1419 5385 dicere
1471 5331 1853 5400 audiebamus,
1890 5335 2068 5404 quod-

489 5434 599 5485 que
623 5416 912 5473 manifeste
934 5418 1264 5488 impassibili
1297 5419 1490 5475 deitati
1533 5421 1829 5474 salutarem
1856 5421 2067 5490 passio-

493 5524 619 5563 nem
654 5508 963 5578 adaptaret,
994 5517 1207 5563 tantum
1266 5511 1472 5566 laetitia:
1519 5512 1770 5581 cepimus
1832 5529 1900 5566 ex
1944 5529 2070 5566 san-

2171 4798 2237 4832 σα
2265 4781 2354 4830 τὸν
2387 4777 2611 4830 πλοῦτον
2638 4779 2670 4846 ή
2712 4778 2778 4847 σὴ
2810 4775 3111 4839 θεοσέϐεια,
3148 4775 3240 4828 καὶ
3273 4774 3417 4842 ἅπερ
3447 4774 3616 4844 ὲχρῆν
3646 4775 3773 4827 εἱσ-

2168 4873 2436 4941 ηγήσατο,
2467 4869 2561 4921 καὶ
2617 4868 2687 4920 τὰ
2726 4868 2948 4938 θυμήρη
2997 4869 3302 4938 μεμήνυκε.
3343 4866 3408 4918 Τί
3445 4868 3550 4936 γὰρ
3583 4865 3770 4936 θυμη⁴

2184 4965 2438 5032 ρὲστερον
2470 4963 2580 5023 τοῖς
2609 4959 2965 5028 φοϐουμένοις
3019 4959 3112 5013 τὸν
3159 4959 3362 5028 Κύριον
3393 4960 3490 5028 τῆς
3535 4957 3644 5010 τῶν
3672 4957 3773 5028 ὀρ-

2174 5053 2283 5106 θῶν
2339 5053 2626 5124 δογμάτων
2680 5053 2868 5120 ὑγείας
2911 5069 2971 5104 τε
3017 5052 3110 5105 καὶ
3161 5050 3513 5120 συμφωνίας;
3550 5045 3622 5102 Εὖ
3655 5049 3774 5100 ἴσθι

2171 5147 2370 5205 τοίνυν,
2396 5143 2798 5213 θεοφιλέστατε,
2835 5142 2908 5206 ὡς
2936 5142 3074 5212 ἄγαν
3105 5143 3357 5213 ἥσθημεν
3397 5142 3466 5194 τὰ
3500 5141 3628 5211 περὶ
3670 5141 3792 5192 τοῦ.

2175 5237 2356 5291 κοινοῦ
2403 5237 2559 5305 φίλου
2597 5234 2998 5305 μεμαθηκότες·
3033 5234 3126 5287 καὶ
3161 5235 3284 5286 ὅσον
3337 5233 3532 5303 πρώην
3591 5231 3777 5300 ηλγήο

2174 5345 2370 5396 σαμεν,
2402 5325 2738 5388 ἀκούσαντες
2773 5325 2848 5386 ὡς
2890 5325 3019 5394 μίαν
3068 5318 3208 5377 εἶναι
3237 5323 3398 5392 φύσιν
3434 5322 3636 5393 σαρκὸς
3671 5323 3779 5375 καὶ

2172 5421 2425 5487 θεότητος
2457 5418 2626 5483 λέγει,
2659 5417 2755 5470 καὶ
2783 5416 2859 5480 ὡς
2889 5417 3152 5487 ἄντικρυς
3194 5418 3259 5486 τῇ
3309 5415 3511 5467 ἀπαθεῖ
3547 5413 3776 5481 θεότητι

2168 5512 2228 5565 τὸ
2274 5511 2543 5581 σωτήριον
2572 5508 2743 5572 πάθος
2782 5508 3106 5577 προσάπτει,
3154 5507 3328 5568 οὕτως
3369 5503 3778 5577 ηύφρανθημεν

563 5665 610 5697 ⁸⁸
645 5665 664 5719 1
696 5663 823 5719 Cor.
853 5681 964 5730 vm,
990 5667 1038 5720 6.
1120 5666 1158 5697 ⁸³
1218 5667 1416 5736 Ephes.
1464 5685 1538 5736 tv,
1567 5670 1617 5722 ὅ.
1699 5670 1742 5700 δ’
1786 5669 1941 5723 Joan.
1978 5687 2051 5733 Ill,

2171 5710 2175 5720 .
2252 5670 2296 5700 ³³
2327 5669 2482 5724 Joan.
2530 5683 2601 5732 γι,
2637 5666 2724 5720 65.

567 5821 802 5896 (52)-810
845 5839 940 5896 pro
972 5827 1096 5893 παρ’
1157 5827 1282 5894 ἡμῖν
1338 5825 1747 5882 rescribendum
1795 5843 1912 5881 esse
1962 5829 2069 5896 jam

496 5888 630 5943 Vidit
659 5888 976 5954 Carnarius.

2255 5827 2365 5888 (SI-3)
2397 5826 2586 5878 Latina
2617 5824 2779 5889 hujus
2808 5824 3050 5890 epistolis
3072 5824 3251 5877 versio
3283 5833 3364 5877 est
3395 5819 3534 5890 apud
3562 5819 3776 5874 liaron.

2190 5907 2227 5950 t.
2266 5897 2350 5963 Vl,
2386 5914 2436 5966 p.
2475 5896 2594 5962 fili-2,
2634 5895 2697 5948 ιιι]
2732 5911 2778 5947 .1.
2815 5897 2886 5966 (ἒ,
2911 5895 3031 5949 448.
