4056 6426
275 422 418 488 1277

1606 449 1971 515 EPISTOLA
2021 460 2325 522 LXXXVI.

3410 460 3546 529 1278

270 536 393 595 τοῖς
433 533 535 643 τῆς
561 535 666 643 σῆς
707 538 987 643 δσιότητος
1038 545 1362 617 γράμμασιν
1396 553 1731 624 ἐντυχόντες,
1769 561 1854 612 καΊ

1968 567 2176 623 ctitatis
2232 571 2591 643 tuaclitlcris,
2630 587 2697 626 ex
2741 572 2947 641 quibus
2996 573 3357 643 cognovimus
3390 573 3545 630 illum

275 622 672 718 papae-rixose;
715 629 792 692 ὡς
837 631 1129 702 ἀκεραίους
1167 638 1427 706 φυλάττει
1608 646 1718 699 τῶν
1769 649 1863 718 φύ-

274 726 424 764 σεων
465 712 753 808 ἰδιότητας,
785 721 879 773 καὶ
911 721 1034 776 οὔτε
1070 726 1162 779 τὸν
1205 727 1338 783 Θεὸν
1376 732 1548 800 Λόγον
1574 736 1653 799 εἰς
1683 712 1861 808 σάρκα

276 804 588 898 τετράφθαι
620 809 805 878 φησὶν,
853 811 977 867 οὔτε
1015 815 1117 886 τὴν
1163 818 1341 891 σάρκα
1371 823 1453 885 είς
1482 823 1736 897 θεότητος
1754 804 1862 898 *με-

268 894 650 992 ταϐεδλῆσθαι
693 902 887 972 φύσιν·
921 906 1036 960 ἀλλ’
1073 911 1131 962 ἐν
1176 911 1256 981 τῷ
1282 913 1363 966 ἐνὶ
1399 914 1534 986 Υίῷ,
1563 894 1640 988 τῷ
1669 894 1861 992 Κυρίῳ

268 986 441 1082 ήμῶν
478 989 657 1082 Ἰησοῦ
675 995 915 1067 Χριστῷ,
938 998 1015 1070 τῷ
1041 1001 1518 1075 ἱνανθρωπήσαντι
1540 986 1658 1078 Θεῷ
1679 986 1858 1082 Λόγῳ,

268 1079 622 1171 ἀσυγχύτους
645 1090 1015 1159 μεμενηκέναι
1042 1094 1206 1164 φησὶν
1229 1094 1330 1159 τὰς
1348 1096 1618 1169 ἑκατέρας
1645 1079 1861 1171 φύσεως

272 1170 571 1242 ἰδιότηταςσ
618 1178 712 1230 καὶ
744 1178 837 1232 τὸν
860 1181 969 1235 τῶν
1010 1183 1149 1237 ὅλων
1177 1185 1310 1240 Θεὸν
1348 1170 1740 1261 ἁνυμνήσαμεν
1767 1193 1860 1246 ἐπὶ

266 1265 339 1333 τῇ
367 1265 472 1336 τῆς
506 1266 655 1333 Θείας
706 1271 944 1338 πίστεως
997 1279 1306 1351 συμφωνίᾳ.
1345 1281 1440 1347 Εἰς
1486 1289 1667 1353 μέντοι
1706 1288 1861 1342 Κιλιο

269 1354 407 1408 κίαν
435 1356 705 1429 ἑκατέραν
742 1362 1125 1435 γεγράφαμεν,
1179 1367 1355 1422 καίτοι
1415 1370 1603 1440 σαφῶς
1634 1374 1735 1427 οὒκ
1777 1377 1857 1428 εί-

263 1445 449 1512 δότες,
479 1448 638 1520 εἴπερ
662 1451 807 1516 τινές
838 1455 974 1508 εἰσιν
998 1457 1218 1512 ἐναντία
1246 1461 1312 1532 τῇ
1334 1461 1563 1535 ἀληθείᾳ
1594 1464 1857 1535 φρονοῦν-

265 1557 390 1606 τες,
440 1543 537 1596 καὶ
586 1547 1068 1619 παρηγγυήσαμεν
1109 1554 1224 1617 τοῖς
1261 1553 1698 1623 θεοφιλεστάτοις
1732 1559 1859 1612 ἐπι-

269 1633 506 1697 σκόποις
531 1634 774 1705 ἰχνεῦσαι
795 1641 891 1692 καὶ
920 1639 1173 1712 ζητῆσαι,
1212 1646 1369 1719 εἴπερ
1410 1647 1518 1719 ἄρα
1546 1652 1692 1715 τινές
1721 1654 1860 1708 εἰσιν

268 1725 354 1789 είς
409 1725 503 1780 δύο
555 1728 704 1793 υἱοὺς
751 1729 1087 1803 διαιροῦντες
1125 1735 1216 1789 τὸν
1265 1736 1360 1790 ἕνα
1398 1738 1601 1811 Κύριον
1652 1742 1861 1812 Ἰησοῦν

269 1818 546 1891 Χριστόν
582 1821 679 1875 καὶ
730 1822 763 1893 ἢ
806 1826 1211 1895 παραινετικῶς
1260 1831 1623 1900 σωφρονίσαι,
1679 1834 1711 1906 ἦ
1762 1836 1856 1890 τοῦ

269 1913 583 1982 καταλόγου
603 1916 836 1987 χωρίσαι
861 1917 971 1972 τῶν
994 1917 1261 1988 ἀδελφῶν.
1284 1921 1374 1993 Τῷ
1391 1922 1506 1976 δντι
1526 1923 1635 1996 γάρ
1655 1927 1857 1995 ὁμοίως

268 2004 738 2077 ἀποστρεφόμεθα
759 2007 854 2061 καὶ
880 2009 1004 2069 τοὺς
1032 2009 1162 2079 μίαν
1190 2009 1353 2081 φύσιν
1384 2014 1588 2085 σαρκὸς
1613 2017 1709 2069 καὶ
1740 2016 1858 2071 θεό-

267 2108 434 2163 τητος
470 2090 611 2147 εἶναι
627 2093 806 2163 λέγειν
829 2096 1166 2166 τολμῶντας,
1198 2099 1294 2153 καὶ
1323 2101 1451 2164 τοὺς
1479 2105 1559 2165 εἰς
1588 2101 1681 2156 δύο
1710 2104 1859 2168 υἱοὺς

271 2183 605 2254 μερίζοντας
642 2183 731 2238 τὸν
760 2184 856 2239 ἕνα
903 2185 1106 2256 Κύριον
1149 2188 1308 2259 ήμῶν
1360 2189 1568 2262 Ἰησοῦν
1599 2193 1856 2265 Χριστὸν,

267 2274 366 2328 καὶ
408 2274 520 2329 τῶν
549 2277 925 2332 ἀποστολικῶν
969 2279 1111 2349 ὅρων
1140 2279 1244 2344 ἔξω
1271 2281 1476 2351 βαίνειν
1507 2284 1853 2354 ἐπιχειροῦν-

262 2382 390 2430 τας.
445 2367 570 2421 Ὅτι
621 2366 677 2420 δὲ
730 2368 995 2441 καὶπρὸς
1047 2371 1270 2443 εἰρήνην
1318 2372 1486 2443 ἐσμὲν
1540 2375 1853 2445 εὐτρεπεῖς,

266 2457 551 2530 θαρρείτω
582 2476 676 2513 σου
708 2461 995 2532 ήὸσιὸτης.
1030 2463 1093 2517 El
1115 2463 1225 2534 γὰρ
1257 2464 1285 2517 ὁ
1322 2466 1616 2538 Προφήτης
1667 2468 1852 2537 φησιν’

272 2551 468 2606 «Μετά
489 2550 599 2605 τῶν
625 2550 926 2623 μισούντων
962 2555 1062 2626 τὴν
1088 2555 1315 2628 εἰρήνην
1337 2556 1486 2628 ήμην
1517 2558 1848 2629 εἰρηνικός»

264 2639 453 2711 πολλῷ
499 2641 700 2712 μᾶλλον
734 2643 899 2711 ἡμεῖς
928 2643 1027 2715 τὴν
1057 2646 1200 2700 κατά
1231 2646 1367 2700 Θεὸν
1395 2648 1623 2720 εἰρήνην
1671 2651 1853 2703 ἀσπα-

263 2731 413 2797 στῶς
464 2733 896 2805 προσδεχόμεθα.
939 2737 1158 2810 Ἐπειδὴ
1196 2738 1252 2793 δὲ
1285 2738 1381 2793 καὶ
1411 2741 1491 2804 εἰς
1538 2741 1639 2811 τὴν
1697 2742 1854 2795 Ἀλε-

262 2824 556 2895 ξάνδρειάν
581 2843 726 2890 τινες
761 2826 998 2899 ἔδραμον
1046 2828 1157 2882 τῶν
1188 2829 1267 2901 τῷ
1295 2830 1481 2900 ψεύδει
1512 2832 1853 2904 συντεθραμ-

265 2916 471 2985 μένων,
509 2917 605 2970 καὶ
660 2910 1027 2986 συκοφαντίας
1076 2914 1322 2991 ἔρραψαν
1368 2922 1490 2975 καθ’
1540 2922 1721 2994 ἡμῶν,
1758 2925 1854 2977 καὶ

260 3009 376 3070 τοῖς
406 3005 670 3072 τοιούτοις
702 3008 882 3076 λόγοις
929 3010 1194 3081 ὑπαχθεὶς
1227 3014 1255 3065 ὁ
1291 3011 1708 3081 θεοφιλέστατος
1754 3015 1854 3079 τῆς

260 3098 478 3162 πόλεως
524 3099 742 3168 ἐκείνης
792 3101 1118 3168 ἐπίσκοπος,
1162 3103 1257 3156 καί
1298 3121 1380 3158 τοι
1412 3104 1850 3178 πληροφορηθεὶς

260 3190 331 3246 δι’
376 3191 665 3263 ἡμετέρων
693 3193 1062 3263 γραμμάτων,
1100 3192 1226 3247 τινὰ
1259 3195 1367 3249 τῶν
1416 3194 1852 3250 θεοσεόεστάτων

1965 656 2206 729 integras
2255 676 2473 715 servare
2502 664 2514 681 '
2543 671 2864 717 naturarum
2914 663 3306 733 proprietates,
3341 673 3399 719 et
3444 680 3544 719 ne-

1962 762 2070 816 que
2133 749 2303 804 Deum
2360 752 2603 806 Verbum
2669 753 2723 807 in
2779 769 3002 809 carnem
3058 754 3247 810 dicere
3316 771 3547 811 conver-

1962 852 2081 891 sum
2109 880 2124 904 ,
2167 856 2344 910 neque
2390 859 2609 897 carnem
2642 844 2699 898 in
2779 844 3001 900 deitatis
3063 855 3319 900 naturam
3368 854 3548 902 trans-

1962 928 2122 984 iisse:
2155 930 2248 985 sed
2278 931 2333 985 in
2394 949 2503 988 uno
2532 934 2672 989 Filio
2717 935 2952 990 Domino
2992 945 3185 992 nostro
3210 937 3341 992 Jesu
3385 936 3546 993 Chri-

1963 1028 2069 1085 sto,
2131 1021 2354 1078 homine
2392 1023 2536 1079 facto
2590 1026 2705 1081 Deo
2753 1026 2956 1090 Verbo,
3006 1026 3323 1082 inconfusas
3385 1043 3543 1082 man-

1959 1110 2097 1165 sisse
2142 1114 2704 1184 utriusque‘naturze
2755 1118 3150 1188 proprietates.
3204 1119 3274 1172 Et
3308 1119 3541 1175 univer-

1960 1214 2148 1255 sorum
2208 1202 2384 1257 Deum
2440 1205 2700 1261 laudibus
2756 1207 3057 1263 extulimus
3086 1207 3158 1262 ob
3193 1207 3541 1264 divinaelidei

1961 1291 2406 1348 consensionem.
2432 1295 2769 1365 Scripsimus
2816 1307 3002 1353 autem
3033 1297 3090 1352 in
3126 1306 3421 1368 utramque
3445 1298 3537 1353 Ci-

1961 1380 2164 1449 liciam,
2204 1386 2421 1441 tametsi
2455 1403 2565 1442 non
2606 1389 2742 1444 satis
2792 1400 3139 1460 compertum
3190 1390 3544 1455 haberemus,

1959 1489 2029 1528 an
2054 1475 2227 1546 aliqui
2282 1479 2399 1534 sint
2438 1479 2533 1549 qui
2590 1481 2815 1537 veritati
2866 1482 3145 1537 contraria
3179 1483 3444 1548 sentiant,
3485 1491 3543 1538 et

1960 1562 2058 1618 Dei
2090 1569 2500 1625 amantissimos
2545 1571 2839 1642 episcopos
2882 1572 3085 1627 hortati
3130 1588 3343 1639 sumus,
3389 1574 3547 1629 inve-

1961 1655 2165 1726 stigare
2192 1666 2250 1712 et
2295 1675 2568 1728 quaerere,
2608 1677 2678 1716 an
2707 1662 2881 1732 aliqui
2926 1664 3040 1718 sint
3069 1679 3321 1734 prorsus,
3358 1666 3454 1735 qui
3484 1667 3542 1720 in

1960 1742 2101 1798 duos
2126 1743 2268 1800 ﬁlios
2299 1746 2550 1803 dividant
2597 1765 2769 1804 unum
2805 1751 3103 1807 Dominum
3137 1753 3327 1809 Jesum
3377 1753 3543 1809 Chri-

1961 1841 2129 1899 stum,
2157 1850 2364 1905 eosque
2398 1839 2484 1892 vel
2517 1839 2871 1896 admonendo
2908 1843 3212 1913 corrigere,
3246 1844 3332 1898 vel
3372 1845 3543 1900 afra-

1962 1931 2106 1978 trum
2132 1935 2277 1981 coetu
2317 1942 2626 2000 segregare.
2678 1932 2893 1988 Revera
2918 1935 3068 1989 enim
3095 1936 3352 1992 similiter
3380 1953 3542 1992 aver-

1964 2026 2155 2067 samur
2196 2030 2295 2071 eos
2323 2018 2419 2087 qui
2476 2034 2639 2073 unam
2693 2023 2879 2078 carnis
2922 2023 3259 2096 deitatisque
3287 2036 3543 2082 naturam

1961 2102 2150 2160 dicere
2179 2106 2405 2175 audent,
2440 2117 2497 2164 et
2531 2126 2631 2167 eos
2675 2114 2771 2182 qui
2824 2113 2884 2168 in
2927 2114 3069 2171 duos
3100 2116 3244 2172 filios
3287 2118 3545 2174 dividunt

1962 2210 2132 2249 unum
2165 2197 2461 2253 Dominum
2497 2210 2750 2258 nostrum
2785 2205 2974 2261 Jesum
2998 2208 3304 2276 Christum,
3342 2218 3398 2264 et
3413 2227 3546 2281 apo-

1959 2289 2186 2344 stolicos
2210 2290 2418 2348 limites
2443 2294 2633 2363 egredi
2655 2307 2956 2354 conantur.
2980 2298 3139 2367 Quod
3175 2317 3310 2356 vero
3346 2303 3414 2358 ad
3443 2318 3543 2372 pa-

1957 2394 2076 2434 cem
2140 2381 2308 2437 etiam
2360 2386 2533 2452 parati
2571 2387 2766 2454 simus,
2799 2405 3129 2458 persuasum
3179 2392 3379 2449 habeat
3408 2409 3543 2449 san-

1956 2470 2118 2524 ctitas
2145 2479 2257 2526 tua.
2288 2472 2424 2527 Nam
2474 2475 2521 2528 si
2569 2476 2842 2547 PrOpheta
2895 2479 3062 2535 dicit:
3107 2482 3282 2538 «Cum
3316 2482 3404 2538 his
3444 2485 3541 2553 qui

1955 2561 2195 2617 oderunt
2214 2579 2405 2634 pacem
2421 2582 2574 2621 eram
2599 2569 2941 2638 pacificus“,
2956 2591 2975 2623 ι
2992 2574 3204 2643 1155
3232 2575 3407 2630 multo
3429 2590 3546 2629 ma—

1953 2653 2034 2722 gis
2060 2669 2162 2708 nos
2187 2670 2399 2724 pacem,
2446 2674 2570 2727 quae
2589 2661 2905 2715 secundum
2952 2662 3127 2717 Deum
3159 2676 3266 2731 est,
3299 2664 3544 2720 libenter

1954 2745 2362 2813 amplectimur.
2397 2747 2536 2815 Quia
2572 2766 2709 2805 vero
2742 2752 3136 2809 Alexandriam
3179 2771 3402 2826 quoque
3432 2758 3541 2812 ad-

1954 2837 2280 2892 volaverunt
2310 2841 2562 2894 nonnulli
2588 2857 2655 2896 ex
2680 2843 2748 2896 iis
2781 2844 2877 2913 qui
2905 2860 3032 2900 cum
3061 2847 3366 2902 mendaciis
3403 2856 3537 2902 sunt

1957 2925 2201 2993 educati,
2238 2936 2294 2982 et
2340 2929 2647 2984 calumnias
2697 2941 2894 2989 contra
2945 2949 3050 2989 nos
3099 2935 3541 3003 concinnarunt,

1956 3025 2123 3087 atque
2154 3018 2470 3089 hujusmodi
2504 3023 2692 3077 verbis
2724 3024 2984 3080 inductus
3035 3026 3148 3080 Deo
3184 3027 3545 3083 charissimus

1956 3109 2198 3164 civitatis
2222 3111 2374 3166 illius
2397 3113 2715 3184 episcopus,
2752 3117 3005 3185 quamvis
3035 3118 3254 3186 plenam
3296 3119 3348 3173 ei
3377 3118 3541 3174 fidem
3591 3153 3603 3163 ι
3694 3106 3701 3121 ’

1955 3201 2254 3256 fecerimus
2277 3202 2485 3257 litteris
2507 3205 2735 3269 nostris,
2756 3207 3235 3277 religiosissimum
3250 3210 3544 3279 quemdam

260 3283 584 3337 ἐπισκόπων
623 3285 705 3347 είς
756 3283 854 3354 τὴν
901 3283 1297 3354 βασιλεύουσαν
1338 3286 1631 3345 ἀπέστειλε
1671 3287 1848 3340 πόλινο

1958 3292 2279 3362 episcopum
2315 3293 2384 3348 ad
2411 3295 2605 3350 urbem
2640 3298 2848 3368 regiam
2872 3299 3044 3366 misit,
3080 3300 3340 3371 dignetur
3364 3303 3544 3371 pietas

262 3375 662 3440 καταξιωσάτω
710 3393 802 3428 σου
849 3378 882 3448 ή
931 3377 1212 3431 θεοσέϐεια
1242 3379 1341 3448 τὴν
1382 3378 1591 3432 οἰκείαν
1625 3378 1844 3432 εὔνοιαν

257 3465 436 3520 δεῖξαι
454 3464 698 3537 συνήθως
737 3467 830 3521 καὶ
846 3467 1126 3533 ἀντιτάξαι
1142 3468 1220 3539 τῷ
1242 3468 1426 3538 ψεύδει
1451 3472 1547 3541 τὴν
1567 3471 1844 3543 ἀλήθειαν.

261 3607 412 3680 πιεῖν.
463 3636 533 3646 -
558 3605 872 3677 Φλαόιανῷ
919 3607 1233 3733 dammam
1279 3613 1852 3668 Κωνσταντινουπόι

1014 3695 1146 3733 εως.

1014 3695 1146 3747 εως.

335 3810 550 3874 Πολλὰς
581 3811 682 3883 μὲν
718 3812 774 3864 ὲν
802 3797 881 3881 τῷ
914 3812 1147 3883 παρόντι
1185 3812 1386 3886 καιρῷ,
1418 3815 1487 3870 τὰ
1532 3816 1711 3871 πάντα
1735 3816 1854 3871 θεο-

262 3902 578 3973 φιλέστατε,
607 3901 915 3973 τρικυμιῶν
946 3901 1248 3974 ἐδεξάμεθα
1271 3907 1599 3978 προσϐολὰς,
1631 3909 1726 3962 καὶ
1759 3907 1853 3962 τὸν

261 3989 365 4045 τοῦ
400 3991 601 4054 παντὸς
651 3991 1115 4062 ἐπικαλεσάμενοι
1161 3995 1540 4066 κυϐερνήτην,
1577 3998 1852 4068 ἀντισχεῖν

264 4081 617 4154 ἠδυνήθημεν
654 4082 793 4154 πρὸς
820 4082 913 4137 τὸν
941 4083 1209 4138 κλύδωνα’
1237 4087 1306 4140 τὰ
1332 4087 1387 4140 δὲ
1413 4087 1506 4140 νῦν
1548 4088 1673 4142 καθ’
1698 4088 1853 4160 ἡμῶν

262 4174 688 4245 ἐπιχειρηθέντα
714 4176 897 4230 πᾶσαν
927 4178 1198 4249 τραγικὴν
1222 4178 1540 4250 ὑπερϐαίνει
1567 4180 1846 4251 διήγησιν.

260 4265 609 4336 Νομίσαντες
638 4265 747 4337 γὰρ
774 4268 1065 4339 σύμμαχον
1093 4270 1316 4340 σχήσειν
1348 4271 1444 4324 καὶ
1484 4272 1744 4343 συνεργὸν
1774 4274 1855 4338 είς

261 4357 339 4412 τὰ
368 4358 512 4413 κατά
549 4359 649 4428 τῆς
682 4346 1047 4430 ἀποπολικῆς
1095 4362 1332 4426 πίστεως
1361 4364 1723 4435 τυρευὸμενα,
1762 4365 1855 4420 τὸν

262 4448 690 4518 θεοφιλέστατον
710 4448 814 4521 τῆς
848 4450 1258 4522 Ἀλεξανδρείας
1277 4454 1600 4521 ἐπίσκοπον,
1626 4456 1720 4509 τὸν
1755 4456 1850 4509 κύρ

264 4559 389 4614 ριον
410 4542 725 4614 Διόσκορον,
758 4543 1159 4614 ἀπεστείλαμεν
1186 4544 1284 4599 ἕνα
1305 4537 1414 4597 τῶν
1442 4546 1572 4617 παρ’
1601 4549 1732 4617 ήμῖν
1758 4549 1852 4600 εὐ-

260 4630 618 4686 λαϐεστάτων
650 4632 1057 4706 πρεσϐυτέρων,
1087 4635 1298 4689 συνέσει
1339 4637 1733 4709 κοσμούμενον,
1754 4656 1852 4709 με-

260 4723 337 4778 τά
372 4723 667 4776 συνοδικῶν
697 4726 1062 4796 γραμμάτων,
1091 4726 1398 4793 διδάξαντες
1426 4730 1593 4784 αὐτοῦ
1617 4731 1715 4804 τὴν
1738 4731 1854 4785 θεο-

1961 3393 2054 3437 tua
2083 3398 2240 3438 suam
2277 3385 2440 3440 nobis
2464 3385 2532 3441 de
2566 3402 2727 3443 more
2778 3390 3224 3447 benevolentiam
3253 3392 3542 3461 exhibere,

1957 3482 2014 3528 et
2043 3475 2337 3529 mendacio
2366 3477 2656 3533 veritatem
2682 3497 2986 3551 opponere.

1958 3613 2242 3672 LXXXVI.
2270 3650 2341 3658 —
2363 3610 2622 3675 Flaviano
2656 3624 2892 3693 episcopo
2929 3621 3539 3696 Constantinopolitano.

2026 3816 2227 3871 Multos
2249 3817 2476 3888 quidem
2505 3818 2560 3872 in
2582 3817 2690 3874 hac
2731 3821 2865 3886 vita,
2891 3820 3006 3875 Deo
3051 3836 3150 3892 per
3171 3823 3357 3876 omnia
3411 3821 3544 3877 cha-

1955 3909 2209 3975 rissime,
2254 3910 2565 3980 ingentium
2603 3910 2976 3981 procellarum
3036 3913 3280 3982 impetus
3327 3915 3547 3983 excepi-

1954 4014 2098 4063 mus,
2134 4008 2192 4054 et
2216 4000 2470 4055 invocato
2495 4001 2741 4056 universi
2770 4002 3166 4072 gubernatore,
3214 4018 3325 4057 non
3363 4004 3540 4073 impa-

1956 4106 2046 4146 res
2081 4093 2395 4160 tempestati
2418 4091 2659 4147 fuimus:
2698 4110 2820 4162 quaa
2855 4110 2989 4150 vero
3025 4109 3173 4149 nunc
3201 4103 3398 4149 contra
3443 4111 3545 4150 nos

1954 4182 2263 4253 excogitata
2287 4190 2435 4246 sunt,
2468 4184 2731 4253 tragicam
2768 4199 2990 4238 omnem
3037 4186 3415 4239 narrationem
3444 4202 3544 4239 ex-

1955 4279 2240 4344 superant.
2266 4272 2390 4327 Rati
2417 4274 2566 4327 cnim
2586 4289 2690 4329 nos
2711 4273 3020 4345 adjutorem
3051 4290 3115 4329 ac
3139 4275 3352 4329 socium
3374 4275 3443 4329 ad
3476 4291 3541 4331 ea

1957 4381 2082 4434 quae
2113 4372 2307 4419 contra
2345 4363 2510 4418 fidem
2541 4364 2899 4433 apostolicam
2934 4371 3230 4420 moventur
3254 4364 3545 4422 habituros

1956 4456 2070 4511 Deo
2099 4455 2485 4511 charissimam
2510 4453 2856 4512 Alexandriae
2891 4456 3216 4527 episcopum
3243 4455 3533 4511 dominum

1957 4549 2302 4615 Dioscorum,
2348 4549 2604 4604 misimus
2628 4565 2799 4604 unum
2860 4567 2927 4606 ex
2947 4549 3387 4621 religiosissimis
3418 4567 3546 4622 pre.

1956 4642 2228 4712 sbyteris,
2259 4643 2276 4661 ‘
2312 4639 2609 4710 prudentia
2656 4642 2951 4714 insignem,
2995 4659 3120 4697 cum
3165 4643 3370 4699 litteris
3417 4659 3545 4717 syn-

1957 4733 2154 4800 odicis,
2200 4733 2392 4804 pietati
2441 4735 2562 4804 eius
2598 4743 2975 4809 suggerentes,
3010 4751 3113 4791 nos
3155 4736 3213 4791 in
3237 4751 3304 4791 eo
3335 4735 3543 4792 foedere

261 4815 507 4878 σέὸειαν,
530 4814 606 4877 ὡς
633 4816 754 4880 ταῖς
779 4819 1177 4888 γεγενημέναις
1196 4820 1292 4873 ὲπὶ
1315 4819 1409 4873 τοῦ
1445 4820 1544 4892 τῆς
1578 4821 1853 4894 μακαρίας

1958 4828 2106 4899 quod
2136 4827 2240 4884 sub
2260 4827 2435 4883 beatae
2465 4826 2751 4882 memoriae
2790 4826 2998 4900 Cyrillo
3047 4829 3248 4884 initum
3296 4836 3380 4884 est
3419 4846 3546 4899 pcr-

262 4907 498 4977 μνήμης
532 4906 805 4977 Κυρίλλου
831 4907 1129 4979 συνθήκαις
1177 4911 1511 4984 ἐμμένομεν,
1541 4914 1634 4967 καὶ
1662 4915 1764 4985 τήν
1795 4932 1854 4969 τε

259 5015 345 5052 πα
354 4999 400 5067 ρ’
414 4997 579 5051 αὐτοῦ
598 5001 904 5070 γραφεῖσαν
925 5001 1225 5073 στέργομεν
1242 5005 1556 5077 ἐπιστολήν,
1569 5007 1668 5080 τήν
1687 5024 1745 5060 τε
1761 5007 1855 5061 τοῦ

262 5090 690 5159 μακαριωτάτου
728 5091 822 5144 καὶ
846 5093 903 5145 ὲν
931 5093 1108 5161 ἀγίοις
1142 5093 1485 5162 ’Δθανασίου,
1506 5098 1572 5170 ήν
1600 5101 1736 5170 πρὸς
1765 5100 1855 5152 τὸν

263 5175 539 5251 μακάριον
583 5180 905 5254 Ἐπίκτητον
945 5183 1218 5256 ἔγραψεν,
1246 5187 1531 5252 ἀσπασίως
1562 5189 1849 5261 δεχόμεθαι

260 5271 365 5325 καὶ
409 5271 516 5341 πρό
564 5287 630 5337 γε
667 5273 905 5338 τούτων,
966 5277 1066 5346 τὴν
1111 5279 1169 5330 ὲν
1209 5278 1415 5351 Νικαίᾳ
1461 5283 1560 5352 τῆς
1600 5280 1853 5346 Βιθυνίας

258 5361 584 5416 ἑκτεθεῖσαν
618 5362 801 5418 πίστιν
828 5365 933 5419 ὑπὸ
954 5367 1063 5424 τῶν
1092 5367 1263 5437 ἁγίων
1291 5371 1387 5425 καὶ
1427 5372 1711 5442 μακαρίων
1734 5374 1848 5426 Πα-

256 5450 465 5523 τέρων.
496 5454 604 5507 Καὶ
629 5455 1084 5528 παρεκαλέσαμεν
1113 5460 1238 5523 τοὺς
1253 5457 1561 5533 τ[οι]ούτοις
1592 5462 1853 5534 ἐμμένειν

259 5544 332 5600 οὐ
381 5544 740 5617 βουλομένους
790 5548 1047 5619 ἐμμεῖναι
1077 5553 1518 5623 παρασκευάσαι.
1574 5553 1734 5609 Ἀλλά
1769 5571 1853 5619 τις

263 5633 521 5693 ἐντεῦθεν
547 5635 773 5708 δραμὼν
800 5638 911 5698 τῶν
938 5640 1196 5697 τάναντία
1218 5643 1577 5716 φρονούντων,
1609 5644 1700 5700 καὶ
1729 5646 1855 5712 τοὺς

351 5835 400 5871 ³⁴
432 5837 575 5900 Psal.
618 5854 764 5909 εχιτ,
798 5839 850 5902 ϐ.

1959 4936 2204 4985 manere,
2234 4919 2605 4990 scriptamque
2630 4919 2701 4974 ab
2735 4934 2805 4974 eo
2839 4921 3130 4990 epistolam
3177 4922 3457 4992 amplecti,
3486 4931 3545 4977 et

1959 5009 2263 5065 beatissimi
2291 5010 2578 5079 sanctique
2603 5009 2886 5065 Athanasii
2915 5010 3228 5080 epistolam,
3268 5025 3431 5080 quam
3471 5012 3540 5066 ad

1957 5100 2182 5156 beatum
2206 5100 2518 5169 Epictetum
2569 5099 2811 5169 scripsit,
2860 5099 3100 5155 libenter
3146 5101 3415 5171 recipere,
3461 5110 3545 5163 at-

1961 5207 2070 5261 que
2106 5200 2233 5245 ante
2266 5190 2385 5245 haec
2416 5188 2579 5244 ﬁdem
2615 5191 2673 5243 in
2708 5189 2890 5244 Nicaa
2941 5190 3213 5262 Bithyniae
3241 5207 3272 5246 a
3335 5192 3545 5246 sanctis

1954 5282 2242 5352 beatisque
2289 5280 2550 5335 Patribus
2592 5279 2922 5350 expositam.
2963 5283 3031 5336 Et
3063 5282 3269 5338 hortati
3324 5296 3531 5337 sumus.

1965 5372 2179 5444 1156
2203 5380 2263 5426 ut
2295 5387 2391 5428 eos
2419 5373 2515 5443 qui
2537 5372 2593 5426 in
2629 5372 2718 5428 his
2750 5386 3081 5443 permanere
3130 5374 3352 5435 nolunt,
3406 5385 3539 5426 suas-

1960 5464 2090 5519 deat
2113 5478 2461 5534 permanere.
2496 5463 2701 5519 Verum
2727 5463 2922 5519 abiens
2948 5465 3081 5518 hinc
3097 5463 3323 5534 quidam
3355 5477 3425 5516 ex
3467 5462 3540 5518 iis

1959 5557 2056 5627 qui
2079 5554 2356 5611 contraria
2373 5555 2644 5624 sentiunt,
2666 5565 2723 5613 ct
2755 5557 3026 5612 tumultus
3051 5555 3191 5610 istos
3216 5554 3388 5617 cient,
3404 5569 3536 5609 cum

1963 5647 2181 5720 aliquos
2205 5647 2321 5704 illic
2350 5645 2682 5719 deccpissct,
2700 5657 2757 5704 ct
2785 5657 3067 5704 sescentas
3092 5654 3285 5702 contra
3312 5660 3414 5703 nos
3441 5661 3539 5703 ca—
