4056 6430
542 459 678 526 lii-'9

1495 464 1983 524 THEODORETI
2013 465 2346 524 EPISCUPI
2383 466 2746 526 CYRENSIS

3665 463 3794 528 19.30

537 569 774 623 lumnias
805 572 1088 632 texuisset,
1128 571 1393 626 nefandas
1442 582 1634 627 contra
1685 589 1786 627 uos
1835 573 2104 626 vocifera-

2216 571 2477 642 θορύῦους
2505 571 2728 635 τούτους
2763 572 3163 645 ἐργαζομένων,
3198 571 3538 638 ἐξαπατήσας
3571 574 3678 626 τῶν
3704 576 3796 629 αὒ-

538 661 716 715 tiones
739 661 1050 715 suscitavit.

607 937 719 992 Deo
750 947 932 993 autem
957 940 1321 995 charissimus
1346 940 1641 1009 episcopus
1669 939 1970 992 Dioscorus
1995 937 2116 1007 epi-

534 1030 730 1084 stolam
756 1031 822 1085 ad
856 1047 956 1086 nos
975 1033 1216 1102 scripsit,
1251 1048 1414 1101 quam
1453 1031 1522 1085 ab
1577 1047 1643 1086 eo
1685 1031 1949 1100 scriptam
2005 1045 2116 1084 non

535 1122 740 1186 decuit,
778 1125 873 1194 qui
907 1124 977 1178 ab
1008 1125 1396 1178 universorum
1445 1125 1556 1178 Deo
1589 1124 1879 1185 didicerat,
1923 1137 2112 1176 vocem

535 1215 808 1269 mendacii
838 1231 947 1268 non
992 1217 1295 1284 suscipere.
1353 1215 1541 1270 Fidem
1602 1217 1751 1269 enim
1806 1217 1874 1269 iis
1905 1215 2116 1270 habens

533 1321 656 1374 qua:
687 1314 879 1359 contra
913 1321 1014 1360 nos
1043 1306 1188 1360 dicta
1213 1306 1453 1370 fuerant,
1480 1308 1642 1376 quasi?
1685 1314 1943 1360 accurate
1995 1307 2112 1360 sin-

533 1396 659 1464 gula
686 1397 1071 1460 examinasset,
1102 1413 1165 1451 ac
1211 1398 1498 1452 veritatem
1534 1414 1634 1467 per
1690 1407 1968 1452 tormenta
2008 1413 2108 1452 ex-

534 1487 850 1556 pressisset,
913 1489 988 1542 ita
1045 1503 1144 1541 nos
1189 1488 1594 1542 condemnavit.
1654 1487 1760 1542 Sed
1785 1503 1886 1543 nos
1908 1487 2117 1541 calum-

534 1577 682 1629 niam
714 1576 840 1630 forti
868 1577 1054 1630 animo
1079 1577 1430 1646 pertulimus,
1471 1580 1635 1648 eique
1662 1578 1884 1632 blandis
1905 1579 2114 1634 litteris

533 1666 940 1736 rescripsimus,
976 1677 1033 1722 et
1068 1669 1259 1738 pietati
1291 1671 1411 1740 ejus
1437 1670 1785 1725 ostendimus
1831 1670 1965 1725 falsa
1990 1686 2112 1726 esse

531 1755 649 1810 haec
680 1758 884 1821 omnia,
914 1758 1240 1828 nullumque
1271 1761 1384 1815 Deo
1418 1761 1872 1816 eharissimorum
1909 1760 2110 1816 Orien-

531 1847 603 1900 tis
622 1847 1005 1916 episcoporum
1046 1849 1119 1903 ab
1147 1851 1470 1920 apostolicis
1509 1851 1859 1921 dogmatibus
1889 1851 2110 1906 dissen-

527 1939 654 1994 tire.
686 1939 842 2006 Quod
863 1949 918 1994 et
943 1942 1376 2012 religiosissimis
1403 1944 1648 2010 elerteis,
1679 1943 1780 2013 qui
1806 1943 1877 1998 ab
1919 1960 1987 1998 eo
2019 1960 2118 1998 ve-v
2146 1917 2187 1976 Β

528 2040 749 2096 nerant,
775 2031 893 2100 ipsa
920 2048 1106 2086 rerum
1137 2035 1484 2103 experientia
1527 2051 1856 2106 persuasum
1901 2043 2007 2090 est.
2043 2035 2113 2089 At

529 2119 623 2175 ille
653 2123 913 2177 omnibus
943 2125 1130 2179 valere
1152 2125 1342 2195 jussis,
1377 2135 1434 2180 et
1458 2127 1928 2182 calumniantibus
1948 2143 2114 2184 aures

533 2212 779 2279 tradens,
821 2229 937 2268 rem
974 2230 1266 2285 aggressus
1308 2226 1413 2280 est,
1451 2233 1574 2286 quae
1609 2217 1763 2272 credi
1793 2220 2128 2274 nullatenus.

527 2313 722 2372 queat,
759 2305 868 2360 nisi
903 2314 1100 2361 testem
1144 2307 1378 2363 haberet
1413 2309 1739 2364 Ecclesiam.
1766 2311 1919 2365 Tulit
1957 2313 2110 2366 enim

528 2395 656 2450 illos
680 2397 774 2466 qui
801 2398 966 2453 nobis
993 2400 1288 2455 anathema
1337 2400 1618 2467 dicebant,
1684 2418 2024 2474 surgensquc
2058 2412 2118 2457 et.

528 2487 841 2543 acelamans
896 2489 1118 2543 illorum
1163 2506 1325 2545 voces
1369 2492 1731 2546 confirmavit.
1771 2493 1975 2549 Adlnec
2013 2495 2113 2549 ali-

528 2592 668 2646 quos
690 2593 756 2631 ex
785 2578 898 2633 Deo
918 2579 1262 2634 charissimis
1290 2582 1571 2652 episcopis
1596 2584 1652 2638 in
1685 2585 1880 2639 urbem
1906 2587 2111 2656 regiam

525 2668 695 2736 misit,
739 2678 798 2723 ut
821 2672 1157 2741 accepimus,
1215 2675 1456 2744 majores
1492 2691 1721 2745 sperans
1776 2688 1966 2732 contra
2007 2695 2108 2735 nos

530 2761 804 2816 tumultus
827 2763 1169 2818 excitandos.
1200 2764 1309 2820 Nos
1336 2781 1468 2819 vero
1487 2768 1726 2835 primum
1762 2770 2113 2825 defensorem

524 2852 790 2907 habemus
802 2856 1050 2908 omnium
1069 2854 1431 2925 inspectorem
1459 2858 1652 2912 Deum.
1677 2861 1784 2915 Pro
1821 2861 2026 2917 divinis
2047 2863 2121 2916 si-

521 2945 744 3014 quidem
761 2946 881 3015 ejus
895 2947 1242 3016 dogmatibus
1258 2945 1814 3005 dimicammﬁeinde
1824 2968 1952 3007 vero
1971 2961 2117 3008 tuam

521 3048 743 3102 quoque
769 3035 1114 3089 sanctitatem
1143 3035 1505 3099 obtestamur,
1549 3047 1608 3090 ut
1655 3049 2021 3108 oppugnatam
2055 3041 2119 3094 tl-

521 3123 648 3178 dem
681 3131 919 3189 tueatur,
957 3136 1014 3180 et
1041 3141 1142 3196 pro
1174 3127 1506 3181 conculcatis
1549 3128 1760 3200 1157
1814 3133 2121 3188 canonibus

2219 663 2332 716 τόθι
2369 663 2542 727 τινας,
2577 665 2672 716 καὶ
2703 664 2901 734 μυρίας
2931 663 3052 717 καθ’
3082 663 3237 734 ἡμῶν
3271 664 3634 730 συκοφαντίας
3667 666 3799 736 ύςρή⁵

2217 773 2334 818 νας,
2388 755 2802 825 παρεσκεύασεν
2835 755 3111 827 ἀθέσμους
3163 753 3286 808 καθ’
3320 753 3478 824 ἡμῶν
3517 756 3798 828 ἐκῦοήτεις

2215 845 2490 912 γενέσθαι.
3117 903 3124 908 _

2299 936 2357 989 '0
2387 937 2443 989 δέ
2491 935 2905 1003 θεοφιλέστατος
2953 936 3251 999 ἐπίσκοπος
3276 938 3566 1007 Διόσκορος
3591 941 3796 1007 γέγρα-

2218 1045 2315 1095 φεν
2346 1030 2476 1097 ἡμῖν
2527 1028 2839 1100 ἐπιστολὴν,
2879 1027 2947 1098 ἣν
2993 1029 3092 1081 οὐκ
3127 1027 3232 1081 ἔδει
3264 1027 3474 1098 γράψαι
3519 1028 3610 1081 τὸν
3651 1031 3798 1100 παρὰ

2215 1118 2308 1170 τοῦ
2362 1119 2472 1176 τῶν
2517 1120 2656 1172 ὅλων
2684 1099 2820 1172 Θεοῦ
2855 1119 3214 1190 μεμαθηκότα
3248 1118 3417 1190 ἀκοὴν
3464 1119 3700 1188 ματαίαν
3734 1124 3792 1174 ού

2217 1211 2641 1282 παραδέχεσθαι.
2677 1212 2982 1274 Πιστεύσας
3019 1212 3127 1283 γὰρ
3156 1214 3268 1275 τοῖς
3307 1211 3430 1264 καθ’
3461 1212 3618 1282 ἡμῶν
3645 1215 3788 1284 εἰρη-

2219 1301 2423 1371 μένοις,
2472 1300 2547 1364 ὼς
2588 1300 2832 1372 ἀκριϐῶς
2881 1301 3085 1355 τούτων
3131 1303 3363 1356 ἕκαστον
3393 1300 3670 1366 ἐξετάσας,
3699 1304 3789 1357 καὶ

2216 1394 2279 1445 ἐκ
2301 1395 2397 1463 τῆς
2425 1393 2659 1463 βασάνου
2715 1392 3049 1464 μεμαθηκὼς
3093 1391 3393 1464 [τ]άληθές,
3425 1393 3598 1456 οὓτως
3639 1394 3792 1464 ἡμῶν

2215 1484 2644 1554 κατεψηφίσατο.
2686 1484 2834 1539 Ἀλλ’
2876 1485 3036 1556 ἡμεῖς
3084 1483 3342 1552 γενναίως
3382 1481 3480 1554 τὴν
3527 1501 3792 1553 συκοφαν-

2214 1574 2336 1628 τίαν
2385 1576 2716 1646 ἠνέγκαμεν,
2770 1576 2866 1629 καὶ
2905 1579 3162 1646 χρηστοῖς
3193 1575 3510 1645 γράμμασιν
3556 1575 3794 1646 ἠμειψά-

2219 1665 2381 1737 μεθα,
2438 1667 2530 1720 καὶ
2585 1667 2926 1738 πεπείκαμεν
2976 1666 3142 1720 αὐτοῦ
3196 1667 3297 1736 τὴν
3345 1665 3798 1730 θεοσέϐειαν,ὡς

2216 1759 2393 1813 πάντα
2415 1758 2588 1814 ταῦτα
2615 1758 2808 1828 ψευδῆ,
2837 1759 2930 1811 καὶ
2955 1758 3030 1822 ὡς
3049 1759 3220 1822 οὐδεὶς
3241 1759 3348 1812 τῶν
3376 1759 3475 1828 τῆς
3511 1758 3800 1828 Ἀνατολῆς

2217 1849 2650 1919 θεοφιλεστάτων
2680 1851 2997 1904 ἐπισκόπων
3027 1851 3244 1903 ἐναντία
3274 1853 3384 1914 τοῖς
3424 1850 3803 1912 άποστολικοῖς

2219 1943 2411 2014 φρονεῖ
2435 1941 2728 2013 δόγμασιν.
2768 1941 3136 2011 Ἐπείσθησαν
3168 1941 3222 1995 δὲ
3253 1943 3347 1994 καὶ
3375 1941 3443 1994 δι’
3471 1943 3646 2013 αὐτῆς
3694 1942 3807 1994 τῶν

2220 2033 2562 2103 πραγμάτων
2618 2033 2720 2102 τῆς
2765 2031 2962 2103 πείρας
3012 2034 3107 2087 καὶ
3153 2033 3204 2086 oi
3246 2031 3640 2094 ἀποσταλέντες
3670 2032 3804 2101 παρ’

2219 2123 2386 2178 αὑτοῦ
2417 2124 2802 2178 εύλαϐέστατοι
2837 2125 3111 2195 κληρικοί.
3157 2126 3216 2177 ὐ
3240 2123 3296 2177 δέ
3328 2125 3492 2177 πᾶσιν
3523 2123 3807 2193 ἐρρὦθαι

2220 2217 2456 2288 φράσας,
2505 2218 2600 2270 καὶ
2646 2219 2760 2280 τοῖς
2813 2217 3209 2284 συκοφαντοῦσι
3247 2215 3346 2280 τὰς
3391 2214 3560 2279 ἀκοὰς
3590 2215 3806 2279 ἐκδοὺς.

2220 2311 2452 2380 πρᾶγμα
2487 2309 2790 2380 πεποίηκεν
2818 2308 3070 2377 οὐδαμῶς
3102 2307 3460 2377 πιστευθῆναι
3480 2306 3804 2377 δυνάμενον,

2221 2401 2269 2453 εί
2324 2401 2400 2472 μὴ
2450 2403 2631 2455 πᾶσαν
2675 2395 2788 2471 εἷχε
2849 2399 3230 2471 μαρτυροῦσαν
3284 2397 3383 2468 τὴν
3451 2397 3801 2468 Ἐκκλησίαν.

2232 2491 2519 2565 Ἦνέσχετο
2541 2491 2640 2560 μὲν
2667 2492 2774 2562 γάρ
2803 2491 2910 2544 τῶν
2940 2489 3448 2559 ἀναθεματιξόντων
3475 2491 3642 2559 ἡμᾶς·
3671 2490 3803 2540 ἀνα-

2221 2584 2352 2647 στάς
2393 2583 2450 2636 δὲ
2501 2582 2596 2636 καὶ
2648 2581 3050 2652 προσφωνήσας
3097 2580 3322 2632 ἐκείνων
3376 2578 3558 2648 φωνάς
3606 2579 3810 2631 ἐπεϐε-

2225 2674 2450 2729 ϐαίωσε.
2482 2673 2628 2744 Πρὸς
2656 2672 2712 2725 δὲ
2744 2672 2975 2736 τούτοις,
3009 2671 3103 2725 καί
3129 2689 3282 2735 τινας
3313 2670 3422 2724 τῶν
3451 2670 3800 2739 θεοφιλεστάο

2221 2783 2328 2819 των
2355 2765 2669 2820 ἐπισκόπων
2699 2765 2778 2827 είς
2808 2763 2904 2834 τὴν
2940 2760 3330 2834 βασιλεύουσαν
3361 2760 3700 2818 ἀπέστειλεν,
3728 2760 3811 2823 ὡς

2222 2857 2487 2927 ἔγνωμεν,
2520 2855 2693 2918 πόλιν,
2738 2855 2970 2924 αὐξῆσαι
3011 2855 3136 2916 τοὺς
3183 2853 3304 2906 καθ’
3353 2851 3510 2922 ἡμῶν
3541 2850 3812 2922 θορύϐους

2223 2947 2475 3011 ἐλπίζων.
2521 2947 2714 3017 Ἡμεῖς
2756 2947 2812 2999 δὲ
2862 2946 3076 3017 πρῶτον
3111 2945 3208 3015 μὲν
3237 2943 3328 2998 τὸν
3363 2943 3470 2996 τῶν
3504 2942 3641 2995 ὅλων
3679 2943 3817 2994 Ἑπ-

2221 3039 2392 3110 όπτην
2415 3037 2700 3111 πρόμαχον
2731 3038 2949 3108 ἔχομεν’
2986 3035 3128 3106 ὑπὲρ
3149 3034 3258 3105 γὰρ
3297 3033 3408 3087 τῶν
3440 3032 3599 3087 θείων
3634 3033 3816 3086 αὐτοῦ

2220 3131 2507 3202 δογμάτων
2561 3129 2963 3199 ἀγωνιζόμεθα.
3020 3130 3253 3184 Ἔπειτα
3295 3131 3354 3181 δέ
3405 3127 3497 3180 καὶ
3546 3125 3645 3195 τὴν
3705 3125 3816 3196 σὴν

525 3215 796 3269 decertet.
831 3215 999 3270 lnilla
1025 3218 1230 3287 quippe
1272 3219 1422 3289 regia
1458 3220 1596 3274 urbe
1622 3222 1933 3292 congregati
1970 3224 2110 3280 beati

2221 3222 2530 3292 ἁγιωσύνην
2553 3220 2978 3292 παρακαλοῦμεν
3005 3221 3101 3290 τῆς
3123 3218 3532 3288 πολεμουμένης
3565 3217 3818 3279 πίστεως

523 3303 862 3370 Patres,eum
889 3305 958 3359 iis
983 3307 1078 3374 qui
1093 3305 1237 3375 apud
1250 3305 1483 3362 Nieaaam
1501 3321 1874 3365 convenerant
1893 3315 2114 3383 conspi-

523 3402 726 3460 rantes,
751 3394 1019 3451 dimceses
1039 3397 1432 3461 distinxerunt,
1456 3409 1512 3453 et
1529 3415 1628 3454 sua
1651 3401 1950 3472 unicuique
1976 3405 2115 3459 dite-

520 3487 634 3541 cesi
678 3487 1049 3558 assignarunt,
1103 3499 1292 3559 aperte
1341 3491 1742 3546 interdicentes
1795 3509 1863 3546 ex
1929 3495 2104 3550 altera

520 3591 829 3646 quosquam
863 3577 1091 3633 dioecesi
1146 3579 1378 3634 alteram
1422 3582 1437 3598 '
1494 3580 1755 3636 invadere
1791 3599 1804 3636 :
1841 3583 1936 3638 sed
1987 3585 2114 3640 Ale-

521 3669 762 3724 xandriae
791 3670 1109 3739 episcopum
1141 3669 1359 3742 Egypti
1385 3673 1767 3728 tantummodo
1812 3691 1901 3730 res
1931 3677 2112 3732 admi-

522 3760 854 3824 nistrare,et
872 3777 969 3815 sua
1006 3762 1253 3832 singulas
1280 3761 1570 3819 dimceses.
1605 3765 1706 3821 llic
1733 3768 2102 3840 verolegibus

524 3849 645 3904 istis
675 3851 1025 3920 acquiescere
1050 3868 1159 3906 non
1182 3854 1320 3918 vult,
1361 3854 1455 3910 sed
1498 3871 1716 3911 sursum
1757 3874 1820 3914 ac
1849 3859 2110 3916 deorsum

523 3943 671 3997 beati
694 3943 858 3997 Marci
877 3943 1062 3998 sedem
1085 3945 1372 4001 obtendit:
1395 3947 1559 4019 idque
1577 3966 1700 4004 cum
1722 3951 1932 4021 liquido
1949 3953 2110 4008 intel-

521 4036 673 4106 ligat,
687 4035 1045 4107 Mcgalopolin
1059 4037 1531 4095 Antiochenorum
1552 4044 1732 4113 magni
1752 4043 1900 4100 Petri
1917 4045 2106 4100 sedem

521 4125 748 4206 habere,
779 4127 872 4196 qui
929 4127 1078 4182 beati
1129 4128 1296 4184 Marci
1351 4131 1617 4202 magister
1656 4143 1800 4199 erat,
1832 4134 2105 4206 chorique

519 4205 895 4286 apdstolorum
945 4218 1204 4289 princeps
1250 4230 1307 4275 et
1357 4221 1702 4292 corypltzeus.
1751 4225 1956 4279 Verum
2004 4205 2105 4283 nos

519 4309 664 4363 sedis
695 4309 1090 4364 sublimitatem
1131 4311 1410 4366 novimus:
1439 4329 1539 4368 nos
1572 4314 1721 4384 ipsos
1753 4331 1885 4370 vero
1903 4333 2106 4387 cogno-

517 4400 722 4455 scimus
746 4409 802 4456 et
828 4402 1115 4457 metimur.
1150 4401 1532 4461 Humilitatem
1565 4408 1718 4462 enim
1742 4409 2100 4478 apostolicam

515 4506 548 4544 a
586 4491 857 4562 principio
875 4493 1195 4554 didicimus.
1230 4497 1590 4555 Sanctitatem
1627 4515 1796 4570 porro
1829 4506 1979 4556 tuam
2003 4503 2102 4558 ob-

2221 3317 2320 3370 ύπε
2332 3316 2630 3386 ρμαχῆσαι,
2659 3315 2751 3368 και
2777 3313 2884 3367 τῶν
2909 3312 3261 3385 πατηθέντων
3289 3308 3818 3380 ύπεραγωνίσασθαι

2218 3409 2478 3462 κανόνων.
2519 3407 2606 3460 Ἐν
2633 3405 2816 3476 ἐκείνῃ
2842 3404 2952 3475 γὰρ
2989 3407 3054 3475 τῇ
3105 3401 3466 3475 βασιλευούσῃ
3495 3401 3647 3454 πόλει
3681 3417 3818 3453 συν-

2215 3499 2461 3561 ελθόντες
2508 3499 2556 3551 οἱ
2615 3498 2874 3567 μακάριοι
2920 3494 3182 3564 Πατέρες,
3224 3490 3531 3564 συμφώνως
3572 3492 3689 3552 τοῖς
3748 3492 3816 3542 ἐν

2215 3592 2419 3661 Νικαίᾳ
2477 3587 2909 3659 συναθροισθεῖσι
2982 3587 3083 3652 τὰς
3143 3587 3440 3656 διοικήσεις
3499 3582 3815 3652 διέκριναν,

2213 3685 2308 3738 καὶ
2363 3684 2567 3753 ἑκάστῃ
2617 3683 2882 3751 διοικήσει
2940 3681 3008 3734 τά
3043 3681 3245 3750 ἑαυτῆς
3284 3678 3610 3746 ἀπένειμαν,
3647 3675 3812 3728 ἀντι-

2213 3793 2348 3847 κρυς
2405 3774 2920 3846 ἀπαγορεύσαντες,
2985 3775 3043 3839 ἐξ
3101 3775 3368 3840 ἑκατέρας
3443 3770 3573 3840 (54)
3646 3767 3813 3829 τινὰς

2210 3869 2535 3939 διοικήσεως,
2582 3867 2747 3938 ἑτέρα
2803 3866 2878 3937 μὴ
2932 3865 3163 3918 ἐπιέναι·
3225 3862 3360 3916 ἀλλά
3412 3861 3503 3913 τὸν
3541 3857 3812 3923 Ἀλεξαν-

2209 3960 2395 4032 δρείας
2437 3958 2734 4012 ἐπίσκοπον
2784 3957 2855 4010 τά
2878 3994 2885 4000 -
2911 3957 3006 4027 τῆς
3067 3955 3349 4024 Αἰγύπτου
3380 3953 3515 4023 μόνα
3549 3951 3810 4012 διοικεῖν,

2209 4053 2305 4105 καὶ
2353 4052 2591 4120 ἑκάστην
2638 4050 2906 4120 διοίκησιν
2943 4049 3011 4102 τά
3041 4049 3236 4100 οἰκεῖα.
3280 4047 3340 4100 '0
3369 4045 3426 4099 δέ
3451 4043 3664 4106 τούτοις
3699 4044 3812 4111 ἐμ-

2212 4142 2392 4213 μένειν
2421 4143 2532 4204 τοῖς
2564 4141 2710 4212 ὅροις
2756 4140 2817 4192 ού
2878 4138 3145 4208 βούλεται,
3178 4137 3292 4190 ἀλλ’
3343 4135 3456 4190 ἄνω
3505 4134 3598 4186 καὶ
3645 4132 3813 4186 κάτω

2205 4234 2299 4288 τοῦ
2344 4231 2617 4302 μακαρίου
2647 4232 2874 4299 Μάρκου
2913 4229 3002 4283 τὸν
3051 4228 3239 4300 θρόνον
3273 4227 3662 4298 προϐάλλεται·
3698 4225 3807 4280 καὶ

2204 4324 2377 4378 ταῦτα
2409 4323 2594 4392 σαφῶς
2625 4321 2799 4390 εἰδὼς,
2822 4322 2896 4386 ὡς
2925 4321 3018 4374 τοῦ
3050 4319 3284 4391 μεγάλου
3309 4319 3517 4390 Πέτρου
3549 4317 3639 4370 τὸν
3670 4315 3802 4385 Opi-

2204 4435 2294 4472 νον
2345 4419 2376 4486 ἡ
2418 4417 2737 4486 ’Λντιοχέων
2787 4413 3147 4486 μεγαλόπολις
3175 4414 3308 4484 ἔχει,
3336 4413 3394 4476 ὃς
3423 4411 3519 4466 καὶ
3556 4409 3650 4462 τοῦ
3687 4427 3806 4478 μα-

2204 4510 2396 4579 καρίου
2447 4509 2678 4580 Μάρκου
2727 4505 3044 4569 διδάσκαλος
3089 4501 3180 4575 ἦν,
3229 4503 3323 4556 καὶ
3365 4501 3458 4556 τοῦ
3489 4499 3652 4571 χοροῦ
3686 4500 3812 4550 τῶν

516 4598 816 4652 secramus,
857 4597 920 4640 ιιι
946 4603 1124 4659 neque
1180 4600 1400 4648 εοηοῑοε
1459 4609 1702 4649 canones
1745 4597 2098 4665 proculcatos

2214 4601 2522 4655 ἅποστόλων
2570 4599 2784 4670 πρῶτος
2833 4597 2929 4652 καὶ
2969 4598 3287 4668 κορυφαῖος.
3329 4593 3470 4648 Ἀλλ’
3501 4593 3666 4661 mret:
3696 4590 3805 4642 τοῦ

516 4677 807 4748 despiciat,
825 4689 881 4735 et
897 4692 1097 4738 sancta:
1137 4683 1263 4741 fidei
1293 4685 1668 4744 defensionem
1705 4687 1870 4742 alacri
1905 4691 2094 4743 animo

518 4769 805 4839 suscipiat.
841 4770 899 4824 In
928 4771 1031 4828 hac
1059 4789 1298 4843 namque
1333 4774 1570 4844 positam
1629 4774 1902 4830 habemus
1945 4791 2100 4845 spem

515 4861 835 4932 salutis,per
849 4879 1080 4936 eamque
1093 4882 1194 4921 nos
1210 4866 1427 4920 veniam
1438 4866 1737 4936 adepturos
1749 4867 2098 4922 confidimus.

2209 4693 2308 4763 μέν
2343 4692 2452 4761 (55)
2483 4691 2672 4763 θρόνου
2702 4691 2761 4744 τὸ
2797 4689 2930 4759 ὕψος
2960 4688 3322 4757 ἐπιστάμεθα,
3349 4685 3576 4746 ἑαυτοὺς
3604 4683 3662 4736 δὲ
3697 4684 3810 4735 καὶ

2199 4783 2539 4852 γινώσκομεν
2588 4781 2680 4834 καὶ
2727 4779 3058 4850 μετροῦμεν.
3112 4779 3224 4849 Τὴν
3261 4777 3370 4848 γάρ
3423 4773 3809 4842 άποστολικὴν

2198 4869 2704 4940 ταπεινοφροσύνην
2751 4868 2956 4922 ἄνωθεν
3005 4867 3428 4938 μεμαθήκαμεν.
3462 4864 3574 4935 Τὴν
3600 4863 3658 4916 δέ
3693 4863 3811 4934 σὴν

513 4953 768 5025 ὁειότητα
791 4958 1238 5029 παρακαλοῦμεν,
1273 4960 1413 5031 μήτε
1440 4961 1567 5024 τοὺς
1599 4961 1789 5029 ἁγίους
1806 4961 2034 5024 κανόνας
2060 4963 2436 5033 πατουμένους
2468 4962 2732 5034 παριδεῖν,
2748 4961 2839 5015 καὶ
2861 4961 2952 5030 τῆς
2971 4960 3119 5023 θείας
3143 4959 3376 5021 πίστεως
3399 4956 3807 5029 ὑπερμαχῆσαι

515 5047 832 5127 προθύμως,
853 5052 944 5114 EE;
966 5051 1169 5124 ταύτην
1189 5053 1297 5126 γάρ
1326 5053 1520 5136 ἔχομεν
1557 5056 1742 5110 ἐλπίδα
1775 5057 1873 5127 τῆς
1905 5057 2200 5130 σωτηρίας,
2226 5059 2318 5113 καὶ
2338 5059 2422 5112 διὰ
2457 5058 2661 5126 ταύτην
2712 5059 2892 5129 τυχεῖν
2926 5054 3316 5126 προσδοκῶμεν
3355 5052 3800 5124 φιλανθρωπίας.

583 5162 655 5220 Ut
687 5174 871 5220 autem
900 5167 1006 5222 hoc
1032 5183 1252 5239 quoque
1283 5169 1544 5226 sanctitas
1575 5181 1666 5226 tua
1693 5187 1803 5226 non
1857 5172 2090 5243 ignoret,

515 5253 675 5320 scito,
715 5255 960 5322 domine,
995 5258 1135 5313 hanc
1167 5260 1320 5315 illum
1351 5262 1644 5317 adversum
1677 5279 1777 5318 nos
1809 5263 2096 5334 pusillani-

515 5349 761 5403 mitatem
783 5366 999 5420 gerere,
1028 5369 1095 5409 ex
1119 5371 1230 5423 quo
1256 5357 1534 5427 synodieis
1562 5357 1763 5412 vestris
1791 5357 1896 5412 sub
1922 5358 2096 5412 beata:

517 5441 797 5496 memoria:
833 5442 1030 5498 Proclo
1056 5444 1216 5500 factis
1260 5457 1574 5502 sanctorum
1614 5449 1837 5502 Patrum
1895 5447 2097 5517 regulis

519 5535 856 5592 inhaerentes
889 5540 1256 5600 assensimus:
1286 5557 1349 5596 ac
1379 5542 1448 5597 de
1472 5542 1576 5596 hoc
1605 5556 1707 5596 nos
1735 5541 1903 5596 semel
1926 5549 2094 5609 atque

519 5625 719 5680 iterum
755 5626 1090 5699 increpasse,
1113 5632 1269 5702 quasi
1299 5642 1354 5687 et
1375 5632 1874 5696 Antiochenorum,
1907 5640 1968 5684 ut
1997 5631 2093 5694 ait,

519 5719 1087 5778 etAlcxandrinorum
1117 5725 1241 5795 jura
1272 5725 1702 5796 prodiderimus.
1743 5723 1947 5779 llorum
1980 5739 2094 5779 me-

595 5877 704 5946 (54)
742 5879 930 5950 ἐξάρας
972 5883 1140 5950 Neap.

2269 5173 2391 5228 Ἵνα.
2411 5174 2468 5226 δὲ
2499 5174 2634 5244 μηδὲ
2675 5172 2834 5225 τοῦτο
2876 5171 3119 5238 ἀγνοήσῃ
3172 5183 3267 5220 σου
3302 5168 3335 5238 ἠ
3368 5164 3605 5233 ὁσιότης,
3651 5165 3844 5228 tam...

2195 5266 2454 5329 δέσποτα,
2483 5267 2557 5326 ὡς
2601 5265 2700 5334 τὴν
2737 5263 2870 5334 πρὸς
2913 5263 3061 5332 ἡμᾶς
3115 5259 3241 5329 ἔσχε
3291 5255 3685 5330 μικροψυχίαν,
3727 5257 3800 5320 ἐξ

2197 5352 2256 5409 οῦ
2289 5359 2400 5419 τοῖς
2438 5357 2566 5426 παρ’
2602 5356 2732 5427 ὑμῖν
2777 5352 3171 5423 γεγενημένοις
3221 5350 3518 5410 συνοδικοίς
3552 5349 3645 5400 ἐπὶ
3691 5349 3800 5401 τοῦ

2197 5449 2298 5516 τῆς
2325 5447 2603 5517 μακαρίας
2635 5446 2855 5516 μνήμης
2887 5443 3132 5514 Πρόκλου
3165 5441 3520 5509 συνεθέμεθα,
3543 5443 3653 5502 τοῖς
3674 5439 3801 5491 τῶν

2201 5539 2373 5606 ἁγίων
2418 5537 2678 5607 Πατὲρων
2713 5536 2932 5589 κανόσιν
2983 5532 3479 5604 ἀκολουθήσαντες
3515 5532 3610 5583 καὶ
3653 5529 3803 5600 περὶ

2201 5629 2390 5682 τούτου
2441 5630 2533 5682 καὶ
2574 5627 2726 5692 ἅπαξ
2757 5629 2887 5698 ἡμῖν
2928 5627 3020 5679 καὶ
3061 5624 3140 5686 δὶς
3175 5623 3514 5684 ἐνεκάλεσεν,
3539 5621 3614 5683 ὼς
3643 5636 3801 5690 7:90:-

2201 5723 2454 5777 δεδωκόσι
2485 5723 2578 5775 καὶ
2609 5724 2702 5793 τῆς
2731 5721 3068 5790 ’Δντιοχὲιυ-ι,
3089 5719 3160 5781 ὡς
3177 5717 3345 5786 λέγει,
3380 5716 3588 5784 καὶτῆς
3634 5715 3792 5769 Ἀλε-

2273 5880 2384 5948 (Ξρἔὲ)
2420 5879 2514 5950 μέν
2543 5877 2820 5932 addiderat
2864 5877 3030 5945 Neap.
