4056 6422
215 423 357 491 1281

1468 421 1828 484 EPISTOLA
1867 419 2240 483 LXXXVIII.

3359 417 3492 483 13282

212 537 499 611 ξανδρέων
542 536 872 608 Ἐκκλησίας
918 535 986 590 τὰ
1031 536 1240 590 δίκαια.
1278 533 1494 590 Τούτων
1521 529 1808 606 μεμνημέ-

1925 545 2051 596 rnor,
2087 542 2432 602 tempusque,
2468 541 2530 589 ut
2566 533 2619 589 ei
2651 532 2829 589 visum
2859 543 2965 595 est,
2991 541 3207 593 nactus,
3251 529 3492 588 inimici-

210 649 330 696 νος,
363 629 460 683 καὶ
507 626 701 696 καιρὸν
724 625 924 697 εὑρὼν,
954 626 1032 690 ὡς
1071 627 1330 689 ὑπέλαϐε,
1361 625 1460 697 τὴν
1483 625 1808 693 δυσμένειαν

209 721 446 787 ἔδειξεν.
489 718 653 774 Ἀλλά
684 719 786 789 τῆς
813 718 1075 789 ἀληθείας
1104 719 1257 772 οὐδὲν
1288 716 1657 789 ἰσχυρότερον.
1685 709 1808 766 Οἵδε

208 816 330 886 γὰρ
376 813 523 883 αὕτη
565 811 663 865 καὶ
703 810 774 864 διῗ
812 810 1012 879 ὀλίγων
1053 813 1234 881 νικᾷν.
1272 807 1584 882 Παρακαλῶ
1623 806 1679 859 δέ
1716 823 1808 859 σου

207 908 318 977 τὴν
350 905 640 975 ἀγιότητα,
669 905 765 958 καὶ
803 902 1170 974 μνημονεύειν
1207 901 1364 972 ἡμῶν
1415 901 1474 952 ὲν
1517 902 1634 962 ταῖς
1672 897 1810 968 πρὸς

206 1000 311 1054 τὸν
358 997 568 1070 Κύριον
633 998 988 1068 προσευχαῖς,
1041 996 1131 1050 ἵνα
1177 995 1454 1064 ἀντισχεῖν
1492 989 1810 1062 δυνηθῶμεν

209 1091 361 1161 πρὸς
390 1090 460 1144 τά
485 1089 720 1159 διάφορα
745 1087 810 1141 κύ
820 1106 986 1159 ματα.

431 1204 556 1257 IlZ'.
586 1232 658 1244 --
685 1202 890 1271 Δόμνῳ
916 1201 1230 1267 ἐπισκόπῳ
1267 1201 1597 1270 Ἀπαμείας.

305 1313 369 1366 '0
413 1312 516 1384 μὲν
553 1313 656 1383 τῆς
705 1311 1060 1382 φιλαδελφίας
1129 1311 1329 1384 ἀπῄτει
1375 1312 1561 1383 νόμος,
1612 1309 1812 1375 πολλὰς

217 1407 375 1478 ἡμᾶς
410 1405 470 1458 ἑν
510 1403 589 1474 τῷ
629 1403 860 1476 παρόντι
895 1402 1072 1475 καιρῷ
1107 1403 1363 1470 δέξασθαι
1395 1404 1545 1474 παρά
1574 1403 1675 1474 τῆς
1713 1401 1812 1472 σῆς

216 1493 506 1566 φιλοθεῖας
558 1487 874 1558 ἐπιστολάς.
913 1496 1216 1568 Παρεγγυᾷ
1253 1494 1363 1567 γὰρ
1407 1498 1434 1549 ὁ
1467 1495 1612 1558 θεῖος
1651 1495 1814 1548 Ἀπό-

217 1586 438 1652 στολος,
477 1604 496 1638 ι
521 1583 731 1640 κλαίειν
786 1585 926 1656 μετά
959 1586 1276 1653 κλαιόντων,
1309 1585 1403 1640 καὶ
1433 1587 1645 1659 χαίρειν
1673 1585 1814 1656 μετά

216 1678 551 1750 χαιρόντων.
577 1696 596 1730 ι
645 1677 947 1749 Ἐδεξάμην
977 1677 1034 1731 δὲ
1069 1677 1349 1750 οὐδεμίαν,
1408 1679 1586 1733 καίτοι
1635 1695 1815 1752 παρα-

217 1769 539 1840 γενομένων
561 1768 793 1840 ἔναγχος
816 1769 953 1842 πρὸς
982 1771 1131 1841 ἡμᾶς
1151 1770 1261 1825 τῶν
1285 1787 1344 1824 τε
1374 1771 1812 1825 θεοσεόεστάτων

1913 621 2018 677 tias
2042 623 2326 693 patefecit.
2367 623 2476 679 Sed
2510 625 2744 680 veritate
2772 625 2911 678 nihil
2946 632 3030 679 cst
3051 621 3351 692 potentius.
3392 623 3497 677 Po-

1912 722 2022 769 test
2054 713 2202 769 enim
2240 715 2331 769 illa
2404 715 2622 787 1158
2658 715 2826 772 etiam
2858 730 2985 769 cum
3021 712 3212 783 paucis
3248 712 3494 767 vincere.

1911 803 2022 859 Oro
2053 812 2238 859 autem
2265 804 2614 860 sanctitatem
2674 812 2848 873 tuam,
2889 814 2951 858 ut
2981 800 3158 856 nostri
3225 800 3390 854 etiam
3441 806 3496 854 in

1911 895 2029 956 suis
2049 895 2118 950 ad
2155 895 2450 950 Dominum
2479 894 2740 964 precibus
2783 893 3128 956 recordetur,
3159 904 3269 958 quo
3318 891 3496 963 possi-

1911 1003 2038 1042 mus
2065 987 2302 1042 diversis
2335 985 2599 1042 ﬂuctibus
2629 985 2910 1040 resistere.

2126 1202 2436 1259 LXXXVII.
2476 1201 2688 1257 Damno
2728 1156 2968 1274 episcopo
2996 1200 3262 1271 Apameae.

2011 1277 2038 1290 -ο

1984 1315 2304 1372 Postulabat
2328 1313 2560 1370 fraterni
2610 1313 2702 1370 lex
2735 1313 2963 1380 amoris,
3018 1320 3082 1367 ut
3129 1311 3354 1366 crebras
3391 1310 3499 1363 hoc

1915 1415 2165 1477 tempore
2203 1423 2234 1462 a
2262 1407 2469 1478 pietate
2501 1413 2594 1462 tua
2615 1404 2831 1461 litteras
2861 1404 3191 1474 acciperem.
3242 1401 3502 1470 Praecipit

1912 1500 2063 1555 enim
2096 1499 2319 1556 divinus
2345 1499 2664 1570 Apostolus,
2706 1516 2725 1550 ι
2770 1497 2902 1554 ﬂere
2951 1507 3077 1551 cum
3122 1494 3406 1559 ﬂentibus,
3445 1501 3502 1547 et

1915 1593 2154 1664 gaudere
2212 1607 2337 1646 cum
2371 1589 2742 1662 gaudentibus
2767 1587 2836 1643 ⁸⁸.
2900 1606 2919 1641 ›
2961 1588 3075 1658 Ego
3121 1602 3255 1642 vero
3321 1587 3502 1640 nullas

1915 1700 2143 1755 prorsus
2172 1683 2382 1755 accepi,
2416 1683 2636 1739 tametsi
2669 1698 2850 1754 nuper
2885 1682 2954 1737 ad
2990 1696 3095 1736 nos
3116 1678 3374 1736 venerint
3413 1691 3501 1730 re-

1917 1776 2253 1848 ligiosissimi
2279 1777 2535 1832 monachi
2551 1774 2875 1832 monasterii
2902 1774 3096 1840 vestri,
3119 1781 3177 1827 et
3201 1769 3503 1841 religiosis-

221 1862 576 1932 μοναζόντων
616 1863 720 1934 τῆς
757 1862 1035 1934 ὑμετέρας
1069 1864 1264 1935 μονῆς,
1300 1864 1397 1918 καὶ
1438 1864 1534 1918 τοῦ
1566 1864 1813 1919 θεοσεσε-

1925 1869 2087 1924 5imus
2141 1869 2289 1924 Elias
2330 1869 2644 1940 presbyter.
2696 1871 2953 1922 Attamen
2981 1865 3187 1930 scribo,
3231 1869 3283 1917 et
3321 1861 3502 1915 saluto

219 1953 427 2008 στάτου
462 1954 649 2008 Ἠλίου
688 1953 782 2007 τοῦ
825 1954 1224 2025 πρεσϐυτέρου.
1267 1955 1409 2025 Ἐγὼ
1437 1955 1495 2009 δὲ
1537 1957 1811 2026 γέγραφα,

218 2046 318 2100 καὶ
359 2045 822 2117 προσφθέγγομαί
849 2063 944 2100 σου
991 2046 1092 2118 τὴν
1123 2047 1402 2118 ὁσιότητα,
1433 2049 1530 2102 καλ⁸
1561 2045 1814 2120 γνωρίζω

215 2139 298 2202 ὡς
330 2138 572 2210 ἧρκεσεν
603 2140 737 2209 ἡμῖν
768 2139 892 2194 ἀντὶ
936 2142 1156 2195 πάντων
1188 2143 1221 2213 ἡ
1255 2141 1350 2195 τοῦ
1375 2141 1649 2196 Δεσπότου
1676 2141 1816 2213 ψυχ-

216 2232 468 2300 αγωγία.
506 2228 598 2301 Τῷ
631 2231 748 2284 ὄντι
778 2230 909 2303 γὰρ,
947 2231 1058 2286 οὐδ’
1093 2234 1142 2286 εἰ
1177 2231 1446 2304 ἰσάριθμα
1468 2232 1579 2286 τῶν
1617 2232 1818 2303 ἡμετέ-

223 2341 337 2395 ρων
367 2322 576 2394 τριχῶν
610 2325 872 2396 σχοίημεν
903 2324 1171 2396 στόματα,
1191 2325 1432 2396 ὑμνῆσαι
1461 2323 1622 2378 αὑτὸν
1650 2322 1816 2388 ἀξίως

222 2416 517 2486 ἰσχύομεν,
548 2414 636 2469 διά
662 2415 763 2486 τὴν
805 2417 886 2480 εἰς
913 2415 1076 2469 αὑτὸν
1101 2413 1395 2486 ὁμολογίαν
1416 2414 1516 2482 τῆς
1548 2412 1816 2484 δοκούσης

218 2508 460 2578 ἀτιμίας
481 2507 830 2572 ἀξιωθέντες,
862 2508 930 2578 ἣν
965 2509 1145 2579 πάσης
1172 2507 1342 2578 τιμῆς
1362 2503 1816 2576 σεϐασμιωτέραν

219 2587 534 2671 ἡγούμεθα.
575 2601 638 2654 Ei
672 2600 729 2653 δὲ
769 2601 864 2653 καλ⁸
905 2599 1003 2663 τὰς
1049 2599 1310 2670 ὲσχατιάς
1356 2598 1457 2669 τῆς
1488 2598 1816 2668 οἰκουμένης

222 2694 457 2763 οἰκῆσαι
500 2692 952 2762 κατακριθῶμεν,
993 2691 1156 2745 πλέον
1189 2689 1813 2761 αὑτὸν’ἀνυμνήσομεν,

220 2787 336 2854 ὅσῳ
377 2783 651 2852 μειζόνων
705 2784 927 2852 ἀγαθῶν
961 2782 1284 2854 ἀξιούμεθα.
1320 2781 1584 2847 Εὑξάσθω
1615 2781 1732 2852 (56)
1769 2779 1814 2834 δ’

222 2876 378 2948 ὅμως
407 2875 442 2946 ἡ
473 2874 694 2947 ὁσιότης
729 2892 847 2940 σου,
879 2875 975 2928 καὶ
1004 2875 1289 2946 αἰτησάτω
1321 2877 1442 2939 ταῖς
1471 2874 1658 2943 ἁγίαις
1693 2874 1818 2927 Ἐκ-

222 2967 486 3038 κλησίαις
516 2967 779 3037 γαλήνην.
805 2966 918 3036 Τῆς
951 2966 1061 3037 γὰρ
1089 2966 1295 3020 τούτων
1331 2967 1496 3022 ἕνεκα
1525 2964 1695 3036 ζάλης
1723 2966 1818 3019 καὶ

221 3059 393 3128 ἡμεῖς
453 3056 786 3127 θρηνοῦμεν,
817 3057 910 3109 καὶ
958 3057 1240 3126 στένομεν,
1283 3058 1378 3110 καὶ
1415 3055 1816 3127 όλοφυρόμεθα.

221 3150 341 3204 Καὶ
370 3147 484 3217 γὰρ
514 3147 773 3214 ἐξέωσαν,
808 3147 886 3211 ὠς
929 3147 1195 3216 ἔγνωμεν,
1229 3146 1435 3216 ταύτην
1465 3149 1515 3201 οἱ
1544 3147 1656 3201 ἀπὸ
1693 3149 1816 3200 ’οσ-

227 3239 435 3312 ροηνῆς
460 3237 736 3308 κληρικοὶ,
775 3236 947 3308 μυρία
981 3237 1198 3290 πάντων
1239 3236 1396 3306 ἡμῶν
1428 3235 1812 3306 καταχέοντες,
1847 3221 1887 3277 C

222 3332 412 3388 καίτοι
444 3329 581 3401 ἐμοῦ
606 3329 729 3383 οὐδὲ
775 3329 1221 3392 συνδικάσαντος,
1253 3328 1372 3380 οὑδὲ
1396 3329 1496 3398 τῆς
1524 3327 1612 3379 ἐπ’
1636 3326 1820 3390 αὐτοῖς

222 3424 670 3494 κοινωνήσαντος
703 3421 910 3492 ψήφου,
943 3420 1083 3484 ἀλλ’,
1110 3420 1186 3483 ὼς
1208 3416 1317 3473 οἶδέ
1367 3437 1458 3471 σου
1509 3421 1542 3490 ἡ
1580 3419 1817 3487 ὁσιότης,

223 3517 324 3570 καὶ
354 3515 458 3585 τὴν
494 3514 784 3568 κοινωνίαν
823 3514 1009 3576 αὐτοῖς
1057 3512 1277 3582 δοθῆναι
1307 3511 1368 3563 τὺ
1400 3512 1592 3580 Πάσχα
1638 3528 1816 3581 παραο

225 3605 594 3669 καλέσαντος.
653 3603 818 3658 Ἀλλά
862 3604 1044 3676 ῥᾴδιον
1091 3605 1203 3667 τοῖς
1244 3601 1612 3670 συκοφάνταις
1641 3601 1822 3670 λέγειν

225 3697 264 3754 ἃ.
291 3697 602 3770 βούλονται.
649 3697 826 3767 Ἥμᾶς
849 3698 904 3750 δὲ
937 3697 966 3750 ὁ
988 3695 1083 3748 τοῦ
1108 3695 1382 3747 Δεσπὸτου
1411 3695 1822 3766 παραμυθεῖται

231 3791 610 3864 μακαρισμός.
659 3808 677 3841 ι
699 3789 978 3858 Μακάριοι
1005 3788 1116 3858 γάρ
1141 3789 1286 3851 ὲστε,
1327 3787 1514 3857 φησὶν,
1538 3787 1666 3841 ὅταν
1687 3787 1825 3840 ὀνει-

226 3884 459 3938 δίσωσιν
487 3882 656 3950 ὑμᾶς,
688 3881 783 3934 καὶ
811 3877 1066 3944 διώξωσι,
1097 3879 1188 3932 καὶ
1219 3878 1415 3931 εἴπωσι
1447 3879 1556 3930 πᾶν
1586 3878 1824 3948 πονηρὸν

229 3973 391 4045 ῥῆμα
420 3970 544 4024 καθ’
583 3969 738 4040 ὑμῶν
766 3969 956 4022 ’ἐνεκεν
985 3967 1145 4039 ἐμοῦ,
1185 3967 1527 4038 ψευδόμενοι.
1585 3968 1823 4039 Χαίρετε

226 4066 327 4120 καὶ
365 4061 726 4133 ἀγαλλιᾶσθε,
758 4062 840 4117 ὅτι
889 4061 920 4114 ὁ
975 4061 1166 4132 μισθὸς
1217 4061 1374 4131 ὑμῶν
1417 4059 1586 4123 πολὺς
1625 4062 1682 4114 ἐν
1712 4063 1825 4126 τοῖς

225 4159 504 4230 οὐρανοῖς.
530 4177 550 4211 ι

626 4272 758 4325 ﬂII'.
791 4301 851 4311 —
889 4271 1088 4338 Ταύρῳ
1123 4272 1430 4338 πατρκκίῳ.

313 4386 700 4459 ’Υπερὸαἰνειν
751 4402 818 4458 με
868 4387 995 4450 τοὺς
1031 4386 1192 4457 ὅρους
1222 4388 1269 4439 οἱ
1325 4385 1660 4454 συκοφάνται
1707 4385 1825 4456 βιά-

1916 1959 2272 2014 sanctitatem
2289 1967 2464 2027 tuam,
2481 1959 2756 2029 nobisque
2781 1972 2881 2029 pro
2910 1955 3169 2012 omnibus
3186 1953 3319 2008 satis
3333 1951 3501 2006 luisse

1916 2049 2135 2104 Domini
2168 2050 2600 2106 consolationem
2632 2048 2902 2120 signiﬁco.
2941 2048 3154 2104 Revera
3185 2045 3356 2108 enim,
3397 2056 3503 2095 nec

1919 2143 1966 2198 si
1991 2157 2090 2196 ora
2125 2142 2289 2197 nobis
2320 2149 2404 2196 tot
2431 2149 2620 2196 essent
2646 2147 2785 2210 quot
2812 2138 3020 2208 capilli,
3069 2135 3296 2192 laudare
3347 2132 3502 2186 illum

1917 2249 2020 2303 pro
2052 2232 2319 2304 dignitate
2339 2247 2452 2286 non
2481 2245 2798 2303 possumus,
2831 2230 2937 2284 ista
2965 2227 3038 2283 ob
3064 2229 3186 2298 ejus
3201 2224 3506 2280 confessio-

1918 2341 2045 2380 nem
2076 2325 2379 2395 ignominia
2409 2323 2664 2394 putatitia
2687 2322 2892 2388 aﬂecti,
2911 2337 3076 2392 quam
3105 2319 3258 2374 omni
3291 2308 3506 2371 honore

1918 2416 2294 2487 augustiorem
2320 2414 2596 2469 ducimus.
2615 2411 2774 2479 Quod
2796 2412 2842 2466 si
2865 2412 2953 2466 vel
2983 2410 3052 2465 ad
3097 2409 3320 2464 ultimas
3345 2416 3509 2462 terrae

1917 2513 1935 2533 ¹
1976 2524 2103 2563 oras
2159 2506 2385 2578 relegati
2425 2505 2717 2570 fuerimus,
2779 2509 2936 2557 tanto
3000 2501 3153 2555 illum
3204 2495 3510 2568 impensius

1915 2598 2286 2662 laudabimus,
2314 2605 2525 2665 quanto
2560 2591 2865 2663 majoribus
2902 2591 3067 2645 bonis
3114 2589 3499 2643 honestamur.

1915 2691 2049 2748 Oret
2082 2688 2444 2743 nihilominus
2469 2686 2737 2742 sanctitas
2758 2692 2872 2750 tua,
2908 2691 2964 2736 et
2993 2680 3201 2736 sanctis
3245 2676 3508 2733 Ecclesiis

1918 2780 2378 2850 tranquillitatem
2397 2783 2681 2847 exposcat.
2725 2773 2953 2845 (Harum
2985 2771 3133 2826 enim
3165 2772 3509 2838 tempestatis

1918 2888 2086 2929 causa
2120 2873 2375 2942 lugemus
2395 2877 2453 2924 et
2481 2883 2605 2930 nos,
2630 2875 2688 2922 et
2717 2865 2989 2936 angimur,
3017 2870 3076 2916 et
3091 2857 3504 2928 lamentamur.)

1919 2964 2265 3035 Expulerunt
2320 2963 2466 3017 hanc
2519 2960 2747 3031 quippe,
2808 2965 2870 3012 ut
2902 2953 3282 3026 cognovimus,
3320 2949 3510 3005 clerici

1920 3056 2214 3120 Osroenes,
2251 3055 2346 3125 qui
2374 3054 2613 3125 plurima
2653 3061 2845 3106 contra
2898 3063 3002 3102 nos
3060 3058 3253 3100 omnes
3302 3041 3514 3096 cﬂ‘ude—

1925 3155 2092 3214 runt;
2124 3148 2378 3217 quamvis
2402 3161 2504 3216 ego
2537 3158 2638 3198 nec
2665 3137 3112 3211 unajudicarim,
3145 3149 3250 3189 nec
3297 3133 3421 3186 lata:
3456 3131 3512 3184 in

1925 3240 2049 3295 illos
2071 3239 2362 3294 sententiae
2384 3237 2665 3308 particeps
2688 3232 2888 3288 fuerim
2921 3247 2934 3283 :
2954 3227 3050 3283 sed
3068 3222 3513 3282 communionem

1926 3333 2028 3398 eis,
2059 3331 2204 3402 quod
2232 3331 2495 3386 sanctitas
2525 3337 2620 3382 tua
2669 3324 2845 3389 novit,
2887 3319 3103 3391 1159
3145 3331 3246 3388 per
3300 3314 3514 3370 Pascha

1926 3423 2045 3478 dari
2073 3421 2330 3493 rogarim.
2358 3421 2562 3475 Verum
2595 3417 2756 3471 facile
2811 3421 2897 3468 est
2923 3406 3418 3468 calumniatoribus
3448 3421 3514 3460 ea

1925 3515 2112 3570 dicere
2137 3527 2260 3583 quae
2293 3512 2506 3566 volunt.
2536 3508 2650 3563 Nos
2701 3511 2886 3560 autem
2937 3500 3154 3557 Domini
3198 3497 3516 3554 consolatur

1925 3603 2293 3660 beatiﬁcatio:
2343 3621 2362 3654 ι
2389 3601 2542 3656 Beati
2581 3599 2729 3654 enim
2760 3596 2916 3661 estis,
2941 3592 3140 3662 inquit,
3173 3605 3298 3646 cum
3333 3587 3505 3642 male-

1928 3697 2167 3755 dixerint
2193 3695 2375 3761 vobis,
2407 3701 2463 3748 et
2500 3689 2778 3763 persecuti
2813 3703 2913 3743 vos
2931 3686 3160 3751 fuerint,
3199 3679 3516 3738 etdixerint

1927 3803 2092 3847 omne
2132 3787 2338 3842 malum
2407 3783 2700 3839 adversum
2762 3795 2863 3835 vos
2908 3777 3244 3833 mentientes
3289 3779 3518 3844 propter

1927 3895 2037 3935 me.
2075 3877 2321 3934 Gaudete
2343 3885 2400 3931 et
2430 3874 2728 3939 exsultate,
2754 3870 3018 3944 quoniam
3073 3880 3287 3925 merces
3333 3870 3517 3954 vestra

1927 3971 2151 4042 copiosa
2168 3980 2251 4024 est
2277 3969 2334 4023 in
2359 3967 2514 4024 caelis
2536 3965 2604 4021 ⁸⁸.
2652 3984 2673 4019 ι

2289 4275 2704 4333 LXXXVIII.—
2721 4275 2895 4330 Tauro
2919 4273 3161 4345 patricio.

1999 4392 2332 4465 Transgredi
2359 4408 2445 4448 me
2472 4390 2743 4446 terminos
2781 4383 2988 4460 cogunt
3042 4385 3412 4458 syc0phantae,
3467 4393 3522 4442 et

228 4480 441 4544 ζονται,
463 4478 556 4531 καὶ
573 4477 806 4550 γράφειν
832 4480 979 4550 ὑμῖν,
998 4479 1098 4542 τὰς
1131 4478 1390 4548 μεγίστας
1421 4478 1820 4549 κεκοσμηκόσιν

1931 4489 2111 4554 vobis,
2137 4488 2232 4558 qui
2265 4487 2532 4541 maximas
2558 4483 2857 4555 dignitates
2887 4489 3149 4547 ornastis,
3205 4492 3521 4548 supremos-

230 4571 435 4643 ἀρχὰς,
463 4574 560 4628 καὶ
603 4571 704 4635 τὰς
746 4573 1062 4643 ὑπερτάτας
1093 4571 1334 4641 εἰληχόσι
1361 4571 1549 4640 τιμὰς,
1575 4571 1820 4640 ἀναγκά-

1935 4597 2042 4653 que
2069 4554 2308 4635 honores
2337 4576 2519 4646 adepti
2537 4554 2691 4640 estis,
2717 4573 2961 4630 scribere
2991 4570 3353 4641 compellunt.
3375 4568 3522 4634 Quo-

226 4665 443 4729 ζουσιν.
478 4655 554 4715 Οὗ
581 4662 646 4734 δὴ
680 4663 844 4733 χάριν
873 4662 1184 4731 παρακαλῶ
1217 4661 1551 4732 συγγνώμης
1586 4660 1827 4732 μεταλα-

231 4759 373 4828 χεῖν.
408 4754 612 4826 Γράτω
656 4755 787 4826 γὰρ,
815 4754 915 4806 οὑκ
944 4754 1204 4825 αὐθαδείᾳ
1227 4753 1535 4825 χρώμενος,
1570 4754 1686 4807 ἀλλ’
1718 4753 1827 4808 ὑπὸ

225 4850 332 4918 τῆς
375 4847 570 4918 χρείας
620 4845 973 4916 ὠθούμενοςο
1001 4845 1122 4898 οὑδὲ
1174 4845 1233 4898 τὸ
1282 4844 1628 4916 σκυθρωποῖς
1682 4863 1826 4900 τισιν

226 4941 440 5002 ἀδίκως
471 4942 792 5012 περιπεσεῖν
838 4937 1193 5010 ὑφορώμενος
1241 4937 1426 5009 (τοῦτο
1463 4938 1574 5010 γὰρ
1599 4939 1676 5002 ὡς
1705 4939 1829 4992 ἐπί-

226 5050 343 5086 παν
377 5030 714 5084 πεπόνθασιν
744 5029 984 5092 ἅπαντες
1026 5029 1075 5081 οἱ
1106 5027 1183 5096 τῷ
1220 5028 1342 5097 Θεῷ
1374 5030 1615 5098 γνησίως
1647 5029 1829 5082 δεδου-

225 5123 539 5194 λευκότες),
585 5122 723 5176 ἀλλὰ
764 5122 864 5192 τὴν
898 5122 1172 5191 ὑμετέραν
1219 5121 1597 5191 μεγαλοφυΐαν
1643 5124 1828 5174 πεῖσαι

230 5204 589 5288 βουλόμενος,
635 5213 710 5278 ὡς
753 5213 972 5283 ψευδεῖς
1007 5213 1128 5266 καθ’
1159 5212 1318 5283 ήμῶν
1355 5212 1606 5265 ὠδίνουσι
1634 5211 1830 5280 λόγους

226 5312 281 5363 οἱ
321 5307 433 5361 τῶν
461 5307 750 5379 ἡμετέρων
802 5307 1240 5380 κατηγοροῦντες
1276 5307 1585 5376 δογμάτων.
1616 5291 1828 5378 ’Ἡμεῖς

229 5401 340 5473 μὲν
370 5400 501 5471 γὰρ,
537 5399 676 5471 μετὰ
717 5401 817 5472 τὴν
865 5401 1125 5473 μητρῴαν
1158 5399 1350 5472 θηλὴν,
1379 5401 1486 5472 τὴν
1527 5401 1826 5456 ἀποστολι-

229 5492 342 5563 κὴν
367 5494 576 5564 τροφὴν
599 5492 924 5563 ἐδεξάμεθα,
950 5494 1040 5547 καὶ
1072 5493 1172 5564 τὴν
1197 5491 1513 5548 ὲκτεθεῖσαν
1539 5496 1597 5549 ὲν
1624 5496 1829 5568 Νικαίᾳ

230 5586 430 5640 πίστιν
461 5585 566 5638 ὑπὸ
607 5586 715 5638 τῶν
744 5585 916 5654 ἁγίων
953 5587 1040 5640 καὶ
1073 5585 1362 5656 μακαρίων
1405 5585 1669 5659 Πατέρων
1727 5589 1823 5642 καὶ

311 5741 360 5774 ⁸⁵
396 5743 553 5797 Rom.
585 5757 676 5807 xu,
711 5742 797 5798 15.
876 5741 924 5772 ⁸⁸
961 5743 1149 5797 Matth.
1184 5759 1239 5809 v,
1271 5743 1358 5809 ll,
1402 5743 1491 5800 12.

1936 4674 2084 4729 circa
2116 4680 2178 4726 ut
2201 4670 2422 4726 veniam
2440 4681 2752 4736 consequar
2773 4680 2895 4720 oro.
2926 4662 3122 4718 Scribo
3177 4661 3346 4727 enim,
3411 4675 3524 4714 non

1938 4763 2251 4836 arrogantia
2270 4763 2490 4828 ductus,
2532 4758 2628 4816 sed
2651 4758 2923 4828 impulsus
2942 4753 3272 4810 necessitate
3305 4769 3317 4805 :
3343 4768 3525 4823 neque

1937 4857 2086 4929 quod
2122 4858 2326 4928 injuste
2351 4854 2487 4909 mihi
2518 4851 2698 4907 tristia
2725 4850 2975 4920 quaedam
3007 4845 3328 4916 impendere
3366 4843 3529 4898 intel—

1935 4949 2101 5020 ligam
2132 4948 2261 5021 (hoc
2293 4948 2443 5003 enim
2481 4946 2550 5001 iis
2586 4945 2702 4999 fere
2727 4943 2819 5013 qui
2846 4942 3060 4997 sincere
3088 4940 3200 4993 Deo
3228 4936 3531 4992 servierint

1935 5041 2198 5096 omnibus
2223 5056 2326 5095 usu
2353 5038 2549 5108 venit),
2577 5036 2672 5090 sed
2700 5043 2760 5089 ut
2789 5031 3212 5103 magnificentia:
3234 5039 3343 5084 tua:
3367 5027 3530 5082 fidem

1939 5134 2159 5197 faciam,
2197 5132 2329 5186 falsa
2357 5132 2411 5184 in
2453 5145 2554 5183 nos
2585 5128 2654 5182 ab
2683 5127 2792 5181 illis
2853 5122 3071 5195 jactari,
3135 5120 3230 5191 qui
3276 5119 3532 5189 dogmata
3573 5143 3581 5148 -

1937 5234 2127 5279 nostra
2154 5220 2592 5292 reprehendunt.
2632 5219 2744 5273 Nos
2788 5218 2992 5288 quippe
3032 5221 3159 5285 post
3188 5213 3361 5269 ubera
3416 5227 3534 5265 ma-

1939 5315 2041 5370 tris
2070 5312 2430 5384 apostolicam
2465 5325 2648 5365 escam
2699 5309 3071 5378 suscepimus,
3112 5302 3531 5375 expositamque

1935 5423 1966 5463 a
1993 5405 2170 5462 beatis
2203 5413 2259 5458 et
2286 5402 2492 5458 sanctis
2518 5401 2776 5456 Patribus
2803 5399 2998 5454 Nicaea:
3024 5397 3187 5451 ﬁdem
3230 5405 3285 5448 et
3334 5390 3526 5447 didici-

1936 5515 2080 5564 mus,
2112 5507 2169 5552 et
2205 5496 2490 5561 docemus,
2513 5501 2570 5548 et
2594 5509 2690 5548 eos
2741 5491 2834 5562 qui
2874 5490 3038 5545 aliter
3091 5501 3255 5556 quam
3303 5484 3396 5539 illa
3443 5497 3533 5536 sa-

1935 5591 2099 5662 piunt
2135 5587 2435 5660 impietatis
2485 5587 2835 5643 damnamus.
2883 5581 3039 5650 Quod
3067 5579 3264 5662 siquis
3317 5576 3384 5632 ab
3427 5574 3530 5630 hac

314 5858 430 5930 (56)
462 5857 640 5913 Locus
669 5867 751 5914 est
787 5857 950 5914 etiam
977 5856 1169 5914 Latine
1205 5857 1348 5929 apud
1394 5857 1593 5915 Baron.
1652 5866 1689 5913 ι.
1739 5857 1826 5924 Vl,
1867 5872 1923 5928 p.
1952 5856 2041 5924 7i,
2077 5856 2144 5912 ad
2169 5872 2195 5911 a
2227 5854 2288 5911 C.
2317 5855 2440 5912 448.
