4056 6432
520 433 658 504 1283

1438 431 1925 492 THEODORETI
1948 427 2291 488 EPISCOPI
2319 429 2687 489 CYRENSIS

3638 430 3774 496 1284

516 556 734 607 diversa
759 562 860 602 nos
887 558 1086 599 nocere
1114 541 1419 604 contend-it,
1455 540 1501 595 is
1535 541 1654 595 sine
1684 540 2002 594 vadimonio
2023 555 2094 592 ne

2213 540 2624 610 λεμαθήκαμεν,
2687 539 2781 592 καὶ
2833 537 3196 609 διδάσκομεν·
3249 538 3343 591 καὶ
3387 538 3515 602 τοὺς
3563 538 3692 594 ἄλλο
3723 560 3775 596 τι

515 649 758 706 accuset,
784 637 879 693 sed
907 642 1208 706 praiseutes
1237 633 1547 688 convincat.
1608 632 1722 686 Hoc
1751 633 1898 686 enim
1927 642 1982 686 et
2011 631 2096 685 di-

519 735 662 791 vinis
690 732 903 802 legibus
923 736 1143 783 cautum
1179 735 1283 790 est,
1323 734 1379 780 et
1413 724 1688 782 humanis.
1730 723 1897 778 Eccui
1956 738 2092 778 vero

518 825 734 895 injuriis
763 829 988 876 vexatos
1029 818 1325 873 defendere
1359 817 1531 886 magis
1561 816 1875 880 conveniat,
1930 831 2095 885 quam

519 916 642 980 tibi,
668 914 754 966 vir
777 911 1114 972 Christiane,
1152 907 1240 961 cui
1270 916 1327 960 et
1352 905 1569 976 generis
1595 904 1874 974 splendor,
1932 915 1994 958 et
2017 905 2102 958 di-

520 1006 789 1076 gnitatum
823 1001 1156 1065 sublimitas,
1211 1005 1270 1053 et
1328 996 1474 1066 quod
1513 996 1570 1050 in
1617 996 1830 1066 legi-bus
1887 995 2102 1066 1160

522 1096 726 1164 primas
756 1102 930 1156 tenes,
961 1090 1196 1159 amplam
1237 1089 1433 1142 tribuit
1457 1086 1807 1141 facultatem?

2204 631 2356 700 παρὰ
2397 631 2600 700 ταύτην
2632 630 2963 701 φρονοῦντας
3000 629 3322 694 δυσσεϐείας
3345 631 3686 702 γραφόμεθα.
3717 634 3777 686 Ei

2199 723 2255 775 δέ
2289 741 2370 785 τις
2399 723 2563 794 έτερα
2600 723 2873 776 διδάσκειν
2904 724 3051 793 ἡμᾶς
3083 722 3234 794 παρά
3272 721 3477 794 ταύτην
3510 721 3780 797 ίσχυρίζε-

2197 829 2308 876 ται,
2345 812 2419 882 μὴ
2473 814 2688 883 ἐρήμην
2720 813 3122 884 κατηγορείτω,
3183 813 3320 867 ἀλλὰ
3372 815 3646 885 παρόντας
3691 819 3778 882 ἐξ·

2197 903 2491 971 ελεγξάτω.
2526 904 2697 958 Τοῦτο
2750 906 2860 976 γὰρ
2915 907 3008 958 καὶ
3061 908 3174 968 τοῖς
3233 905 3396 970 θείοις
3434 906 3638 976 νόμοις,
3685 908 3781 962 καὶ

2197 999 2312 1059 τοῖς
2351 997 2714 1065 ἀνθρωπείοις
2745 1000 2908 1050 δοκεῖ.
2944 999 3064 1050 Τίνι
3092 999 3148 1052 δὲ
3197 1000 3339 1052 οὕτω
3379 1001 3645 1070 προσήκει
3672 1001 3780 1052 τῶν

2199 1086 2570 1156 ἀδικουμένων
2620 1088 2981 1158 ὑπερμαχεῖν,
3033 1087 3111 1152 ὡς
3153 1091 3304 1161 ὑμῖν,
3348 1085 3394 1142 ὦ
3420 1089 3776 1163 φιλόχριστοι,

520 1188 601 1255 οἷς
633 1192 727 1244 καὶ
771 1190 865 1244 τοῦ
899 1189 1147 1257 γένουςὴ
1179 1186 1530 1257 περιφάνεια,
1574 1185 1670 1239 καὶ
1709 1183 1820 1235 τῶν
1856 1182 2186 1252 ἀξιωμάτων
2214 1183 2275 1235 τὸ
2307 1181 2461 1253 ὕψος,
2518 1184 2614 1239 καὶ
2667 1183 2850 1237 μέντοι
2918 1185 3012 1237 καὶ
3060 1185 3122 1238 τὸ
3183 1185 3290 1239 τῶν
3321 1185 3568 1257 νομίμων
3632 1202 3777 1256 πρω-

519 1285 720 1350 τεύειν,
757 1281 988 1355 παρέχει
1019 1283 1116 1352 τὴν
1151 1280 1493 1352 παρρησίανς

825 1396 1114 1453 LXXXIX.
1149 1427 1218 1436 ——
1246 1395 1515 1452 Florentio
1546 1398 1790 1466 patricio.

593 1507 850 1576 Majorem
870 1521 1035 1574 quam
1064 1506 1200 1559 mihi
1229 1505 1523 1559 conveniat
1546 1521 1669 1560 rem.
1687 1504 1992 1575 aggredior,
2008 1504 2102 1575 qui

523 1593 873 1662 amplitudini
907 1604 1012 1646 tua:
1045 1593 1257 1646 litteras
1283 1593 1515 1647 mittam.
1575 1595 1773 1648 Verum
1803 1597 1819 1612 ‘
1862 1595 2102 1647 audaciae

523 1686 688 1755 hujus
714 1702 823 1739 non
863 1685 1144 1739 temeritas
1175 1695 1372 1740 auctor
1401 1686 1524 1752 fuit,
1554 1687 1650 1740 sed
1699 1686 1736 1739 ii
1781 1686 1873 1754 qui
1910 1695 2105 1739 contu—

525 1776 704 1830 meliis
730 1792 831 1830 nos
857 1785 1076 1830 vexant.
1119 1776 1312 1847 Opera:
1361 1779 1601 1847 pretium
1663 1779 1814 1831 enim
1848 1777 2108 1831 duximus

523 1867 810 1937 religiosas
847 1883 1010 1922 aures
1036 1879 1156 1922 tuas
1197 1868 1418 1933 docere,
1454 1868 1743 1924 manifesta
1791 1868 1847 1921 in
1885 1883 1986 1921 nos
2020 1883 2110 1921 ca-

523 1957 734 2011 lumnia
787 1974 882 2012 eos
936 1959 1020 2012 uti
1073 1959 1166 2029 qui
1201 1960 1455 2028 dogmata
1497 1968 1685 2013 nostra
1719 1958 2106 2012 criminantur.

522 2050 632 2104 Nos
654 2051 707 2104 in
734 2051 857 2104 aliis
890 2065 1019 2105 sane
1057 2052 1312 2120 plurimis
1338 2052 1639 2120 deliquisse
1683 2066 1791 2104 non
1821 2065 2106 2121 negamus.

521 2140 723 2196 Verum
753 2141 1116 2210 dogmaticam
1141 2143 1515 2212 apostolorum
1550 2141 1858 2195 doctrinam
1881 2141 1947 2208 ad
1970 2140 2112 2193 hanc

523 2243 700 2299 usque
759 2231 907 2285 diem
965 2233 1268 2286 retinemus
1321 2232 1580 2285 intactam
1617 2248 1631 2284 :
1669 2239 1832 2300 atque
1865 2230 1936 2284 ob
1970 2231 2113 2284 hanc

529 2336 698 2374 unam
725 2323 781 2374 in
815 2321 904 2374 die
940 2321 1213 2376 adventus
1242 2322 1511 2375 Dominici
1551 2321 1987 2375 misericordiam
2013 2337 2113 2374 no-

526 2409 613 2464 bis
653 2410 1072 2478 impertiendam
1101 2411 1452 2466 conﬁdimus.
1482 2412 1586 2466 Pro
1622 2412 1725 2466 hac
1749 2412 1897 2466 enim
1919 2413 2114 2467 adver-

526 2515 622 2555 sus
652 2501 890 2556 haereses
913 2517 1106 2556 omnes
1141 2503 1428 2580 decertare
1461 2519 1570 2558 non
1617 2502 1941 2565 desinimus,
1972 2503 2113 2556 hanc

525 2593 746 2665 pietatis
776 2594 1016 2648 alumnis
1042 2595 1262 2649 assidue
1299 2596 1668 2665 suggerimus,
1712 2611 1809 2664 per
1855 2595 1998 2648 hanc
2027 2595 2112 2648 lu-

525 2703 626 2757 pos
652 2689 971 2743 innumeros
993 2690 1050 2742 in
1076 2706 1208 2744 oves
1249 2691 1670 2745 transformatos
1702 2690 1939 2760 principi
1996 2705 2114 2744 om-

525 2779 678 2832 nium
705 2787 952 2833 nostrum
981 2780 1186 2849 pastori
1209 2781 1587 2850 Salvatorique
1645 2781 1964 2834 obtulimus.
1989 2778 2114 2834 Hinc

526 2887 692 2940 porro
725 2871 999 2925 tradidere
1057 2872 1237 2937 nobis,
1285 2887 1397 2925 non
1444 2873 1678 2940 apostoli
1709 2871 1875 2926 modo
1906 2881 1960 2926 et
1987 2887 2116 2940 proo-

526 2962 726 3030 phetae,
762 2976 956 3014 verum
983 2961 1018 3014 ii
1042 2961 1207 3014 etiam
1253 2961 1346 3030 qui
1389 2961 1585 3014 horum
1611 2961 1782 3014 libros
1843 2961 2116 3030 interpre—

530 3054 628 3106 tati
661 3060 813 3115 sunt,
866 3052 1130 3122 lgnatius,
1167 3051 1525 3116 Eustathius,
1561 3052 1916 3118 Athanasius,
1966 3052 2116 3106 Basi-

528 3143 656 3206 lius,
697 3143 1018 3214 Gregorius,
1055 3144 1315 3209 Joannes,
1353 3153 1410 3197 et
1437 3144 1646 3214 reliqua
1673 3143 1826 3198 orbis
1860 3144 2065 3198 lumina
2097 3159 2110 3195 :
2144 3181 2187 3242 Ο

527 3242 585 3289 et
613 3242 738 3288 ante
756 3235 876 3299 hos,
913 3235 1087 3290 sancti
1125 3235 1318 3289 Patres
1341 3235 1487 3305 apud
1511 3235 1750 3290 Nicaeam
1772 3235 2111 3305 congregati,

529 3341 764 3395 quorum
805 3327 929 3380 ﬁdei
959 3327 1385 3391 confessionem,
1437 3327 1588 3381 velut
1621 3335 1904 3396 paternam
1944 3326 2117 3379 haere-

527 3418 779 3482 ditatem,
834 3418 1099 3472 illibatam
1151 3433 1566 3482 conservamus,
1612 3426 1668 3471 et
1707 3417 1802 3486 qui
1860 3417 2114 3486 dogmata

528 3509 646 3564 haec
676 3510 882 3564 audent
913 3510 1290 3580 przetcrgredi,
1317 3525 1415 3564 eos
1436 3509 1784 3563 adulterinos
1822 3524 1887 3563 ac
1913 3509 2116 3563 verita-

530 3603 602 3657 tis
651 3603 838 3656 hostes
883 3604 1242 3672 appellamus.
1287 3603 1398 3656 Oro
1449 3601 1617 3670 igitur
1647 3601 2111 3671 magnificentiam

530 3705 700 3758 tuam,
730 3703 790 3748 ut
823 3695 891 3748 de
928 3697 1014 3748 his
1035 3709 1133 3764 per
1161 3710 1262 3749 nos
1305 3693 1514 3747 certior
1561 3693 1702 3747 facta
1731 3692 1984 3747 obstruat
2017 3707 2114 3746 ora

527 3785 694 3840 nobis
733 3786 1182 3839 obtrectantium.
1224 3783 1541 3838 Absurdum
1592 3783 1797 3852 1161
1853 3797 2112 3852 namque,

529 3873 750 3942 Opinor,
786 3873 973 3938 fuerit,
1018 3875 1087 3928 iis
1127 3889 1249 3942 qua:
1304 3881 1497 3927 contra
1553 3873 1810 3927 absentes
1854 3871 2116 3926 dicuntur

531 3963 692 4018 fidem
721 3971 980 4032 tanquam
1011 3963 1157 4022 neris
1207 3963 1473 4017 adhibere
1510 3981 1522 4016 :
1555 3963 1766 4034 justum
1806 3970 1992 4016 autem
2059 3969 2115 4014 et

529 4053 744 4123 legibus
783 4061 1239 4118 consentaneum,
1269 4067 1366 4107 eos
1405 4056 1500 4122 qui
1558 4052 1809 4108 criminis
1837 4052 2112 4106 actionem

529 4146 786 4215 persequi
817 4145 1007 4210 velint,
1058 4145 1423 4215 priesentibus
1485 4145 1594 4200 reis
1641 4159 1922 4209 accusare,
1989 4159 2116 4211 pro-

530 4237 782 4292 bationcs
839 4236 1058 4291 afferre.
1099 4236 1190 4291 Sic
1245 4237 1392 4292 enim
1448 4253 1640 4292 verum
1688 4237 1903 4307 judiccs
1954 4233 2112 4289 facile

527 4336 790 4399 poterunt
827 4327 1094 4382 invenire.

913 4543 1023 4598 XC.
1053 4575 1122 4584 ———
1151 4544 1404 4616 Lupicino
1435 4545 1709 4615 magistro.

595 4652 913 4708 Iuventutis
936 4655 1333 4710 certaminibus
1367 4655 1651 4720 defuncti,
1699 4655 2109 4723 senectutisque

527 4745 974 4814 metasingrcssi,
1001 4762 1126 4800 cum
1167 4746 1362 4817 majori
1397 4763 1499 4801 nos
1538 4747 1593 4800 in
1643 4746 1856 4800 honore
1897 4747 2113 4800 futuros

527 4838 891 4906 speravimus,
930 4839 1438 4909 calumnizejaculis
1463 4837 1809 4908 conﬁgimur,
1845 4846 1902 4892 et
1949 4837 2115 4892 illatis

526 4929 977 4984 accusationibus
1009 4931 1263 5000 cogimur
1285 4929 1482 4984 afferre
1513 4928 2115 4994 defensionem.Quare

528 5018 988 5088 magniﬁcentiam
1026 5027 1172 5072 tuam
1217 5018 1487 5078 obtestor.
1512 5025 1572 5071 ut
1607 5018 1982 5072 accusantium
2014 5033 2115 5071 nos

448 5144 461 5156 ο
529 5110 833 5165 mendaciis
870 5109 1031 5163 ﬁdem
1059 5125 1169 5162 non
1202 5109 1426 5164 habeas.
1466 5109 1687 5163 Etenim
1713 5108 1757 5162 si
1794 5109 1958 5163 vitam
1989 5126 2115 5180 age-

531 5215 646 5254 rem
670 5201 726 5254 in
756 5200 1000 5264 silentio,
1051 5199 1282 5253 haberet
1331 5200 1562 5254 fortasse
1625 5200 1804 5255 locum
1841 5216 2114 5271 perversae

526 5293 796 5348 doctrinae
860 5292 1121 5361 suspicio.
1175 5293 1246 5346 At
1293 5309 1418 5348 cum
1483 5295 1536 5348 in
1585 5295 1847 5349 Ecclesiis
1893 5294 2113 5349 assidue

525 5386 694 5442 verba
722 5383 1009 5449 faciamus,
1038 5384 1356 5440 innumeros
1374 5402 1471 5456 per
1501 5386 1597 5441 Dei
1631 5386 1862 5457 gratiam
1890 5385 2113 5456 dogma-

527 5484 644 5531 tum
687 5483 856 5529 testes
887 5475 1175 5530 habemus.
1212 5478 1542 5546 Apostolicis
1580 5493 1820 5548 namque
1835 5477 2114 5532 deﬁnitio-

527 5569 692 5623 nibus
710 5583 774 5622 ac
798 5568 1011 5638 legibus
1031 5568 1357 5636 insistimus,
1385 5575 1400 5590 '
1419 5571 1838 5640 expositamque
1863 5569 2055 5624 Nicaeae
2080 5583 2107 5624 α

525 5661 731 5715 sanctis
763 5671 820 5713 et
883 5660 1058 5714 beatis
1110 5662 1366 5718 Patribus
1416 5661 1602 5725 ﬁdem,
1659 5661 1812 5714 velut
1866 5660 2107 5730 regulam

601 5841 711 5911 (57)
743 5842 833 5899 Sic
863 5844 1027 5914 Neap.
1066 5843 1340 5899 Sirmand.
1378 5840 1825 5914 μεταϐάλλοντες.

2515 1395 2640 1450 ΗΘ.
2683 1425 2751 1436 --
2782 1394 3125 1464 Φ.λωρεντίῳ
3163 1397 3467 1465 πατρωίῳ.

2281 1503 2506 1566 Μείζονι
2543 1505 2640 1574 μὲν
2759 1506 2877 1558 κατ’
2905 1505 3140 1575 ἐμαυτὴν
3195 1507 3428 1578 ἐγχειρῶ
3477 1510 3784 1579 πράγματι,

2208 1598 2286 1667 τῷ
2319 1597 2568 1667 ὑμετέρῳ
2628 1598 2848 1667 μεγέθει
2898 1597 3133 1668 πέμπων
3191 1600 3498 1662 ἐπιστολάς.
3556 1602 3694 1653 Ἀλλ’
3725 1603 3788 1654 οὑ

2209 1689 2488 1760 θρασύτης
2519 1689 2668 1743 αἰτία
2698 1690 2795 1759 τῆς
2839 1690 3063 1760 τόλμης,
3095 1691 3210 1743 ἀλλ’
3235 1692 3284 1744 oi
3321 1693 3441 1754 ταῖς
3474 1693 3597 1745 καθ’
3628 1694 3791 1762 ἡμῶν

2209 1778 2497 1850 λοιδορίαις
2543 1780 2904 1849 χρησάμενοι.
2944 1779 3229 1850 Προῠργου
3265 1781 3372 1852 γάρ
3425 1784 3792 1854 ὑπελάϐομεν,

2209 1872 2417 1937 διδάξαι
2443 1873 2540 1936 τάς
2571 1873 2814 1936 ἀκλινεῖς
2847 1873 3000 1943 ὑμῶν
3031 1873 3223 1936 ἀκοὰς,
3255 1874 3331 1937 ὼς
3355 1874 3615 1944 ἄντικρυς
3642 1878 3797 1945 ἡμᾶς

2213 1963 2646 2033 συκοφαντοῦσιν
2665 1965 2722 2028 ρί
2751 1964 2859 2017 τῶν
2901 1965 3185 2035 ἡμετέρων
3215 1965 3647 2036 κατηγοροῦντες
3671 1967 3798 2036 δογ-

2215 2054 2419 2125 μάτων.
2466 2055 2658 2126 Ἡμεῖς
2677 2057 2730 2108 δὲ
2755 2056 2920 2127 ἕτερα
2956 2057 3052 2124 μὶν
3075 2057 3301 2109 πλείστα
3327 2058 3800 2129 πεπλημμεληκέ-

2211 2163 2301 2201 ναι
2351 2148 2563 2217 φαμέν·
2596 2149 2696 2218 τὴν
2729 2148 2787 2200 δέ
2835 2165 2898 2216 γε
2931 2148 3280 2220 δογματικὴν
3325 2149 3436 2202 τῶν
3477 2153 3799 2205 ἀποστόλων

2154 2300 2157 2304 ι
2211 2237 2563 2291 διδασκαλίαν
2609 2238 2771 2308 μέχρι
2793 2238 2889 2290 τοῦ
2918 2239 3187 2309 παρόντος
3217 2239 3496 2310 ἀλώόητον
3524 2241 3800 2309 ἐφυλάξα-

2217 2344 2333 2396 μεν,
2365 2329 2459 2380 καὶ
2488 2328 2578 2380 διὰ
2614 2328 2818 2398 ταύτην
2848 2329 3015 2399 μόνην
3038 2330 3224 2382 οἴκτου
3262 2335 3446 2400 τυχεῖν
3488 2334 3582 2385 καὶ
3606 2332 3800 2401 φιλαν-

2213 2418 2460 2489 θρωπίας
2484 2421 2543 2472 ὲν
2577 2422 2641 2489 τῇ
2681 2419 2782 2489 τῆς
2817 2421 3161 2490 Δεσποτικῆς
3205 2421 3533 2490 ἐπιφανείας
3577 2423 3793 2486 ἐλπίζο-

2217 2527 2316 2580 μεν
2361 2511 2566 2581 ήμέρᾳ.
2611 2511 2784 2581 ’Υπὲρ
2829 2511 2939 2582 γάρ
2976 2511 3182 2584 ταύτης
3223 2513 3361 2583 πρὸς
3401 2512 3497 2575 τὰς
3525 2515 3797 2568 παντοδα-

2215 2601 2324 2664 πὰς
2369 2605 2613 2674 αἱρέσεις
2639 2603 2991 2674 διατελοῦμεν
3025 2605 3450 2674 ἀγωνιζόμενοι·
3476 2607 3680 2677 ταύτην
3713 2608 3802 2659 δι-

2214 2695 2426 2765 ηνεκῶς
2467 2698 2581 2758 τοῖς
2604 2695 2896 2766 τροφίμοις
2939 2696 3038 2766 τῆς
3060 2697 3341 2760 εὑσεόείας
3381 2699 3799 2769 προσφέρομεν·

2214 2784 2302 2836 διὰ
2339 2785 2542 2854 ταύτης
2574 2785 2771 2849 λύκους
2807 2787 3034 2857 μυρίους
3069 2790 3149 2850 είς
3192 2789 3438 2858 πρόϐατα
3469 2790 3807 2860 μεταϐαλόν-

2215 2891 2306 2936 τες
2330 2876 2466 2945 (57),
2498 2877 2574 2948 τῷ
2605 2878 2824 2930 πάντων
2855 2878 3009 2948 ἡμῶν
3049 2880 3398 2949 άρχιποιμένι
3445 2882 3541 2934 καὶ
3582 2883 3807 2953 Σωτῆρι

2217 2970 2720 3040 προσενηνόχαμεν.
2753 2968 2939 3023 Ταῦτα
2972 2970 3028 3023 δὲ
3057 2973 3190 3041 ἡμῖν
3208 2972 3512 3042 παρέδοσαν
3541 2975 3603 3026 οὑ
3637 2976 3809 3043 μόνον

2217 3061 2266 3112 οἱ
2298 3062 2588 3115 ἀπόστολοι
2638 3064 2734 3116 καὶ
2777 3063 3076 3134 προφῆται,
3111 3063 3249 3117 ἀλλὰ
3280 3065 3374 3118 καὶ⁵
3403 3067 3453 3118 oi
3494 3066 3562 3119 τὰ
3589 3067 3810 3119 τούτων

2220 3153 2629 3222 ἡρμηνευκότες
2678 3155 3107 3225 συγγράμματα,
3155 3157 3436 3224 Ἰγνάτιος,
3479 3157 3810 3222 Εὑστάθιος,

2233 3244 2570 3309 ’Λθανάσιος,
2604 3245 2903 3309 Βασίλειος,
2937 3246 3258 3317 Γρηγόριος,
3304 3247 3578 3318 Ἰωάννης,
3628 3250 3725 3301 καὶ
3755 3252 3812 3303 οἱ

2219 3336 2370 3389 ἄλλοι
2399 3337 2499 3407 τῆς
2529 3338 2856 3408 οἰκουμένης
2892 3337 3211 3408 φωστῆρες·
3246 3340 3342 3392 καὶ
3378 3339 3484 3410 πρὸ
3511 3340 3716 3392 τούτων
3755 3342 3815 3393 οἱ

2217 3429 2274 3479 έν
2296 3429 2501 3498 Νικαίᾳ
2534 3427 2952 3499 συνεληλυθότες
2975 3428 3119 3495 ἆγιοι
3144 3429 3387 3498 Πατέρες
3407 3445 3422 3459 ·
3451 3423 3525 3483 ὧν
3550 3430 3648 3498 τὴν
3671 3434 3814 3500 ὁμο·-

2217 3519 2402 3586 λογίαν
2439 3519 2536 3587 τῆς
2559 3519 2794 3583 πίστεως
2829 3518 2905 3582 ὡς
2942 3519 3196 3589 πατρῷον
3231 3521 3433 3589 κλῆρον
3455 3521 3814 3591 φυλάττομεν

2217 3610 2438 3674 ἄσυλον,
2468 3611 2563 3664 καὶ
2596 3611 2723 3674 τοὺς
2751 3611 2927 3662 ταῦτα
2967 3609 3332 3680 παραϐαίνειν
3378 3611 3694 3680 τολμῶντας
3733 3610 3816 3664 τὰ

2215 3701 2460 3770 δόγματα
2493 3703 2777 3770 κιϐδήλους
2829 3702 3240 3772 ἀποκαλοῦμεν,
3273 3703 3367 3757 καὶ
3414 3704 3512 3772 τῆς
3540 3701 3817 3772 ἀληθείας

2215 3795 2464 3865 ἐχθρούς.
2503 3794 2810 3866 Παρακαλῶ
2860 3795 3042 3847 τοίνυν
3084 3795 3183 3864 τὴν
3237 3795 3510 3866 ὑμετέραν
3567 3794 3818 3864 μεγαλο-

2217 3884 2402 3952 φυῖαν,
2435 3883 2606 3937 ταῦτα
2646 3884 2778 3954 παρ’
2816 3883 2973 3954 ἡμῶν
3022 3882 3386 3952 διδαχθεῖσαν,
3438 3882 3809 3952 ἐπιστομίσαι

2214 3976 2341 4039 τοὺς
2380 3975 2672 4044 λοιδορίαις
2720 3975 2843 4028 καθ’
2896 3975 3054 4046 ἡμῶν
3111 3974 3512 4045 χρησαμένους.
3562 3975 3815 4025 ’Ἄτοπον

2214 4067 2322 4140 γάρ
2371 4067 2528 4138 οἶμαι
2577 4069 2693 4130 τοῖς
2739 4066 2884 4121 κατὰ
2938 4065 3046 4120 τῶν
3091 4067 3341 4120 ἀπόντων
3383 4065 3696 4136 λεγομένοις
3725 4065 3816 4125 ὡς

2214 4159 2443 4230 ἀληθέσι
2502 4159 2814 4213 πιστεύειν·
2873 4158 3096 4230 ἔννομον
3150 4158 3206 4211 δὲ
3257 4159 3352 4210 καὶ
3403 4157 3633 4217 δίκαιον,
3673 4157 3814 4218 τοὺς

2216 4251 2576 4322 βουλομένους
2599 4251 2820 4306 διώκειν
2847 4253 3137 4322 παρόντων
3177 4252 3508 4322 κατηγορεῖν
3540 4249 3647 4303 τῶν
3677 4266 3810 4316 φευ-

2213 4344 2442 4412 γόντων,
2479 4345 2575 4398 καὶ
2625 4345 2752 4407 τοὺς
2786 4344 3044 4413 ἐλέγχους
3093 4343 3382 4412 παράγειν.
3421 4341 3578 4395 Οὑτω
3605 4342 3716 4411 γὰρ
3757 4341 3812 4394 οἱ

2212 4434 2526 4497 δικάζοντες
2573 4435 2754 4505 εὑρεῖν
2797 4432 3028 4503 τάληθὲς
3079 4432 3274 4504 ῥαδίως
3304 4431 3413 4501 (58)
3452 4430 3814 4500 δυνήσονται.

2555 4551 2625 4614 ιιυ.
2657 4577 2728 4586 —
2753 4545 3093 4608 Λουπικίνῳ
3125 4544 3452 4614 μαγίσι-ρῳ.

2281 4657 2420 4719 Τοὺς
2457 4657 2556 4727 τῆς
2585 4655 2838 4726 νεότητος
2867 4653 3231 4720 διεξελθόντες
3267 4653 3506 4721 ἀγῶνας,
3543 4654 3640 4706 καὶ
3692 4652 3820 4704 τῶν

2209 4747 2305 4800 τοῦ
2334 4749 2520 4817 γήρως
2557 4750 2699 4819 ὅρων
2727 4747 2858 4801 είσω
2901 4748 3204 4816 γενόμενοι,
3234 4748 3328 4800 καὶ
3358 4745 3601 4807 πλείονος
3631 4745 3820 4815 τιμξς

2211 4841 2285 4903 ὼς
2317 4841 2691 4910 γεγηρακότες
2723 4841 3132 4894 ἁπολαύσεσθαι
3159 4840 3654 4911 προσδοκήσαντες,
3687 4844 3821 4903 τοῖς

2214 4932 2310 5000 τῆς
2362 4934 2729 5001 συκοφαντίας
2780 4933 3093 5004 βαλλόμεθα
3135 4933 3463 5004 βέλεσι,καὶ
3511 4931 3647 5002 πρὸς
3702 4932 3819 4993 τὰς

2217 5025 2589 5096 γεγενημένας
2661 5025 2998 5095 κατηγορίας
3079 5024 3379 5092 ἀπολογίαν
3466 5023 3818 5092 προσφέρειν

2216 5113 2679 5184 ἀναγκαζόμεθα·
2710 5109 2770 5168 οὑ
2803 5113 2867 5185 δὴ
2905 5115 3063 5185 χάριν
3094 5115 3187 5167 καὶ
3231 5115 3330 5185 τὴν
3375 5113 3652 5183 ὑμετέραν
3701 5129 3818 5164 πα-

2219 5204 2565 5276 ρακαλοῦμεν
2598 5206 3097 5277 μεγαλοπρέπειαν,
3136 5207 3259 5269 ταῖς
3288 5206 3397 5259 τῶν
3428 5203 3817 5274 κατηγορούν-

2217 5314 2324 5352 των
2363 5299 2511 5368 ἡμᾶς
2541 5298 2615 5368 μὴ
2664 5297 2954 5352 πιστεῦσαι
3006 5298 3402 5368 ψευδολογίαις.
3439 5297 3503 5351 Ei
3555 5297 3656 5366 μὲν
3695 5298 3819 5369 γάρ

2217 5391 2325 5444 τῶν
2365 5391 2578 5459 σιωπὴν
2626 5391 3026 5460 ἀσπαζομένων
3073 5390 3396 5460 ἐτύγχανον,
3431 5390 3564 5452 ἴσως
3596 5390 3663 5444 ἂν
3690 5385 3820 5460 εἶχε

2219 5482 2401 5553 χώραν
2445 5485 2544 5553 τῆς
2592 5483 2900 5550 κενοδοξίας
2941 5487 2975 5553 ἡ
3030 5483 3254 5552 ὑποτᾲιά.
3302 5481 3516 5550 Ἐπειδὴ
3547 5482 3603 5536 δὲ
3637 5481 3821 5552 διηνε-

2219 5572 2329 5625 κῶς
2360 5571 2416 5622 ὲν
2445 5574 2566 5633 ταῖς
2616 5571 2967 5639 Ἐκκλησίαις
3021 5571 3405 5641 διαλεγόμεθα,
3471 5569 3672 5634 πολλὰς
3721 5569 3820 5624 διὰ

2218 5662 2316 5729 τὴν
2348 5661 2501 5716 θείαν
2535 5662 2695 5732 χάριν
2743 5662 2938 5732 ἔχομεν
2972 5663 3244 5735 μυριάδας
3275 5666 3342 5735 τῇ
3371 5662 3475 5717 τῶν
3514 5662 3819 5735 δογμάτων

2289 5841 2400 5910 (58)
2433 5844 2508 5898 lta
2539 5844 2708 5913 Neap.
2746 5844 2888 5898 Sirm
2948 5844 3148 5915 ῥᾴδιον.
