4056 6424
311 404 461 471 1285

1635 408 1993 468 EPISTOLA
2039 412 2216 472 XCII.

3441 429 3459 486 i
3473 431 3576 489 280i

311 513 571 584 ὁρ’)ὁτητι
602 512 1007 584 μαρτυρούσας.
1035 513 1160 576 Τοῖς
1191 512 1299 582 γὰρ
1334 512 1711 576 ἁποστολικοῖς
1744 514 1877 583 ὅροις

1993 519 2284 585 quamdam
2322 536 2385 575 ac
2414 538 2662 577 normam
2717 525 2904 580 verbis
2943 528 3151 583 nostris
3210 533 3572 602 applicantes,

309 611 411 664 καὶ
466 609 653 678 νόμοις
697 605 1122 678 ἀκολουθοῦμεν,
1176 608 1271 660 καὶ
1327 608 1427 679 τὴν
1476 607 1788 660 ἐκτεθεῖσαν
1836 608 1894 658 ἐν

304 703 519 773 Νικαία
551 701 734 754 πίστιν
773 695 878 752 ὑπὸ
906 700 1014 752 τῶν
1049 700 1218 767 ἁγίων
1257 701 1350 752 καὶ
1399 701 1686 770 μακαρίων
1723 699 1894 752 Πατέ-

307 811 447 864 ρων,
511 789 622 847 οἷόν
661 809 784 845 τινα
843 793 1044 846 κανόνα
1098 791 1193 844 καὶ
1238 790 1492 860 γνώμονα
1545 795 1658 854 τοῖς
1715 791 1894 858 λόγοις

303 884 745 955 προσφέροντες,
775 882 871 954 τὴν
897 881 1246 935 διδασκαλίαν
1274 881 1587 952 εύθύνομεν.
1608 883 1668 934 Εἰ
1694 882 1748 934 δέ
1779 884 1892 954 (59)

300 991 394 1037 τις
423 973 590 1045 ἕτερά
613 991 734 1027 τινα
778 973 931 1044 παρά
960 973 1130 1026 ταῦτα
1187 975 1402 1044 φρονεῖν
1443 975 1586 1044 ἡμᾶς
1622 974 1894 1043 ἰσχυρίζει

300 1082 422 1130 ταν,
452 1065 740 1136 παρόντων
773 1065 1172 1135 κατηγορείτω,
1209 1066 1284 1135 μὴ
1335 1065 1576 1127 ἀπόντας
1629 1082 1894 1133 συκοφαν-

299 1155 492 1207 τείτω.
528 1154 749 1207 Δίκαιον
778 1152 887 1224 γὰρ
919 1153 1094 1221 λόγων
1129 1153 1458 1224 μεταλαχεῖν
1500 1153 1594 1207 καὶ
1627 1154 1718 1206 τὸν
1764 1153 1894 1221 φεύ-

299 1261 500 1312 γοντα,
526 1244 792 1314 καὶπρὸς
837 1246 938 1315 τὴν
985 1243 1359 1314 γεγενημένην
1418 1244 1754 1317 κατηγορίαν
1791 1243 1891 1312 τὴν

299 1335 605 1402 ἀπολογίαν
634 1334 987 1405 ποιήσασθαι,
1029 1334 1122 1387 καὶ
1154 1335 1459 1406 τηνικαῦτα
1488 1336 1612 1399 τοὺς
1640 1334 1888 1399 δικάζον-

296 1445 406 1490 τας
466 1425 608 1480 κατὰ
660 1428 857 1496 νόμους
906 1426 1006 1496 τὴν
1049 1427 1232 1497 ψῆφον
1287 1426 1614 1495 ἐξενεγκεῖν.
1671 1427 1888 1479 Τούτων

299 1517 618 1571 ἀπολαῦσαι
647 1515 803 1585 κάγὼ
830 1516 916 1569 διὰ
951 1517 1051 1586 τῆς
1090 1517 1362 1588 ὑμετέρας
1404 1517 1885 1588 μεγαλοπρεπείας

300 1603 634 1679 παρακαλῶ.
679 1611 741 1662 Et
784 1608 826 1661 δ’
858 1611 1070 1679 ἐρήμην
1115 1608 1256 1672 τινὲς
1305 1608 1460 1678 ἡμῶν
1512 1607 1892 1676 καταψηφίσα-

300 1701 435 1754 σθαι
468 1699 768 1770 βούλονται,
801 1699 1094 1763 ἀσπαστῶς
1124 1701 1219 1752 καὶ
1264 1698 1360 1769 τὴν
1392 1698 1578 1752 ἄδικον
1620 1695 1892 1766 δεχόμεθα

2000 609 2305 663 doctrinam
2340 611 2645 682 dirigimus.
2681 615 2836 682 Quod
2863 617 2908 670 si
2950 620 3241 689 quisquam
3277 623 3346 676 ab
3376 625 3463 680 his
3493 627 3578 682 ὡ-

2000 715 2156 754 versa
2178 716 2279 754 nos
2304 705 2508 758 sentire
2539 707 2840 773 contendit,
2878 720 3180 778 prmsentes
3203 724 3446 778 accuset,
3473 735 3576 772 nec

1999 791 2253 846 absentes
2277 794 2660 850 calumnietur.
2687 799 2902 853 Justum
2927 802 3071 855 enim
3096 813 3201 870 est,
3227 814 3288 859 ut
3310 806 3572 876 loquendi

2000 888 2184 948 partes
2209 881 2459 939 obtineat
2491 887 2655 940 etiam
2688 905 2835 955 reus,
2864 900 3026 961 atque
3060 894 3291 964 objectis
3347 913 3575 955 accusa-

2001 970 2246 1028 tionibus
2281 976 2629 1044 respondeat,
2662 988 2718 1034 et
2753 979 2826 1035 ita
2875 981 3094 1037 demum
3130 989 3460 1042 sententiam
3483 991 3574 1060 ju-

1971 1057 2147 1115 'dices
2168 1079 2235 1116 ex
2259 1065 2468 1134 legibus
2495 1069 2879 1136 pronuntient.
2917 1072 3025 1127 Bas
3050 1090 3150 1144 ego
3177 1087 3359 1144 partes
3385 1057 3574 1148 quaeso

1996 1158 2056 1204 ut
2085 1153 2219 1206 mihi
2254 1171 2472 1225 quoque
2514 1174 2612 1227 per
2666 1161 2878 1232 1162
2929 1166 3386 1236 magniﬁcentiam
3422 1179 3571 1224 tuam

1993 1245 2258 1314 consequi
2310 1247 2491 1301 liceat.
2549 1249 2656 1305 Sed
2731 1252 2833 1306 etsi
2886 1270 2990 1309 nos
3051 1257 3307 1327 cuiquam
3363 1261 3569 1316 indicta

1992 1348 2154 1388 causa
2189 1336 2450 1394 damnare
2505 1342 2682 1396 visum
2753 1347 2847 1409 sit,
2890 1348 3122 1403 ferimus
3177 1351 3262 1404 vel
3316 1352 3572 1423 injustam

1986 1440 2144 1493 aequo
2166 1427 2350 1481 animo
2379 1433 2704 1487 sententiam
2734 1453 2746 1488 :
2776 1437 2905 1506 quia
2945 1439 3162 1495 Domini
3201 1443 3441 1498 tribunal
3476 1462 3572 1498 ex-

1990 1523 2323 1582 spectamus,
2365 1520 2456 1572 ubi
2497 1538 2598 1576 nec
2643 1525 2896 1591 testibus,
2955 1544 3055 1581 nec
3112 1531 3394 1587 advocatis
3431 1535 3573 1587 indi-

1989 1621 2198 1674 gemus,
2226 1624 2349 1662 cum
2375 1613 2549 1666 oculis
2587 1615 2726 1684 ejus,
2747 1625 2806 1669 ut
2833 1617 2909 1670 ait
2931 1622 3224 1688 Apostolus
3248 1625 3313 1689 ⁸⁷,
3345 1625 3489 1680 nuda
3515 1637 3572 1681 ct

1992 1709 2181 1765 aperta
2213 1700 2322 1754 sint
2353 1705 2559 1758 omnia.

294 1797 508 1867 ψῆφον.
558 1796 928 1867 Ἀναμένομεν
978 1794 1088 1866 γὰρ
1164 1796 1226 1848 τὸ
1281 1795 1376 1848 τοὺ
1455 1794 1733 1847 Δεσπότου
1788 1792 2093 1863 κριτήριον,
2167 1797 2294 1849 ἔνθα
2349 1798 2470 1852 οὔτε
2535 1805 2849 1876 μαρτύρων,
2901 1807 3021 1862 οὔτε
3083 1815 3401 1886 κατηγόρων
3456 1815 3570 1868 δεό-

300 1893 470 1965 μεθα.
506 1893 691 1946 Πάντα
745 1891 854 1963 γὰρ
887 1892 1072 1962 γυμνά
1111 1891 1206 1946 καὶ¹
1245 1889 1720 1962 τετραχηλισμένα
1750 1886 1980 1942 ἐνώπιον
2005 1889 2165 1943 αὑτοῦ
2227 1894 2368 1946 κατὰ
2397 1897 2487 1948 τὸν
2515 1899 2660 1952 θεῖον
2703 1901 3047 1957 Ἀπόστολον.

668 2010 785 2078 ιπΛἏ
826 2041 896 2050 -
919 2010 1217 2078 Εὑτρεχίῳ
1244 2007 1512 2078 ὑπάρχῳ.

372 2127 487 2197 Τὴν
536 2127 662 2199 περὶ
711 2127 860 2196 ἡμᾶς
913 2125 1152 2178 διάθεσιν
1195 2125 1296 2194 τῆς
1337 2125 1611 2197 ὑμετέρας
1655 2123 1887 2196 μεγαλο-

291 2221 573 2294 πρεπείας
637 2217 754 2275 οἶδα
789 2220 995 2288 σαφῶς,
1026 2221 1120 2272 καὶ
1149 2218 1324 2286 λόγων
1360 2219 1418 2271 ού
1451 2219 1640 2289 δέομαι
1678 2217 1885 2287 ταύτην

295 2329 371 2382 με
404 2310 790 2364 διδασκόντων.
823 2309 1162 2380 Σαίρέστερον
1193 2307 1303 2378 γὰρ
1350 2307 1591 2361 διδάσκει
1641 2307 1750 2360 τῶν
1800 2307 1886 2360 λό-

291 2421 412 2473 γων
445 2403 515 2457 τὰ
544 2403 862 2474 πράγματα.
897 2401 1011 2469 Τῆς
1062 2401 1117 2453 δὲ
1167 2398 1546 2468 γεγενημένης
1600 2400 1681 2461 είς
1727 2398 1880 2467 ἡμᾶς

290 2496 518 2559 ἀδικίας
573 2494 877 2562 ἐϐουλόμην
921 2492 1022 2562 τὴν
1072 2489 1254 2544 αἰτίαν
1307 2489 1517 2560 μαθεῖν.
1553 2489 1882 2542 Καινότατον

290 2586 408 2656 γὰρ
463 2585 812 2654 ὑπομένομεν
846 2583 1098 2652 πρᾶγμα.
1135 2580 1276 2632 κατά
1310 2580 1504 2633 ταυτὸν
1555 2579 1758 2648 ἄγαμοι
1789 2580 1882 2632 καὶ

288 2677 520 2746 δίγαμοι
563 2673 980 2744 πολεμούμενοι.
1014 2674 1078 2725 Εἰ
1108 2673 1165 2726 δὲ
1201 2673 1250 2725 οί
1295 2671 1389 2724 νῦν
1433 2671 1532 2734 τὰς
1571 2671 1693 2724 καθ’
1721 2670 1880 2742 ἡμῶν

291 2765 664 2835 συκοφαντίας
716 2765 1020 2834 ὑφήναντες
1081 2762 1526 2834 παραχαράττειν
1589 2764 1735 2832 ἡμᾶς
1780 2760 1878 2832 τὴν

287 2857 660 2928 εὑαγγελικὴν
696 2855 1042 2910 διδασκαλίαν
1092 2856 1277 2924 φασὶν,
1315 2855 1367 2908 τί
1409 2855 1606 2924 δήποτε
1638 2853 1712 2925 μὴ
1739 2870 1880 2922 παρ-

287 2949 460 3013 όντας
508 2950 843 3020 ἐλέγχουσιν,
887 2947 1004 3002 ἀλλ’
1034 2948 1282 3001 ἀπόντων
1309 2945 1711 3018 κατηγοροῦσι;
1745 2943 1878 2997 Τοῦ-

290 3059 356 3096 το
391 3042 502 3112 γὰρ
537 3041 716 3094 αὑτῶν
759 3040 992 3104 μάλιστα
1020 3039 1292 3109 διελέγχει
1329 3038 1390 3092 τὸ
1416 3037 1633 3108 ψεῦδος.
1661 3035 1878 3098 Είδότες

288 3134 405 3205 γὰρ
435 3135 510 3197 ὼς
537 3133 739 3196 πολλὰς
772 3131 966 3203 ἕξομεν
1006 3131 1297 3202 μυριάδας,
1341 3132 1454 3194 τοῖς
1495 3127 1879 3190 ἀποστολικοῖς

288 3226 455 3296 ἡμῶν
477 3226 710 3296 δόγμασι
747 3223 1153 3296 μαρτυρούσας,
1178 3225 1392 3294 ἐρήμην
1428 3222 1751 3290 ἐποιήσαντο
1779 3217 1877 3290 τὴν

2349 2012 2485 2069 XCI.
2513 2045 2582 2054 —-
2616 2015 2904 2072 Eutrechio
2932 2019 3197 2088 praefecto.

2059 2124 2190 2191 Quae
2209 2127 2282 2181 sit
2299 2141 2425 2196 erga
2450 2143 2552 2182 nos
2576 2128 2998 2199 magniﬁcentiae
3019 2139 3122 2186 tua:
3160 2133 3563 2200 benevolentia,

1989 2217 2122 2272 satis
2156 2230 2507 2287 perspectum
2541 2219 2736 2284 habeo,
2774 2237 2875 2275 nec
2900 2223 3084 2278 verbis
3127 2240 3266 2294 opus
3309 2236 3413 2291 est,
3446 2244 3568 2297 qua:

1987 2309 2132 2364 hanc
2165 2310 2327 2364 nobis
2348 2311 2647 2364 declarent.
2691 2311 3126 2384 Clariusquippe
3155 2317 3342 2372 verbis
3391 2321 3568 2373 omni-

1986 2400 2092 2455 bus
2121 2417 2210 2456 res
2235 2402 2458 2456 d'ocent.
2493 2403 2660 2457 litata:
2695 2413 2878 2460 autem
2912 2407 3073 2461 nobis
3105 2408 3321 2479 injuria:
3343 2426 3563 2466 causam

1983 2492 2211 2546 aveham
2236 2507 2592 2563 cognoscere.
2625 2494 2758 2548 Rem
2795 2497 2943 2549 enim
2969 2498 3211 2566 patimur
3237 2501 3563 2563 inauditam,

1982 2583 2076 2652 qui
2104 2600 2214 2637 uno
2246 2593 2490 2653 tempore
2517 2585 2665 2639 velut
2710 2585 2923 2656 innupti
2951 2597 3004 2641 et
3029 2589 3229 2659 digami
3285 2607 3568 2663 oppugna-

1983 2689 2124 2728 mur.
2163 2675 2319 2741 Quod
2348 2675 2394 2729 si
2417 2676 2512 2745 qui
2548 2691 2696 2730 nunc
2731 2687 2922 2732 contra
2964 2695 3065 2734 nos
3111 2682 3415 2737 calumnias
3452 2688 3562 2738 orsi

1981 2775 2130 2832 sunt,
2152 2768 2519 2838 evangelicam
2553 2769 2859 2824 doctrinam
2884 2771 3195 2827 adulterare
3222 2790 3320 2829 nos
3345 2776 3560 2841 dicunt,

1981 2872 2080 2911 cur
2114 2857 2332 2911 tandem
2373 2874 2482 2911 non
2522 2868 2820 2927 praesentes
2851 2870 3108 2930 arguunt,
3155 2862 3250 2916 sed
3305 2864 3564 2918 absentes

1981 2951 2279 3005 accusant?
2313 2951 2426 3005 l-loc
2449 2952 2595 3006 enim
2637 2967 2830 3006 revera
2863 2951 3104 3022 ipsorum
3141 2955 3326 3022 potius
3376 2957 3568 3009 redar-

1981 3042 2101 3113 guit
2137 3041 2508 3097 mendacium.
2533 3043 2669 3097 Nam
2715 3059 2840 3099 cum
2873 3045 3182 3116 intelligant
3211 3047 3411 3101 multas
3459 3064 3564 3102 nos

1981 3129 2183 3186 habere
2235 3131 2530 3202 myriades,
2588 3148 2710 3201 qua:
2784 3134 3083 3202 apostolica
3136 3151 3259 3189 esse
3307 3136 3563 3206 dogmata

1979 3229 2166 3276 nostra
2200 3230 2492 3286 testentur,
2519 3223 2645 3277 ideo
2667 3224 2941 3278 actionem
2977 3225 3095 3278 sine
3121 3225 3438 3281 vadimonio
3474 3229 3560 3282 in-

288 3317 535 3388 γραφήν.
577 3315 739 3370 Ἀλλὰ
799 3316 906 3387 χρὴ
959 3315 1083 3380 τοὺς
1139 3315 1384 3384 ἐννόμως
1421 3311 1746 3376 δικάζοντας
1799 3309 1876 3381 τῷ

1980 3309 2299 3364 stituerunt.
2328 3309 2433 3365 Sed
2460 3320 2680 3380 oportet
2716 3327 2904 3381 aequos
2925 3313 3144 3382 judices
3196 3329 3290 3368 reo
3331 3315 3560 3370 alteram

261 3406 757 3478 κατηγορουμένῳ
799 3406 1034 3475 θατέραν
1084 3408 1205 3459 ταῖν
1260 3406 1452 3475 ἀκοαῖν
1488 3403 1752 3476 ἀκεραίαν
1780 3419 1880 3471 φυ-

286 3495 475 3562 λάξαι.
517 3498 580 3549 Et
627 3497 684 3549 δὲ
742 3499 853 3560 τοῖς
896 3497 1004 3550 τῶν
1055 3495 1338 3550 ἀντιδίκων
1383 3493 1562 3563 λόγοις
1612 3492 1878 3564 ἑκατέραν

285 3588 684 3660 προσφέρουσι,
732 3590 825 3642 καλ⁵
867 3589 964 3658 τὴν
1009 3588 1238 3650 ἐκείνοις
1279 3586 1539 3641 δοκοῦσαν
1583 3586 1876 3656 ἐκφέρουσι

283 3677 497 3746 ψῆφον,
537 3678 834 3750 στέρξομεν
854 3678 952 3749 τὴν
986 3676 1223 3740 ἀδικίαν,
1251 3675 1326 3739 ὡς
1359 3675 1461 3746 τῆς
1497 3674 1605 3728 τῶν
1629 3674 1876 3746 ούρανῶν

285 3771 555 3839 πρόξενον
595 3772 874 3842 βασιλείας
893 3789 907 3804 ο
942 3771 1034 3825 καὶ
1062 3771 1123 3823 τὸ
1153 3768 1372 3829 ἀκλινὲς
1417 3769 1594 3822 ἐκεῖνο
1621 3767 1878 3838 δικαστή-

286 3877 406 3931 ριον
439 3861 877 3932 προσμενοῦμεν,
909 3861 1038 3914 ἔνθα
1077 3859 1199 3913 οὔτε
1231 3863 1558 3930 κατήγορος,
1591 3857 1715 3911 οὗτε
1751 3875 1875 3910 συν-

281 3954 513 4022 ήγορος,
549 3950 672 4004 οὔτε
703 3953 932 4024 μάρτυς,
973 3951 1097 4005 οὕτε
1132 3951 1457 4021 ἀξιωμάτων
1476 3948 1730 4018 διαφορὰ,
1756 3947 1872 4000 ἀλλ’

282 4043 470 4111 ἔργων
502 4043 597 4095 καὶ
618 4043 796 4112 λόγων
825 4044 1027 4112 κρίσις,
1063 4045 1157 4096 καὶ
1178 4045 1210 4113 ἡ
1233 4042 1354 4094 κατ’
1383 4040 1540 4105 ἀξίαν
1571 4039 1866 4100 ἀντίδοσις.

291 4151 310 4181 ι
337 4134 551 4196 Πάντες.
584 4135 711 4205 γὰρ,
747 4135 904 4204 φησὶ,
933 4133 1400 4204 παραστησόμεθα
1436 4131 1515 4202 τῷ
1541 4131 1746 4201 βήματι
1771 4128 1867 4182 τοῦ

284 4223 552 4294 Χριστοῦ,
582 4225 668 4277 ἵνα
713 4226 1012 4297 κομίσηται
1048 4225 1277 4288 ἕκαστος
1307 4225 1376 4278 τὰ
1413 4225 1519 4277 ἴδια
1547 4223 1639 4277 τοῦ
1677 4223 1865 4293 σώμα-

280 4331 375 4378 τος
403 4314 540 4386 πρὸς
564 4315 602 4370 ἃ.
632 4317 885 4387 ἔπραξεν,
908 4318 1019 4369 εῐτε
1043 4315 1272 4384 ἀγαθὸν,
1304 4315 1414 4369 εἴτε
1439 4314 1630 4369 κακόν.
1663 4333 1680 4365 ι

627 4429 740 4496 ιβ’.
770 4459 842 4469 -
881 4430 1196 4495 Ἀνατολίῳ
1225 4429 1531 4498 πατρικίῳ.

353 4543 496 4606 Τοὺς
531 4546 628 4615 μέν
657 4542 1111 4606 θσοσεδεστόιτους
1148 4541 1482 4603 ἐπισκόπους
1512 4540 1594 4603 είς
1631 4539 1731 4612 τὴν
1771 4540 1866 4610 βα-

1980 3415 2168 3454 aurem
2196 3415 2437 3455 servare.
2470 3399 2626 3466 Quod
2657 3403 2703 3456 si
2740 3402 3187 3458 adversariorum
3212 3407 3562 3462 sermonibus

1979 3500 2268 3561 utramque
2307 3491 2571 3561 praebent,
2611 3501 2668 3546 et
2703 3510 2772 3548 ex
2828 3509 3021 3548 eorum
3050 3495 3285 3550 arbitrio
3332 3505 3558 3550 senten-

1979 3585 2108 3638 tiam
2135 3593 2414 3653 promunt,
2445 3573 2842 3654 amplectemur
2896 3586 3153 3656 injuriam
3187 3589 3340 3658 regni
3387 3590 3558 3643 coelo-

1977 3662 2097 3727 rum
2127 3673 2576 3738 conciliatricem,
2621 3673 2879 3728 ctforum
2924 3675 3060 3729 illud
3117 3677 3555 3744 expectabimus,

1978 3764 2032 3818 in
2063 3781 2173 3834 quo
2213 3781 2324 3820 non
2355 3775 2648 3820 accusator
2708 3767 2949 3831 futurus,
2981 3783 3085 3822 nec
3111 3776 3397 3837 patronus,
3455 3785 3560 3824 nec

1976 3855 2153 3920 testis,
2179 3872 2284 3911 nec
2311 3857 2607 3912 discrimen
2658 3857 3008 3928 dignitatum,
3030 3859 3126 3914 sed
3151 3861 3424 3916 dictorum
3475 3863 3559 3916 fa-

1975 3955 2299 4017 ctorumque
2321 3949 2612 4019 judicium,
2641 3959 2698 4004 et
2724 3966 2965 4019 congrua
2999 3950 3210 4004 meritis
3242 3952 3555 4016 retributio,

1981 4054 2000 4086 ι
2039 4035 2242 4091 Omnes
2266 4038 2414 4092 enim
2446 4038 2734 4105 stabimus,
2766 4038 2965 4108 inquit,
2993 4041 3202 4110 1163
3234 4050 3360 4095 ante
3385 4041 3561 4095 tribu-

1971 4128 2061 4180 nal
2093 4127 2323 4194 Christi,
2345 4139 2406 4183 ut
2433 4130 2636 4185 referat
2670 4133 3056 4201 unusquisque
3097 4133 3320 4202 propria
3355 4148 3555 4202 corpo-

1973 4217 2049 4271 ris
2071 4225 2236 4287 prout
2261 4220 2448 4289 gessit,
2476 4219 2593 4274 sivc
2621 4221 2845 4284 bonum,
2886 4221 3002 4276 sive
3038 4222 3244 4275 malum
3280 4223 3346 4276 ⁸³⁸.
3386 4241 3405 4275 ι

2343 4429 2502 4484 XCII.
2551 4459 2622 4468 —-
2655 4428 2902 4484 Anatolio
2926 4431 3168 4500 patricio.

2039 4535 2274 4591 Profecti
2306 4537 2529 4606 quidem
2561 4549 2691 4593 sunt
2719 4539 2773 4592 in
2807 4540 2998 4594 urbem
3042 4541 3246 4611 regiam
3309 4544 3549 4600 sanctis-

280 4635 606 4689 σιλεύουσαν
647 4635 891 4689 ἀνελθεῖν
933 4631 1319 4704 παρεσκεύασε
1356 4631 1868 4696 πόλινόόσιὼτατος

1979 4629 2095 4684 simi
2161 4629 2568 4699 archiepiscopi
2633 4631 2828 4685 Domni
2904 4647 3072 4702 opera
3150 4633 3549 4704 religiosissimi

274 4728 715 4800 ἀρχιεπξσκοπος
741 4731 768 4781 ό
792 4727 984 4798 κύριος
1013 4726 1237 4796 Δόμνος,
1266 4725 1410 4778 ὥστε
1439 4726 1538 4795 τὴν
1567 4725 1706 4779 κατά
1730 4727 1866 4779 πάν-

273 4841 387 4877 των
420 4823 578 4893 ἡμῶν
616 4820 994 4891 γεγενημένην
1024 4818 1296 4887 διελέγξαι
1345 4818 1731 4886 συκοφαντίαν.
1758 4819 1869 4888 Τῆς

271 4915 334 4969 δὲ
374 4914 650 4983 ὑμετέρας
710 4911 1078 4982 μεγαλοφυῖας
1125 4909 1490 4980 διαφερόντως
1513 4909 1604 4962 ἐπὶ
1642 4907 1736 4960 τοῦ
1765 4926 1868 4961 πα-

273 5007 466 5077 ρόντος
496 5003 747 5074 δεόμεθα,
773 5003 964 5071 ἐπειδὴ
985 5000 1093 5053 τῶν
1118 5000 1257 5054 ὅλων
1282 5001 1310 5052 ὁ
1335 5000 1541 5068 Κύριος
1562 5000 1657 5052 καὶ
1683 5000 1867 5052 πίστιν

274 5098 414 5165 ὑμῖν
444 5093 716 5164 εἰλικρινῆ
737 5093 957 5153 δέδωκε,
991 5091 1085 5144 καὶ
1113 5089 1274 5160 ζῆλον
1323 5089 1462 5160 ὑπὲρ
1501 5089 1702 5158 ταύτης
1733 5088 1857 5158 θερ-

272 5182 400 5252 μὸν,
451 5181 545 5232 καὶ
582 5180 783 5250 φρένας
831 5181 1042 5232 συνέσει
1093 5178 1532 5248 κεκοσμημένας,
1583 5179 1678 5230 καὶ
1717 5178 1854 5246 πρὸς

266 5274 508 5336 τούτοις,
560 5271 792 5341 δύναμιν
840 5275 951 5334 τοῖς
1002 5270 1226 5340 ἀγαθοῖς
1273 5270 1426 5340 ὑμῶν
1479 5267 1861 5338 ὑπουργοῦσαν

268 5363 662 5435 βουλεύμασιν.
707 5362 1057 5432 Ἐπαμύνατε
1094 5361 1384 5431 τοιγαροῦν
1419 5363 1530 5421 τοῖς
1565 5359 1860 5429 ἀδικουμέα

265 5473 411 5518 νοις,
438 5457 535 5510 καὶ
563 5456 624 5508 τὸ
646 5455 840 5524 ψεῦδος
867 5453 1342 5521 καταγωνίσασθε,
1371 5453 1464 5507 καὶ
1494 5454 1593 5523 τῆς
1623 5453 1858 5506 ἀποστοσ-

264 5550 432 5620 λικῆς
503 5547 852 5610 διδασκαλίας
911 5544 1323 5615 πολεμουμένης
1395 5544 1853 5614 ὑπερμαχῆσατε.

335 5707 381 5739 ⁸⁷
407 5706 674 5772 Hebnrv,
721 5707 805 5762 l5.
883 5707 928 5749 εδ
953 5707 996 5761 Η
1015 5705 1142 5762 Cor.
1167 5719 1220 5768 v,
1247 5701 1329 5756 lO.

1966 4722 2230 4791 episcopi,
2278 4731 2338 4776 ut
2367 4722 2694 4776 calumniam
2735 4723 2986 4779 refellant
3025 4742 3145 4796 qua:
3173 4727 3336 4783 nobis
3367 4729 3548 4784 omni—

1967 4815 2072 4869 bus
2097 4823 2180 4868 est
2215 4815 2467 4885 imposita
2500 4831 2513 4868 :
2551 4815 2655 4870 scd‘
2681 4824 2770 4870 tua
2811 4816 3157 4887 potissimum
3189 4820 3548 4889 magniﬁcen-

1966 4905 2040 4958 tia
2065 4905 2225 4960 nobis
2273 4922 2412 4976 opus
2448 4915 2532 4961 est
2562 4908 2666 4963 hoc
2696 4917 2966 4978 tempore,
3023 4912 3110 4965 cui
3159 4913 3548 4969 universorum

1963 4998 2230 5053 Dominus
2263 5007 2318 5053 et
2354 4997 2516 5053 fidem
2541 5001 2812 5055 sinceram
2849 5001 3133 5070 impertiit,
3162 5012 3218 5056 et
3251 5004 3545 5060 incensum

1963 5103 2062 5156 pro
2089 5105 2152 5143 ea
2194 5090 2394 5155 zelum,
2436 5100 2492 5145 et
2533 5101 2780 5146 ornatam
2813 5094 3104 5162 prudentia
3164 5104 3429 5163 mentem,
3482 5106 3539 5151 et

1964 5179 2122 5234 bonis
2173 5189 2440 5251 prmterea
2491 5182 2737 5235 consiliis
2789 5182 3260 5239 obsecundantem
3316 5185 3546 5240 faculta-

1963 5278 2090 5324 tem.
2127 5270 2483 5340 Opitulamini
2507 5287 2638 5340 ergo
2663 5273 2863 5343 injuste
2893 5275 3104 5329 vexatis
3124 5317 3138 5339 ,
3169 5283 3224 5329 et
3245 5275 3541 5330 falsitatem

1959 5360 2268 5432 proﬂigate,
2302 5369 2357 5414 et
2386 5371 2753 5431 Oppugnatam
2821 5363 3132 5420 doctrinam
3183 5365 3543 5434 apostolicam

1961 5451 2264 5506 defendite.
2315 5451 2510 5507 Aderit
2568 5453 2717 5507 enim
2750 5457 2940 5524 procul
2971 5456 3139 5510 dubio
3169 5454 3541 5510 Ecclesiarum

1960 5542 2226 5596 Dominus
2258 5551 2314 5596 et
2342 5542 2678 5612 gubernator
2704 5546 2920 5599 conatui
2961 5543 3378 5614 magniﬁcentia:
3408 5553 3545 5610 tua),

343 5818 458 5890 (59)
492 5824 614 5880 llzec
641 5836 767 5891 pars
796 5828 957 5890 epist.
990 5821 1179 5874 Latine
1209 5824 1292 5871 est
1334 5830 1414 5884 ap.
1456 5813 1655 5868 Baron.
1689 5823 1726 5868 t.
1758 5813 1848 5878 Ἦ,
1889 5829 1944 5884 p.
1984 5815 2067 5876 ιϐ,
2095 5813 2160 5865 ad
2193 5829 2220 5864 a
2247 5813 2305 5866 C.
2343 5811 2486 5890 “5.
