4056 6424
489 418 626 485 1237

1516 417 2007 481 THEODORETI
2037 417 2379 477 EPISCOPI
2411 417 2778 478 CYREXSIS

3614 400 3758 483 asas

484 532 812 602 tristemque
847 528 1048 586 nubem
1081 530 1387 586 discutiens
1415 531 1684 601 liquidam
1710 533 2064 587 serenitatem

2178 533 2504 603 Ξυνεργήσει
2558 532 2666 601 γάρ
2714 532 2981 603 δήπουθεν
3032 534 3140 586 τῶν
3183 530 3522 603 Ἑκκλησιῶν
3574 532 3602 585 ὁ
3655 537 3756 586 Δε-

460 591 614 678 Ifidei
639 591 874 678 alumnis
896 624 1316 692 gratificabitur.
1341 591 1496 690 Quod
1530 629 1576 679 si
1603 624 1896 694 procellam
1924 640 2067 694 prae-

484 716 666 770 valere
700 715 1033 784 permiserit,
1087 715 1410 788 magnitudo
1464 715 1691 786 quidem
1737 725 1829 769 tua
1850 731 2064 769 merce-

484 807 610 860 dem
629 806 895 875 integram
919 807 1170 876 recipiet,
1198 824 1300 863 nos
1328 823 1462 862 vero
1500 809 1814 878 tempestati
1845 808 2068 877 acquie—

483 908 720 956 scemus,
753 904 810 948 et
839 910 1175 966 quocunque
1199 912 1302 950 nos
1331 896 1579 966 ejecerit,
1616 913 1740 950 cum
1773 897 1960 951 laetitia
1984 897 2063 950 vi-

481 1001 695 1051 vemus,
729 985 975 1040 divinum
1013 987 1285 1056 judicium
1321 989 1723 1057 praestolantes.
1749 998 2064 1057 rcctamque

482 1077 630 1132 illam
649 1079 919 1148 etjustam
949 1078 1280 1133 sententiam
1303 1088 1706 1148 exspectantes.

2178 623 2383 692 σπότης
2415 625 2511 676 καὶ
2543 622 2883 695 κυϐερνήτης
2930 627 2997 693 τῇ
3041 624 3143 693 τῆς
3199 622 3471 694 ὑμετέρας
3520 625 3759 692 μεγαλο-

2177 715 2448 787 πρεπείας
2479 715 2710 788 σπουδῇ,
2733 716 2828 769 καὶ
2882 716 3126 770 διαλύσει
3156 715 3217 769 τὸ
3255 715 3414 784 νέφος
3457 713 3520 768 τὸ
3558 716 3760 785 σκυθρο

2173 806 2343 869 ωπὺν,
2373 807 2468 859 καὶ
2491 807 2737 878 καθαρὰν
2765 805 2986 877 αἰθρίαν
3023 808 3298 876 χαριεῖται
3326 807 3440 868 τοῖς
3467 805 3759 876 τροφίμοις

2172 896 2274 960 τῆς
2299 897 2558 961 πίστεως.
2599 899 2660 952 Εί
2690 897 2747 951 δὲ
2808 899 2904 952 καὶ
2957 899 3302 968 συγχωρήσοι
3359 897 3452 950 τὸν
3509 897 3760 967 χειμῶνα

2175 989 2417 1058 νικῆσαι,
2452 989 2514 1041 τὸ
2543 990 2642 1059 μὲν
2673 989 2938 1060 ὑμέτερον
2985 988 3216 1058 μέγεθος
3248 989 3456 1042 τέλειον
3482 985 3763 1058 ἀπολήψε-

2174 1097 2259 1131 ται
2288 1080 2381 1132 τὸν
2413 1081 2626 1150 μισθὸν,
2682 1083 2842 1151 ἡμεῖς
2877 1081 2936 1133 δὲ
2993 1079 3083 1132 τὸν
3130 1078 3378 1134 κλύδωνα
3435 1078 3761 1149 στέρξομεν,

483 1172 578 1226 καὶ
604 1171 733 1225 ἔνθα
765 1172 829 1224 ἂν
869 1173 1016 1242 ἡμᾶς
1058 1171 1257 1244 ἐξώσῃ,
1294 1175 1434 1242 μετὰ
1480 1173 1842 1242 ψυχαγωγίας
1887 1171 2165 1243 διάξομεν,
2198 1174 2259 1226 τὸ
2326 1173 2470 1228 θεῖον
2505 1176 2792 1247 κριτήριον
2859 1175 3247 1245 ἀναμένοντες,
3295 1174 3392 1228 καὶ
3455 1173 3556 1245 τὴν
3590 1173 3758 1244 ὀρθὴν

481 1263 697 1333 ἐκείνην
733 1264 826 1316 καὶ
863 1263 1083 1317 δικαίαν
1112 1265 1513 1335 προσμένοντες
1546 1264 1748 1334 ψῆφον.

858 1376 1042 1430 XCIII.
1070 1408 1141 1416 —-
1166 1375 1413 1432 Seuatori
1448 1379 1696 1449 patricio.

553 1465 1007 1536 Magnificentiam
1027 1477 1197 1527 tuam,
1213 1469 1372 1538 cujus
1397 1479 1720 1539 perpetuam
1748 1468 2070 1525 memoriam

483 1557 834 1622 circumfero,
861 1559 1026 1612 etiam
1065 1576 1164 1629 per
1193 1560 1304 1615 Deo
1337 1561 1689 1616 charissimos
1709 1571 1764 1616 et
1787 1563 2071 1617 sanctissi-

483 1663 603 1701 mos
650 1647 942 1716 episcopos
979 1649 1181 1702 saluto.
1230 1647 1345 1703 lllis
1407 1649 1621 1721 1164
1665 1658 1849 1704 autem
1920 1660 1981 1704 ut
2015 1652 2072 1704 in

2501 1384 2612 1450 LI".
2645 1412 2715 1424 —-
2737 1383 3076 1452 Σενατωρίῳ
3105 1379 3409 1450 πατρικίῳ.

2236 1476 2348 1530 Καὶ
2385 1475 2474 1530 διά
2503 1478 2611 1530 τῶν
2651 1475 3081 1546 θεοφιλεστάτων
3131 1475 3226 1529 καὶ
3267 1471 3584 1528 ὁσιωτάτων
3629 1477 3752 1530 ἑπι-

2170 1568 2390 1622 σκόπων
2435 1569 2890 1640 προσφθέγγομαι
2927 1569 3029 1638 τὴν
3087 1564 3364 1638 ὑμετέραν
3422 1565 3762 1637 μεγαλοπρέο

2171 1678 2348 1722 πειαν,
2383 1655 2452 1732 ἦς
2486 1663 2587 1732 τὴν
2622 1664 2846 1732 μνήμην
2870 1660 2983 1733 (60)
3004 1659 3270 1714 ἄσϐεστον
3303 1659 3603 1732 περιφέρω.
3641 1659 3765 1711 Κα-

484 1738 679 1792 nrbem
707 1738 913 1808 regiam
957 1748 1253 1809 pergerent
1297 1748 1493 1795 auctor
1538 1741 1644 1796 fuit
1693 1741 2068 1796 sanctissimus

2178 1753 2431 1807 ταλαδεῖν
2460 1754 2516 1808 δὲ
2548 1754 2747 1818 αὐτοὺς
2777 1754 2876 1824 τὴν
2905 1751 3152 1824 βασιλίδα
3185 1751 3570 1824 παρεσκεύασε
3603 1749 3764 1804 πόλιν

482 1829 778 1898 episcopus
807 1828 1065 1884 dominus
1097 1831 1366 1896 Domnus,
1407 1839 1469 1885 ut
1497 1840 1690 1886 contra
1750 1847 1852 1886 nos
1914 1848 2066 1886 com-

485 1923 723 1992 positum
747 1922 1346 1978 diluantmendacium.
1373 1923 1635 1994 Apertam
1665 1924 1811 1978 enim
1842 1923 2067 1994 quidam

481 2023 670 2069 contra
689 2030 789 2070 nos
809 2015 1141 2070 calumniam
1164 2024 1479 2083 texuerunt,
1505 2017 1856 2087 tumultuque
1880 2018 2072 2072 Eccle-

482 2107 593 2162 sias
612 2107 992 2177 repleverunt,
1023 2123 1126 2178 pro
1147 2109 1352 2178 quibus
1371 2108 1625 2164 Christus
1646 2109 1914 2164 Dominus
1938 2125 2069 2164 cru-

481 2213 605 2254 cem
627 2199 802 2253 subiit
823 2199 1125 2269 ignominia
1157 2209 1513 2271 contempta;
1562 2215 1664 2270 pro
1691 2201 1896 2271 quibus
1931 2201 2073 2255 divi-

485 2305 592 2345 nus
651 2291 1028 2359 apostolorum
1082 2289 1308 2357 chorus,
1364 2298 1421 2346 et
1445 2291 1717 2345 victorum
1765 2300 2068 2361 martyrum

481 2396 677 2452 greges
694 2381 879 2434 omnia
907 2381 1105 2435 mortis
1133 2396 1330 2451 genera
1359 2382 1607 2451 perpessi
1628 2389 1778 2436 sunt.
1812 2383 1914 2435 Pro
1936 2398 2068 2451 pace

485 2480 547 2525 ut
583 2471 850 2532 decertes,
901 2487 999 2526 oro
1054 2471 1516 2542 magnificentiam
1547 2481 1718 2530 tuam.
1742 2474 1877 2528 Nam
1910 2474 2069 2527 facile

480 2563 660 2618 fuerat
690 2564 1074 2619 universorum
1112 2564 1244 2629 Deo,
1284 2566 1462 2620 tristia
1499 2566 1614 2620 haec
1642 2566 1758 2620 solo
1792 2557 1928 2619 nutu
1967 2564 2066 2619 de-

482 2653 687 2724 pellere
726 2655 954 2710 :dill‘ert
1004 2663 1208 2721 tamen,
1262 2666 1379 2711 tum
1411 2667 1472 2712 ut
1505 2673 1698 2713 eorum
1737 2658 1831 2727 qui
1887 2657 2068 2726 impu-

481 2756 722 2817 gnantur
767 2746 1014 2803 declaret
1065 2749 1474 2815 fortitudinem,
1520 2757 1634 2804 tum
1687 2758 1748 2804 ιιι
1774 2749 1936 2803 nobis
1979 2763 2072 2802 ca-

481 2837 696 2908 piendae
725 2837 982 2892 utilitatis
1001 2836 1322 2893 occasiones
1352 2838 1614 2908 praebeat.

832 3045 1015 3102 XCIV.
1039 3076 1108 3086 -—
1139 3045 1424 3116 Protogeni
1447 3046 1712 3116 praefecto.

2175 1847 2202 1900 ό
2228 1846 2524 1911 ὁσιώτατος
2551 1846 2848 1910 ἐπίσκοπος
2885 1849 2915 1899 ό
2953 1842 3144 1918 κύριος
3175 1846 3402 1917 Δόμνος,
3428 1845 3516 1898 ἴνα
3543 1843 3604 1896 eo
3631 1843 3765 1898 καθ’

2175 1937 2334 2010 ἡμῶν
2375 1939 2628 1992 συντεθὲν
2648 1937 2948 1992 διαλύσωσι
2983 1935 3198 2007 ψεῦδος.
3237 1936 3498 2009 Προφανῆ
3533 1935 3641 2008 γάρ
3674 1953 3768 1988 τι-

2175 2050 2265 2097 νες
2297 2033 2421 2087 καθ’
2457 2032 2618 2104 ήμῶν
2668 2032 3037 2101 συκοφαντίαν
3097 2031 3391 2102 ἐξύφηναν,
3445 2032 3541 2085 καὶ
3589 2030 3768 2100 ζάλης

2174 2126 2276 2189 τάς
2332 2125 2662 2196 Ἐκκλησίας
2723 2125 3050 2196 ἐνέπλησαν,
3108 2124 3247 2195 ὑπὲρ
3293 2115 3368 2177 ὧν
3412 2123 3441 2176 ό
3483 2123 3770 2190 Δεσπότης

2176 2215 2413 2288 Χριστὸς
2473 2214 2704 2287 σταυρὸν
2763 2214 3059 2284 ὑπέμεινεν
3104 2212 3370 2284 αἰσχύνης
3416 2217 3769 2284 καταφρονή-

2177 2324 2299 2371 σας.
2333 2307 2473 2378 ὑπὲρ
2503 2299 2578 2360 ὧν
2609 2308 2637 2359 ό
2669 2306 2778 2359 τῶν
2808 2305 2971 2359 θείων
2989 2305 3304 2360 ἀποστόλων
3334 2305 3514 2374 χορὸς,
3533 2304 3765 2357 καὶτῶν

2176 2398 2488 2467 νικηφόρων
2525 2398 2820 2468 μαρτύρων
2874 2396 2924 2448 οἱ
2977 2397 3161 2467 δῆμοι,
3213 2399 3334 2459 ταῖς
3387 2396 3766 2457 παντοδαπαῖς

2173 2488 2271 2543 τοῦ
2303 2489 2536 2542 Θανάτου
2582 2489 2961 2558 παρεδόθησαν
2997 2489 3183 2551 ἰδέαις.
3225 2487 3399 2559 ’Υπὲρ
3427 2487 3522 2556 τῆς
3551 2486 3761 2540 τούτων

2177 2583 2400 2652 εἰρήνης
2456 2581 2556 2650 τὴν
2617 2581 2892 2651 ὑμετέραν
2950 2579 3323 2648 ἀγωνίσασθαι
3389 2579 3763 2650 μεγαλοφυῖαν

2175 2673 2506 2745 παρακαλῶ.
2554 2672 2767 2742 Ῥᾴδιον
2804 2671 2903 2742 μὲν
2937 2672 3046 2743 γὰρ
3096 2667 3164 2741 ἦν
3201 2669 3279 2741 τῷ
3314 2669 3422 2724 τῶν
3451 2671 3588 2724 ὅλων
3636 2668 3763 2741 Θεῷ

2175 2765 2386 2826 νεῦσαι,
2419 2764 2514 2816 καὶ
2541 2762 2703 2816 λῦσαι
2735 2764 2805 2816 τὰ
2843 2761 3180 2833 σκυθρωπά·
3217 2761 3336 2816 ἀλλ’
3370 2761 3759 2825 ἀναϐάλλεται,

2177 2856 2271 2910 καὶ
2302 2858 2409 2908 τῶν
2451 2854 2879 2924 πολεμουμένων
2903 2855 2999 2925 τὴν
3031 2855 3256 2925 ἀνδρίαν
3290 2853 3620 2918 ἐπιδεικνὺς,
3661 2853 3763 2906 καὶ

2177 2949 2308 3019 ἡμῖν
2348 2947 2602 3017 ἀφορμάς
2628 2947 2707 3009 είς
2739 2945 3008 3014 ὠφέλειαν
3039 2947 3310 3017 παρέχων.
3401 2995 3414 3010 .,

2445 3057 2556 3122 ιηΔο.
2595 3085 2664 3093 —
2695 3056 3060 3123 Πρωτογενεῖ
3083 3055 3332 3125 ὑπάρχῳ
3371 3056 3505 3129 (6i).

549 3140 668 3197 Jam
701 3139 832 3194 olim
861 3139 1086 3210 quidem
1112 3115 1385 3210 benignus
1414 3115 1678 3195 Dominus
1717 3140 1968 3195 idoneam
1997 3141 2062 3196 ad

2245 3146 2421 3198 Πάλαι
2470 3115 2574 3214 μὲν
2626 3115 2859 3198 δέδωκεν
2905 3115 3032 3216 ὑμῖν
3074 3149 3103 3200 ὁ
3138 3115 3516 3218 φιᾶἇνὸρὶυπὸς
3559 3148 3773 3204 Δεσπὸ-

479 3229 895 3299 οιεοιιυεῐιόαιη
925 3230 1125 3284 mentis
1153 3229 1447 3284 consilium
1477 3230 1636 3284 vobis
1668 3232 1863 3286 tribuit
1889 3232 2064 3286 facul—

481 3331 650 3376 tatem
676 3317 694 3373 Ξ
720 3319 816 3376 sed
840 3318 1090 3374 eamdem
1137 3319 1290 3373 auxit
1332 3319 1439 3374 hoc
1490 3328 1763 3389 tempore,
1805 3324 1820 3339 '
1855 3329 1917 3374 ut
1951 3335 2068 3373 ma-

480 3412 716 3484 gnitudo
747 3419 927 3466 vestra
957 3410 1176 3465 facilius
1199 3420 1256 3464 et
1277 3411 1651 3481 impugnatam
1681 3411 1942 3466 defendat
1970 3425 2066 3466 ve-

479 3505 700 3558 ritatem
734 3511 789 3557 et
811 3501 1160 3557 mendacium
1185 3509 1420 3567 evertat,
1466 3510 1822 3570 aptatamque
1871 3501 2068 3556 Eccle-

479 3595 578 3649 siis
656 3593 1114 3662 tranquillitatem
1169 3590 1444 3645 restituat.
1491 3589 1665 3655 Onam
1711 3591 1860 3660 gravi
1917 3589 2067 3664 enim

481 3684 719 3754 procella
754 3684 986 3752 oppleta:
1010 3683 1121 3736 sint
1165 3680 1407 3736 Orientis
1445 3680 1728 3747 Ecclesiae,
1765 3688 1821 3735 et
1850 3681 1920 3734 ab
1946 3682 2068 3737 aliis

483 3773 672 3827 muttis
699 3770 1104 3842 magnificentia
1155 3779 1344 3825 vestra
1396 3769 1612 3835 didicit,
1664 3779 1720 3825 et
1751 3772 2069 3826 accuratius

481 3879 550 3918 ex
572 3865 682 3917 Deo
707 3863 1047 3916 charissimis
1071 3861 1346 3932 episcOpis
1367 3862 1655 3932 cognitura
1679 3870 1784 3928 est,
1809 3863 1902 3932 qui
1927 3863 2070 3917 hanc

481 3956 699 4026 longam
723 3953 1231 4024 peregrinationem
1257 3953 1458 4008 hiemis
1487 3961 1733 4023 tempore
1777 3963 2069 4024 propterea

482 4051 869 4114 susceperunt,
893 4051 1091 4099 vestra:
1117 4045 1389 4115 imprimis
1417 4053 1540 4116 post
1568 4045 1810 4100 divinam
1837 4047 2067 4117 gratiam

483 4135 831 4189 auctoritatis
863 4134 1215 4204 providentia
1249 4134 1399 4188 freti.
1435 4133 1635 4190 Sedate
1686 4136 1855 4206 igitur
1885 4137 2065 4203 nobis,

483 4227 690 4283 Christi
734 4235 1004 4294 amantes,
1051 4233 1455 4296 tempestatem,
1504 4228 1911 4298 obscuramque
1965 4244 2071 4283 no-

484 4329 628 4376 ctem
652 4321 708 4374 in
736 4318 1001 4390 liquidam
1033 4319 1389 4374 serenitatem
1413 4321 1748 4386 convertite,
1782 4329 1838 4373 et
1870 4320 2072 4374 incita-

483 4421 566 4466 tas
600 4417 792 4464 contra
821 4425 922 4464 nos
946 4409 1162 4480 linguas
1200 4408 1413 4480 1165
1441 4409 1740 4464 refrenate.
1774 4409 1886 4464 Nos
1917 4411 2067 4464 enim

483 4502 672 4557 divina
713 4501 932 4556 favente
977 4503 1174 4571 gratia,
1207 4517 1308 4571 pro
1358 4501 1687 4571 apostolicis
1717 4501 2070 4571 dogmatibus

481 4593 701 4648 assidue
737 4608 1075 4663 pugnamus,
1135 4593 1408 4662 fidemque
1441 4595 1637 4648 Nicara:
1670 4595 1974 4663 expositam
2007 4595 2073 4648 il-

480 4682 708 4738 libatam
732 4698 1035 4748 servamus,
1073 4691 1130 4736 et
1167 4699 1263 4738 eos
1299 4683 1394 4752 qui
1424 4684 1543 4738 hmc
1569 4682 1778 4737 violare
1814 4682 2066 4753 dogmata

480 4787 594 4826 non
622 4771 897 4835 dubitant,
955 4771 1156 4844 impios
1210 4773 1571 4844 appellamus.
1629 4772 1807 4842 Atque
1867 4774 2069 4828 horum

482 4870 654 4919 teetes
677 4863 839 4916 nobis
864 4871 994 4916 sunt
1026 4864 1120 4932 qui
1151 4864 1295 4934 apud
1319 4878 1422 4918 nos
1469 4871 1600 4918 sunt
1664 4864 2073 4930 catechumeni,

481 4953 577 5022 qui
633 4952 848 5006 anobis
889 4952 1262 5023 baptizantur,
1293 4955 1390 5025 qui
1452 4963 1674 5008 nostros
1728 4955 1784 5008 in
1819 4955 2074 5010 ecclesiis

483 5061 768 5101 sermones
797 5046 1049 5101 audiunt.
1093 5046 1250 5113 Quod
1279 5048 1325 5102 si
1374 5062 1640 5101 accusare
1689 5045 1935 5117 legitime
1970 5063 2072 5103 vo-

483 5138 626 5204 lunt,
658 5145 959 5208 prmsentes
983 5137 1321 5208 redarguere
1341 5145 1582 5207 oportet,
1641 5153 1753 5192 non
1814 5142 2074 5196 absentes

482 5228 831 5282 calumniari.
861 5227 954 5283 Sic
985 5229 1132 5283 enim
1161 5237 1219 5282 et
1264 5228 1320 5282 in
1362 5229 1487 5282 aliis
1511 5228 1770 5298 negotiis,
1801 5229 1934 5286 dum
1986 5232 2076 5303 jn-

482 5319 632 5374 dicat
668 5319 1076 5390 magnificentia
1105 5327 1310 5384 vestra,
1368 5320 1700 5374 sententiam
1731 5325 1954 5390 promit,
2006 5339 2073 5377 ex

480 5412 851 5466 accusationis
874 5410 1324 5480 defensionisque
1369 5409 1555 5465 verbis
1592 5411 1721 5480 quid
1781 5428 1969 5468 verum
2005 5415 2078 5468 sit

483 5503 929 5576 deprehendens.

480 5782 493 5793 υ
554 5713 675 5794 (60).
696 5715 786 5794 Sic
823 5715 991 5794 Neap.
1023 5727 1080 5771 et
1107 5719 1362 5794 Vatican.
1386 5737 1556 5794 equo
1589 5724 1925 5794 principium
1958 5725 2065 5778 hu-

476 5785 572 5852 jus
593 5785 838 5852 epistolze
868 5785 1058 5840 Latine
1097 5805 1318 5844 versum
1352 5785 1516 5847 habet
1547 5785 1818 5850 Duronius
1849 5795 1914 5849 ad
1944 5813 1970 5848 a
1999 5796 2062 5851 (1.

480 5851 608 5917 443,
643 5862 679 5905 t.
715 5855 800 5918 Vl,
835 5871 887 5924 p.
920 5873 994 5915 m.
1029 5858 1113 5912 72.
1144 5860 1306 5916 Sirm.
1336 5863 1523 5933 τιμήν.

2172 3255 2272 3309 της
2343 3237 2574 3309 δύναμιν
2651 3238 2929 3310 ἀρκοῦσαν
2989 3241 3331 3312 ὑπουργῆσαι
3411 3244 3478 3312 τῇ
3541 3242 3766 3314 γνώμη.

2176 3328 2394 3400 Ῑιύξησε
2424 3329 2480 3382 δὲ
2511 3329 2714 3400 ταύτην
2772 3331 2866 3384 ἐπὶ
2914 3329 3006 3385 τοῦ
3038 3331 3332 3402 παρόντος,
3386 3333 3472 3386 ἶνα
3506 3334 3636 3403 ῥᾷοι
3668 3335 3772 3386 καὶ

2172 3421 2273 3492 τῆς
2303 3421 2560 3492 ἀληθείας
2594 3422 3008 3494 πολεμουμένης
3039 3424 3411 3497 ὑπερμαχήσῃ
3462 3425 3524 3478 τὸ
3557 3425 3767 3496 ὑμέτε-

2179 3531 2269 3586 ρον
2305 3515 2561 3586 μέγεθος,
2591 3516 2689 3569 καὶ
2718 3515 3002 3588 καταλύσῃ
3032 3515 3090 3568 τὸ
3113 3515 3332 3585 ψεῦδος,
3364 3517 3460 3570 καὶ
3483 3517 3602 3579 ταῖς
3638 3515 3772 3570 Ἐκ-

2176 3607 2426 3676 κλησίαις
2483 3608 2582 3679 τὴν
2652 3607 2995 3679 ποθουμένην
3061 3607 3416 3679 πρυτανεύσῃ
3495 3607 3768 3680 γαλήνην.

2188 3697 2550 3770 ὐπόσηςγάρ
2583 3699 2996 3770 ἐνεπλήσθησαν
3041 3698 3210 3768 ζάλης
3249 3700 3348 3770 τῆς
3374 3699 3515 3770 ἑῴας
3548 3701 3606 3753 αἱ
3642 3700 3770 3753 Ἐκο

2178 3783 2420 3855 κλησίαι,
2454 3786 2607 3857 παρὰ
2642 3787 2855 3840 πολλῶν
2897 3787 2998 3858 μὲν
3048 3789 3145 3841 καὶ
3191 3788 3370 3842 ἄλλων
3432 3791 3465 3859 ἡ
3517 3789 3771 3860 ὑμετέρα

2180 3875 2522 3946 μεγαλοφυῒα
2567 3877 2912 3949 μεμάθηκεν,
2939 3877 3334 3951 ἀκριϐέστερον
3363 3880 3419 3933 δὲ
3455 3881 3610 3951 παρά
3655 3880 3774 3932 τῶν

2181 3967 2618 4037 θεοφιλεστάτων
2656 3971 2975 4025 ἐπισκόπων
3023 3972 3266 4045 μαθήσῃ,
3313 3973 3365 4026 οἳ
3414 3972 3512 4042 τῆς
3548 3975 3773 4044 μακρᾶς

2177 4060 2382 4130 ταύτης
2431 4060 2739 4130 ἀποδημίας
2779 4064 2835 4115 ὲν
2893 4061 3012 4134 ῶρα
3057 4063 3328 4133 χειμῶνος
3367 4061 3556 4115 τούτου
3603 4063 3772 4133 χάριν

2179 4150 2496 4221 ἠνέσχοντο,
2537 4153 2675 4222 μετά
2715 4155 2815 4223 τὴν
2845 4153 2997 4207 θείαν
3047 4155 3206 4226 χάριν
3235 4156 3300 4224 τῇ
3352 4153 3448 4221 τῆς
3495 4153 3772 4223 ὑμετέρας

2180 4244 2429 4309 ἐξουσίας
2456 4245 2765 4316 προμηθείᾳ
2795 4245 3146 4317 θαρροῦντες.
3166 4246 3374 4298 Λύσατε
3398 4245 3576 4296 τοίνυν
3608 4245 3768 4313 ἡμῖν,

2182 4329 2228 4389 ὦ
2264 4336 2619 4407 φιλόχριστοι,
2680 4337 2770 4390 τὸν
2828 4337 3094 4408 χειμῶνα,
3132 4338 3227 4391 καὶ
3263 4338 3361 4407 τὴν
3419 4338 3769 4407 σκοτομήνην

2179 4428 2257 4490 είς
2292 4427 2513 4498 αἰθρίαν
2539 4429 2786 4498 καθαρὰν
2815 4429 3171 4500 μεταϐάλετε,
3209 4430 3300 4482 καὶ
3324 4427 3578 4504 τὰς.καθ’
3602 4429 3769 4497 ἡμῶν

2177 4519 2495 4588 κινηθείσας
2519 4519 2853 4590 χαλινώσατε
2885 4520 3128 4588 γλώττας
3197 4522 3387 4590 Ἡμεῖς
3416 4521 3524 4592 γὰρ
3552 4520 3639 4573 διὰ
3665 4519 3770 4590 τὴν

2178 4610 2330 4664 θείαν
2357 4611 2546 4680 χάριν,
2574 4611 2682 4662 τῶν
2713 4611 3087 4664 ἀποστολικῶν
3113 4610 3376 4682 διηνεκῶς
3409 4612 3738 4682 ὑπερμαχοῦ
3756 4641 3772 4652 ο

2181 4719 2280 4772 μεν
2316 4702 2620 4772 δογμάτων,
2650 4703 2744 4754 καὶ
2775 4703 2873 4772 τὴν
2913 4704 3228 4755 ἐκτεθεῑσαν
3260 4705 3317 4755 ὲν
3346 4704 3549 4774 Νικαία
3578 4705 3772 4758 πίστιν

2181 4793 2522 4862 φυλάττομεν
2553 4793 2768 4852 ἄσυλον,
2810 4793 2905 4846 καὶ
2946 4796 3072 4857 τοὺς
3105 4793 3278 4847 ταῦτα
3314 4796 3772 4866 παραχαράττειν

2177 4885 2498 4954 τολμῶντας
2551 4886 2621 4938 τὰ
2676 4885 2926 4952 δόγματα
2965 4885 3183 4949 ἀσεϐεῖς
3226 4887 3586 4956 ὀνομάζομεν.
3653 4889 3772 4942 Καὶ

2178 4976 2381 5032 τούτων
2433 4977 2710 5048 μάρτυρες
2760 4979 2808 5030 οἱ
2861 4979 2988 5048 παρ’
3048 4977 3207 5048 ἡμῶν
3259 4978 3680 5050 κατηχούμ;νοι,
3721 4981 3771 5033 οἱ

2180 5070 2313 5140 παρ’
2346 5069 2502 5139 ἡμῶν
2529 5068 2946 5140 βαπτιζόμενοι,
2976 5071 3024 5121 οἱ
3057 5069 3167 5121 τῶν
3199 5070 3256 5122 ἐν
3282 5072 3409 5132 ταῖς
3440 5069 3769 5138 ἐκκλησίαις

2177 5161 2467 5227 διαλέξεων
2521 5163 2828 5226 ἐπαΐοντες.
2895 5163 2958 5215 El
3005 5161 3062 5215 δὲ
3121 5163 3450 5233 κατηγορεῖν
3519 5161 3771 5231 ἐννόμως

2177 5251 2444 5316 ἐθέλουσι,
2479 5253 2582 5323 χρὴ
2612 5253 2887 5324 παρόντας
2916 5251 3180 5321 ἐλέγχειν,
3208 5253 3309 5304 οὐκ
3331 5252 3571 5315 ἀπόντας
3599 5269 3773 5306 συκο-

2177 5345 2421 5412 φαντεῖν.
2462 5343 2618 5397 Οὕτω
2648 5345 2757 5415 γὰρ
2789 5343 2886 5396 καὶ
2923 5345 3036 5408 τοῖς
3067 5344 3248 5406 ἄλλοις
3293 5346 3325 5415 ἡ
3367 5344 3609 5414 ὑμετέρα
3668 5363 3773 5414 με-

2176 5434 2449 5503 γαλοφυῒα
2479 5433 2776 5499 δικάζουσα
2803 5435 3123 5506 πράγμασιν
3151 5436 3378 5507 ἐκφέρει
3397 5434 3496 5497 τὰς
3523 5435 3772 5503 ψήφους,

2175 5527 2242 5578 ὲκ
2273 5525 2384 5578 τῶν
2425 5527 2525 5594 τῆς
2577 5523 2914 5595 κατηγορίας
2949 5525 3044 5578 καὶ
3073 5523 3371 5593 ἀπολογίας
3412 5523 3587 5592 λόγων
3641 5541 3771 5579 συν-

2175 5617 2360 5689 ορῶσα
2385 5617 2446 5670 τὸ
2467 5617 2696 5672 δίκαιον.

2248 5731 2370 5814 (61)⁹
2394 5733 2586 5816 Latina
2616 5735 2999 5805 interpretatio
3026 5736 3193 5810 hujus
3223 5741 3464 5812 epistola
3501 5748 3585 5798 cst
3618 5744 3775 5816 apud

2176 5802 2470 5858 Baronium
2504 5807 2535 5855 l.
2573 5821 2620 5856 ρ.
