4056 6422
345 449 445 514 126

415 483 448 515 ο

450 454 486 516 9
715 560 830 626 ῑ-,ΕἏ
868 588 937 598 -
980 557 1253 626 Ἀντιόχῳ
1283 554 1547 625 ὑπάρχῳ.

412 675 529 745 τῆς
563 672 829 744 μεγίστης
858 671 1037 742 ἀρχῆς
1064 669 1162 733 τὰς
1190 667 1289 739 μὲν
1311 669 1598 738 φροντίδας
1629 664 1919 728 ἀπέθεσθε,

327 767 403 820 τὸ
433 766 494 820 δὲ
543 765 700 827 κλέος
750 762 906 832 ὑμῶν
961 760 1115 832 παρὰ
1159 762 1326 814 πᾶσιν
1357 758 1530 814 ἀνθεῖ.
1555 760 1621 813 Oi
1673 759 1782 829 γὰρ
1824 758 1923 820 τὰς

330 857 621 928 ὑμετέρας
641 853 964 926 εὐεργεσίας
990 851 1363 923 τρυγήσαντες
1394 850 1579 922 ᾄδουσι
1606 848 1809 912 ταύτας
1834 851 1921 903 ἐν·

322 946 618 1017 δελεχῶς),
669 944 910 997 πλεῖστοι
965 942 1021 995 δὲ
1080 936 1229 995 οὗτοι
1254 983 1268 1008 ,
1324 943 1434 1008 καὶ,
1473 939 1750 1011 πανταχοῦ
1804 939 1920 1009 (καὶ

324 1039 559 1101 πολλοῖς
582 1037 679 1100 τὰς
698 1036 973 1106 εὐφημίας
998 1035 1419 1106 προσφέροντες,
1452 1034 1547 1087 καὶ
1570 1033 1668 1096 τὰς
1696 1034 1918 1087 ἐκείνων

323 1128 587 1196 γλώττας
636 1125 800 1179 πάλιν
852 1127 932 1188 εἰς
984 1124 1239 1186 ἐπαίνους
1300 1122 1597 1185 κινοῦντες.
1663 1120 1802 1190 Ἐγὼ
1860 1122 1917 1175 δὲ

320 1220 636 1288 γάννυμαι,
676 1215 900 1287 θεωρῶν
941 1215 1033 1269 τὸν
1070 1213 1389 1285 ἀξιέραστον
1422 1212 1654 1285 καρπδν,
1687 1213 1788 1284 τὴν
1815 1229 1913 1265 πο-

316 1308 699 1380 λυθρύλλητον
732 1305 1038 1375 ὠραῒζοντα
1085 1304 1263 1377 ῥίζαν.
1305 1296 1379 1357 0³5
1413 1303 1475 1370 δὴ
1510 1303 1670 1374 χάριν
1708 1304 1800 1356 ἐπὶ
1846 1303 1915 1356 τὰ

320 1402 513 1470 μείζω
559 1399 654 1451 καὶ
697 1396 1012 1468 τελειότερα
1057 1396 1157 1465 τήν
1213 1393 1485 1465 ὑμετέραν
1540 1394 1912 1465 μεγαλοφυταν

320 1490 666 1563 παρακαλῶ,
696 1490 791 1543 καὶ
826 1488 922 1559 τῆς
947 1487 1059 1543 τῶν
1098 1487 1436 1556 Ἑκκλησιῶν
1467 1486 1603 1553 ἀξιῶ
1629 1486 1912 1558 φροντίσαι

322 1582 605 1653 γαλήνης.
648 1578 850 1635 Πολλοῦ
873 1580 981 1649 γὰρ
1008 1579 1208 1644 ταύτας
1236 1579 1503 1651 χειμῶνος
1532 1580 1830 1649 ἐνέπλησαν
1862 1580 1912 1632 οί

322 1674 435 1735 τὰς
461 1670 584 1725 καθ’
607 1669 763 1743 ήμῶν
798 1669 1162 1739 συκοφαντίας
1188 1670 1510 1740 ὑφήναντες.
1528 1669 1627 1723 Διά
1654 1686 1734 1722 τοι
1755 1668 1912 1722 τοῦτο

316 1765 423 1816 καὶ
436 1764 486 1815 οἱ
500 1761 901 1831 θεοφιλέστατοι
916 1761 1221 1826 ἐπίσκοποι,
1236 1761 1328 1814 καὶ
1349 1762 1565 1832 μακρᾶς
1579 1760 1907 1830 ὁδοιπορίας,

1665 444 2026 505 EPISTOLA
2065 447 2258 509 XCVL

3466 475 3603 541 1200

2413 561 2570 619 XCV.
2589 565 2925 626 —Arrtiocho
2950 576 3215 646 prafecto.

2097 666 2313 723 Maximi
2348 675 2700 744 magistratus
2743 696 2909 739 curas
2959 687 3183 756 quidem
3244 693 3601 764 deposuistis.

2022 757 2118 812 sed
2140 760 2312 830 gloria
2341 774 2521 820 vestra
2541 770 2693 837 apud
2721 787 2914 830 omnes
2934 776 3114 833 ﬂoret.
3161 781 3264 849 Qui
3310 757 3460 843 enim
3498 757 3603 846 be;

2021 851 2234 906 neticiis
2255 856 2453 912 vestris
2474 861 2654 914 ornati
2686 861 2930 933 fuerunt,
2960 871 3184 928 assidue
3218 875 3311 931 illa
3359 892 3601 936 comme-

2020 951 2239 996 morant
2277 946 2519 1014 (plurimi
2554 960 2742 1006 autem
2764 953 2806 1008 ii
2838 967 2987 1024 sunt,
3013 968 3068 1016 et
3096 963 3347 1039 ubique),
3378 968 3602 1026 laudes-

2019 1048 2126 1102 que
2159 1044 2372 1091 vestras
2403 1040 2544 1108 apud
2577 1041 2717 1098 alios
2746 1047 3068 1117 praedicant,
3097 1064 3154 1108 et
3202 1057 3268 1110 ad
3324 1062 3597 1127 praeconia

2018 1132 2200 1179 vestra
2255 1126 2473 1184 illorum
2526 1133 2692 1188 etiam
2738 1136 2954 1208 linguas
3006 1155 3249 1200 movent.
3297 1126 3411 1220 Ego
3460 1168 3596 1207 vero

2017 1228 2344 1286 magnopere
2384 1220 2559 1288 laetor,
2603 1226 2894 1284 amabilem
2941 1230 3180 1290 fructum
3212 1253 3464 1313 cernens,
3499 1245 3596 1314 qui

2016 1304 2318 1361 multorum
2386 1325 2483 1365 ore
2540 1313 2873 1373 celebratam
2939 1321 3180 1379 radicem
3241 1304 3594 1389 condecorat.

2014 1393 2385 1462 Quamobrem
2416 1402 2483 1456 ad
2514 1407 2721 1475 majora
2762 1417 2821 1462 et
2858 1411 3189 1480 perfectiora
3237 1420 3595 1490 magnificen-

2018 1486 2147 1540 tiam
2198 1499 2438 1547 vestram
2492 1494 2684 1561 invito,
2743 1508 2908 1571 atque
2954 1512 3016 1558 ut
3048 1506 3418 1566 Ecclesiarum
3447 1521 3597 1572 tran-

2014 1580 2304 1649 quillitatis
2353 1600 2538 1641 curam
2587 1605 2746 1660 geras
2791 1593 3058 1651 obtestor.
3106 1598 3328 1671 Magnos
3356 1605 3502 1660 enim
3535 1607 3593 1663 in

2013 1669 2100 1724 his
2158 1670 2359 1729 fluetus
2413 1678 2723 1735 excitarunt
2779 1683 2874 1753 qui
2913 1697 3102 1743 contra
3148 1669 3250 1747 nos
3287 1694 3592 1753 calumnias

2011 1763 2308 1818 commenti
2365 1776 2512 1823 sunt.
2568 1769 2685 1836 Qua
2735 1773 2803 1828 de
2841 1790 3004 1832 causa
3054 1788 3111 1833 et
3139 1781 3251 1837 Deo
3281 1784 3589 1843 charissimi

315 1856 424 1908 καὶ
463 1852 770 1916 ἀσθενείας,
801 1852 898 1906 καὶ
935 1853 1123 1924 γήρως
1151 1854 1686 1924 καταφρονήσαντες,
1706 1852 1812 1946 ’καὶ
1841 1851 1898 1903 τὰ

2011 1852 2275 1923 episcopi,
2303 1866 2361 1911 et
2393 1858 2651 1915 itinerum
2683 1864 3045 1937 longitudine,
3076 1882 3133 1927 et
3187 1874 3386 1930 virium
3428 1877 3590 1932 infir-

317 1945 572 2018 σφέτερα
600 1944 828 2014 ποίμνια
873 1943 1269 2008 καταλιπόντες
1308 1945 1644 2014 ἀποίμαντα,
1668 1942 1765 2014 τὴν
1799 1959 1898 2045 ματ

2010 1943 2220 2008 mitate,
2278 1954 2335 2000 et
2394 1950 2553 2004 senili
2602 1960 2761 2009 atate
2819 1968 3163 2045 contempta,
3219 1967 3588 2039 gregibusque

313 2038 466 2108 κρᾶν
499 2036 702 2107 ταύτην
740 2036 965 2107 πορείαν
997 2037 1328 2100 ἐστείλαντο,
1366 2035 1633 2103 διελέγξαι
1666 2036 1727 2088 τὸ
1763 2035 1906 2089 κατὰ

314 2133 545 2184 πάντων
575 2128 731 2199 ἡμῶν
762 2129 1010 2183 συντεθὲν
1035 2132 1379 2201 ἐπειγόμενοι
1410 2130 1624 2210 ψεῦδος.
1663 2131 1907 2200 Ἐπαμυ-

307 2217 471 2270 νάτω
498 2217 679 2273 τοίνυν
713 2219 895 2283 αὐτοῖς
941 2219 1003 2273 τὸ
1043 2219 1310 2292 ὖμέτερον
1360 2220 1611 2291 μέγεθος,
1664 2222 1761 2275 καὶ
1803 2222 1905 2292 τῆς

311 2309 838 2380 συκοφαντουμένης
880 2309 1022 2380 ἑῴας
1049 2310 1366 2381 κηδόμενον,
1408 2312 1502 2364 καὶ
1533 2312 1634 2381 τῆς
1666 2313 1901 2365 ἀποστο-

303 2399 482 2471 λικῆς
546 2401 1002 2472 προμηθούμενον
1057 2402 1315 2466 πίστεως.
1360 2402 1569 2474 Πρέπει
1619 2402 1730 2473 γὰρ
1775 2403 1902 2472 ὑμῖν

304 2496 432 2556 τοῖς
475 2493 657 2557 ἄλλοις
714 2493 1109 2565 κατορθώμασι
1164 2495 1260 2547 καὶ
1306 2493 1426 2546 τόδε
1474 2493 1791 2564 προσθεῖναι
1841 2493 1902 2547 τὸ

307 2583 502 2646 κλέος.

722 2702 855 2768 ΗΕΓ-
880 2731 954 2740 --
981 2701 1156 2771 Νόμῳ
1190 2701 1495 2769 πατρικίφ.

380 2811 484 2872 Δὶς
509 2810 608 2882 μὲν
647 2812 750 2883 ήδη
783 2813 1024 2883 γράψας,
1061 2809 1215 2884 οἶμαι
1241 2816 1287 2869 δ’
1323 2816 1404 2868 ὅτι
1444 2815 1540 2869 καὶ
1568 2816 1716 2888 τρὶς,
1745 2818 1896 2871 ἀντι·-

303 2903 550 2973 γράφων
588 2904 690 2957 οὐκ
717 2904 930 2975 ἔτυχον·
973 2906 1070 2960 κα)⁸
1103 2907 1326 2977 σιγῆσαι
1356 2908 1543 2962 λοιπὸν
1584 2908 1895 2980 βουληθεὶς.

304 2994 410 3047 καὶ
445 2993 543 3046 νῦν
574 2994 703 3062 γοῦν
740 2997 981 3067 ἐμαυτόν
1004 3014 1063 3051 τε
1103 3000 1329 3067 γνῶναι,
1361 3002 1457 3055 καὶ
1491 3001 1601 3055 τῶν
1639 3001 1895 3066 ἐξουσιῶν

302 3087 376 3140 τὸ
421 3087 655 3158 μέγεθος
698 3090 1019 3157 ἐπιγνῶναι,
1071 3090 1293 3161 ἄμεινον
1333 3092 1521 3164 ᾠήθην
1556 3089 1713 3157 αὖθις
1759 3094 1896 3165 γράο

300 3178 434 3249 quat,
459 3181 553 3233 καὶ
598 3181 987 3251 παρακαλέσαι
1029 3182 1221 3252 μαθεῖν
1263 3184 1364 3254 τήν
1407 3185 1588 3239 αἰτίαν
1633 3186 1734 3254 τῆς
1763 3202 1893 3238 σιω-

2010 2034 2129 2089 sine
2178 2046 2398 2106 pastore
2441 2041 2667 2109 relictis,
2716 2045 2930 2118 longam
2988 2037 3149 2106 i'stam
3190 2034 3591 2126 pcregrinat—io—

2008 2138 2135 2177 nem
2188 2140 2572 2197 susceperunt,
2621 2134 2915 2192 conﬂatum
2965 2141 3021 2196 in
3063 2158 3166 2197 nos
3192 2145 3540 2202 mendacium
3570 2152 3589 2171 '

2009 2211 2260 2270 refellere
2281 2229 2654 2287 properantes.
2684 2223 2917 2295 Adjuvet
2953 2244 3086 2300 ergo
3125 2230 3248 2286 illos
3276 2236 3589 2305 amplitudo

2011 2305 2228 2379 1166
2283 2318 2484 2377 vestra,
2533 2321 2591 2368 et
2642 2316 2912 2374 calumnia
2962 2337 3226 2393 oppresso
3283 2331 3578 2386 consulens

2005 2395 2244 2464 Orienti,
2278 2408 2334 2473 et
2370 2401 2497 2458 ﬁdei
2548 2410 2858 2476 apostolicae
2901 2415 3265 2484 prospiciens.
3316 2419 3588 2477 Convenit

2000 2487 2149 2540 enim
2199 2505 2298 2545 vos
2321 2493 2387 2547 ad
2413 2503 2611 2552 caetera
2637 2501 2897 2568 praclara
2921 2502 3166 2561 facinora
3194 2508 3334 2565 hanc
3364 2527 3585 2583 quoque

1999 2577 2228 2646 gloriam
2258 2582 2495 2654 adjicere
2512 2629 2529 2645 .

2422 2698 2605 2757 XCVI.
2622 2733 2685 2742 ——
2703 2702 2871 2759 Nemo
2908 2675 3150 2779 patricio.

1997 3000 2319 3054 statuerem,
2360 3010 2425 3049 ac
2452 3012 2601 3053 nunc
2638 3000 2855 3056 tandem
2889 3019 2976 3059 me
3001 3020 3185 3072 nosse,
3212 3016 3579 3078 potestatum-

1996 3094 2103 3148 que
2172 3085 2606 3154 magnitudinem
2658 3105 2982 3161 agnoscere,
3035 3097 3209 3153 satius
3267 3102 3577 3158 existimavi

1997 3175 2239 3232 scribere
2279 3178 2503 3244 iterum,
2543 3181 2860 3253 silentiique
2903 3202 3125 3243 causam
3162 3198 3223 3243 ut
3254 3191 3456 3247 doceas
3489 3210 3580 3248 ro-

307 3271 449 3340 πῆς.
484 3271 573 3341 Τῷ
604 3272 719 3325 ὄντι
750 3273 860 3345 γὰρ
889 3274 990 3327 οὐκ
1018 3251 1135 3328 οἶδά
1162 3292 1216 3328 τι
1255 3251 1657 3347 πλημμελήσας
1685 3251 1764 3340 είς
1795 3276 1895 3346 τὴν

2000 3281 2145 3335 gare.
2194 3268 2406 3323 Revera
2452 3271 2599 3324 enim
2653 3275 2917 3332 adversus
2967 3280 3430 3349 magnificentiam
3482 3301 3578 3341 ve-

307 3360 590 3432 ὖμετέραν
614 3362 1109 3435 μεγαλοπρέπειαν.
1139 3363 1356 3433 Ἐπειδὴ
1384 3364 1443 3416 δὲ
1464 3366 1526 3418 οὐ
1558 3367 1717 3434 μόνον
1740 3365 1892 3418 ἐκόν-

302 3470 426 3516 τες,
455 3453 592 3506 ἀλλὰ
618 3454 710 3506 καὶ
738 3454 963 3519 ἄκοντες
992 3453 1281 3524 πταίομεν,
1305 3457 1397 3509 καὶ
1423 3455 1723 3526 ἀγνοοῦμεν
1744 3455 1890 3507 ἔστιν

302 3542 399 3595 ὅτε
451 3541 488 3596 ἃ
520 3542 974 3615 πλημμελοῦμεν,
1026 3546 1059 3615 ή
1093 3545 1337 3616 ὑμετέρα
1379 3546 1737 3616 μεγαλοφυῒα,
1780 3545 1890 3600 τῶν

302 3631 475 3685 θείων
506 3635 688 3704 νόμων
746 3636 1191 3704 ἀναμνησθεῖσα,
1236 3635 1285 3691 οἶ
1331 3637 1632 3709 διαρρήδην
1681 3654 1891 3708 παρεγ-

300 3721 538 3791 γνῶσιν,
577 3741 596 3773 ι
622 3722 744 3777 Ἐὰν
767 3725 986 3795 ἁμάρτῃ
1020 3725 1052 3776 ὁ
1077 3724 1302 3793 ἀδελφός
1330 3743 1423 3778 σου
1456 3727 1534 3788 είς
1568 3720 1649 3790 σὲ,
1674 3722 1889 3794 ἔλεγξον

300 3814 475 3868 αὐτὸν
512 3815 715 3884 μεταξὺ
757 3816 850 3869 σοῦ
886 3816 1045 3887 μόνον
1072 3818 1166 3870 καὶ
1196 3817 1384 3881 αὑτοῦ,
1410 3837 1428 3870 ι
1464 3817 1630 3888 δήλην
1667 3835 1759 3887 μοι
1786 3819 1889 3888 τῆς

297 3900 489 3972 λύπης
538 3905 765 3974 ποιῆσαι
823 3904 1220 3971 καταξιωσάτω
1264 3908 1363 3978 τήν
1414 3907 1688 3977 ἀφορμὴν,
1726 3908 1809 3961 ἵνα
1850 3909 1884 3979 ἢ

296 3994 485 4049 ἀθῶον
526 3997 760 4066 ἐμαυτὸν
790 3997 1130 4068 ἐπιδείξω,ἢ
1177 4001 1340 4067 γνοὺς
1388 3999 1449 4052 τὸ
1502 3999 1886 4070 πλημμέλημα

301 4086 642 4158 συγγνώμην
691 4089 923 4158 αἰτήσω.
973 4088 1213 4156 Ἐλπίζω
1244 4091 1303 4144 δέ
1361 4091 1421 4143 τὸ
1455 4090 1721 4162 πρότερον
1769 4090 1887 4142 ἔσε-

300 4176 457 4243 σθαι,
492 4182 558 4249 τῇ
591 4180 683 4233 τοῦ
735 4182 1038 4246 συνειδότος
1096 4182 1372 4255 μαρτυρία
1400 4183 1638 4255 θαρρῶν.
1672 4183 1885 4246 Πάντας

304 4269 410 4339 μὲν
460 4265 554 4324 οὖν
603 4271 926 4343 ἀνθρώπους
975 4275 1008 4346 ή
1075 4274 1448 4346 μεγαλοψυχία
1500 4278 1734 4346 κοσμεῖ,
1787 4277 1884 4347 οὐχ

299 4357 509 4427 ἣκιστα
559 4362 617 4415 δὲ
671 4365 797 4429 τοὺς
854 4364 996 4418 κατὰ
1031 4365 1131 4436 τὴν
1184 4366 1457 4438 ὑμετέραν
1515 4366 1884 4437 μεγαλοφυῖαν

296 4450 401 4504 καὶ
432 4451 524 4506 διὰ
561 4454 662 4520 τῆς
700 4455 938 4527 θύραθεν
976 4458 1225 4521 παιδείας
1259 4458 1615 4529 ἡγουμένους,
1665 4460 1760 4513 καὶ
1812 4458 1883 4513 τὰ

1994 3362 2165 3408 stram
2207 3371 2465 3424 peccasse
2487 3374 2575 3412 me
2600 3362 2898 3432 quidquam
2926 3367 3135 3422 nescio.
3168 3367 3277 3423 Sed
3300 3372 3429 3439 quia
3461 3387 3572 3427 non

1992 3445 2240 3500 volentes
2269 3448 2453 3513 modo,
2480 3450 2578 3505 sed
2608 3453 2858 3509 nolentes
2879 3470 3097 3527 quoque
3119 3458 3378 3524 labimur,
3414 3463 3574 3533 igno-

1990 3550 2285 3606 ramusque
2318 3538 2596 3595 interdum
2626 3542 2683 3597 in
2704 3544 2906 3613 quibus
2930 3546 3325 3617 delinquimus,
3360 3553 3572 3622 magni-

1989 3626 2210 3682 ﬁcentia
2254 3637 2437 3684 vestra
2491 3631 2803 3688 divinarum
2846 3652 3059 3692 memor
3109 3639 3313 3711 legum,
3359 3644 3452 3713 qui
3480 3646 3571 3701 di-

1990 3728 2137 3774 serte
2167 3722 2529 3792 praecipiunt:
2570 3744 2589 3776 ι
2623 3725 2679 3780 Si
2713 3729 3023 3797 peccaverit
3050 3729 3104 3785 in
3131 3742 3183 3786 te
3217 3732 3390 3788 frater
3415 3743 3565 3802 tuus,

1988 3811 2205 3881 corripe
2228 3827 2354 3866 eum
2391 3813 2536 3868 inter
2565 3823 2618 3869 te
2647 3826 2703 3871 et
2729 3817 2908 3887 ipsum
2931 3821 3107 3875 solum
3147 3822 3217 3889 ⁸³,
3243 3843 3262 3875 ι
3303 3824 3571 3883 molestiae

1988 3914 2209 3955 causam
2234 3902 2371 3957 mihi
2400 3919 2675 3974 exponere
2707 3923 2777 3962 ne
2828 3919 3107 3979 gravetur,
3155 3920 3218 3967 ut
3268 3915 3356 3969 vel
3406 3915 3569 3971 inno-

1988 4003 2206 4048 centem
2239 4010 2360 4051 esse
2382 4012 2470 4052 me
2499 4000 2806 4063 ostendam,
2829 4001 2917 4055 vel
2946 4004 3127 4073 agnita
3160 4005 3321 4074 culpa
3351 4007 3566 4061 veniam

1987 4096 2162 4136 orem.
2192 4083 2514 4155 Quanquam
2538 4088 2695 4157 prius
2724 4088 2860 4144 illud
2897 4091 3143 4147 futurum
3176 4095 3415 4160 confido,
3456 4095 3571 4152 fre-

1986 4181 2077 4228 tus
2112 4177 2468 4231 conscientiae
2491 4179 2826 4234 testimonio.
2857 4181 3028 4235 Porro
3059 4191 3288 4237 cunctos
3314 4184 3569 4240 homines

1987 4278 2111 4318 cum
2159 4274 2320 4319 ornet
2372 4267 2812 4336 magnanimitas,
2861 4275 2976 4323 tum
3007 4271 3131 4324 illos
3161 4273 3417 4337 maxime,
3469 4276 3566 4344 qui

1986 4369 2198 4425 magnae
2218 4363 2326 4410 tua:
2360 4356 2563 4411 indolis
2588 4357 2860 4427 exemplo,
2893 4368 2951 4413 et
2976 4361 3220 4416 externis
3251 4361 3566 4432 disciplinis

1984 4447 2211 4512 exculti,
2233 4456 2291 4502 et
2313 4446 2517 4502 divinis
2537 4446 2765 4512 eruditi,
2783 4449 3118 4518 apostolicae
3143 4450 3291 4519 leges
3311 4451 3564 4513 audiant.

298 4541 425 4596 θεῖα
473 4547 964 4617 πεπαιδευμένους,
998 4550 1094 4602 καὶ
1134 4549 1245 4602 τῶν
1269 4550 1638 4604 ἀποστολικῶν
1657 4550 1878 4605 ἐπαΐονυ
1910 4581 1961 4638 D
1988 4541 2138 4595 Clara
2164 4554 2300 4647 V208
2331 4540 2756 4647 Pronuntiaﬂles
2786 4539 2974 4647 ιιιὲοι
2998 4556 3108 4645 non
3146 4541 3363 4647 occidat

293 4649 400 4698 τας
425 4633 629 4704 νόμων,
651 4636 912 4711 ἄντικρυς
935 4639 1202 4710 βοώντωνο
1228 4660 1247 4693 ι
1272 4640 1364 4711 Μὴ
1393 4641 1656 4694 ἐπιδυέτω
1674 4643 1701 4694 ὁ
1727 4641 1880 4710 ἥλιος

2000 4631 2332 4686 iracundiam
2368 4639 2609 4686 vestram
2624 4631 2669 4664 ⁹⁰
2690 4648 2705 4700 ;
2729 4651 2747 4684 ι
2780 4639 2837 4687 et
2868 4632 3173 4688 Homericae
3199 4634 3491 4697 sententiae
3512 4635 3559 4668 ἰ

294 4724 394 4777 ἐπὶ
439 4724 518 4794 τῷ
566 4728 934 4799 παροργισμῷ
989 4730 1178 4802 ὑμῶν·
1218 4750 1238 4784 ι
1286 4731 1383 4785 καὶ
1424 4731 1532 4785 τῶν
1566 4731 1878 4807 Ὁμηρικῶν

295 4818 684 4887 μεμνημένους
720 4820 881 4877 ἐπῶν.

298 4958 326 5007 -_
340 4964 437 5007 ’.η
480 4968 519 5007 ,⁸
540 4969 579 5007 ._
602 4970 617 4983 .
661 4971 676 4985 .
717 4932 802 5007 ἐζὺ
830 4931 899 4985 δὲ
924 4935 1304 5004 μεγαλήτορα
1335 4940 1528 5007 θυμὸν

299 4990 474 5057 ’Ἴσκε
493 4998 584 5053 ἐνί
615 4990 940 5066 στήθεσσιῖ
966 4990 1393 5075 φῖλοςρροῦνύνη
1557 5009 1834 5079 ἀμείνων.

1985 4724 2362 4779 meminerint.

2195 4973 2208 4985 .
2249 4969 2264 4984 .
2295 4969 2317 4984 .
2364 4971 2377 4986 .
2414 4970 2429 4984 .
2464 4930 2539 4985 Tu
2565 4933 2745 5002 magni
2764 4933 2985 5001 pectoris
3015 4933 3156 4988 iram

2092 4999 2409 5071 Comprime,
2441 5017 2566 5055 nam
2590 4999 2814 5072 placida:
2836 5002 3022 5055 melior
3043 5003 3322 5057 clementia
3346 5002 3556 5061 mentis.

370 5097 557 5189 Ταῦτα
580 5107 639 5189 0}
661 5110 723 5161 οὐ
746 5109 1012 5165 διδάσκων
1036 5110 1194 5183 ἔφην,
1215 5114 1331 5167 ἀλλ’
1355 5117 1787 5189 ἀναμιμνήσκων
1814 5123 1874 5174 ἐν

2000 5111 2189 5180 [167
2244 5111 2373 5168 Haec
2393 5120 2577 5167 autem
2637 5128 2749 5167 non
2783 5111 3018 5167 docendi
3051 5113 3235 5168 studio
3265 5113 3404 5182 dixi,
3457 5115 3555 5170 sed

294 5188 517 5251 πολλοῖς
559 5186 725 5243 οὖσαν
762 5203 858 5261 την
897 5204 1172 5274 ὑμετέραν
1225 5186 1703 5276 μεγαλοπρέπειαν
1728 5226 1742 5240 ο
1781 5213 1876 5264 καὶ

2000 5213 2035 5256 ιι
2087 5204 2508 5273 magnificentiae
2554 5212 2662 5259 tua:
2694 5204 2750 5257 in
2785 5204 2973 5259 multis
2996 5213 3276 5275 occupatae
3300 5219 3554 5259 revocem

296 5278 488 5351 μέντοι
529 5282 625 5334 καὶ
659 5280 765 5334 τῶν
795 5281 891 5336 τοῦ
947 5286 1151 5355 Κυρίηυ
1180 5298 1528 5367 μεμνημένος
1566 5300 1770 5370 νόμων,
1821 5301 1871 5354 οἳ

2000 5311 2030 5348 n
2056 5294 2401 5357 memoriam,
2430 5310 2556 5349 cum
2585 5294 2801 5349 Domini
2824 5310 3044 5366 quoque
3072 5296 3254 5365 legum
3280 5295 3466 5349 veniat
3495 5294 3555 5348 in

290 5370 471 5426 ταῦτα
516 5372 962 5444 διαγορεύουσινσ
1018 5395 1039 5428 ι
1090 5377 1215 5431 Ἐὰν
1244 5391 1556 5463 προσφέρῃς
1597 5392 1659 5446 τὸ
1696 5393 1870 5465 δῶρόν

2000 5393 2237 5449 nentem,
2284 5400 2407 5455 qua:
2460 5385 2564 5440 ista
2613 5385 2982 5456 praecipiunt:
3019 5404 3036 5438 ι
3065 5385 3122 5440 Si
3164 5384 3332 5439 offers
3353 5398 3555 5438 munus

291 5476 392 5512 σου
425 5460 520 5514 ἐπὶ
554 5461 616 5515 τὸ
646 5462 1049 5536 θυσιαστήριον,
1083 5467 1246 5520 κάκεῖ
1274 5460 1524 5540 μνησθῇς
1549 5473 1634 5525 ὅτι
1664 5460 1786 5545 Exu-
1810 5501 1865 5538 τι

286 5552 318 5604 ὁ
354 5548 582 5619 ἀδελφός
622 5568 715 5605 σου
769 5553 913 5607 κατὰ
956 5553 1072 5617 σοῦ,
1098 5555 1234 5624 ἄφες
1287 5559 1405 5611 ἐκεῖ
1448 5561 1509 5614 τὸ
1553 5561 1725 5635 δῶρόν
1772 5585 1901 5641 σουι

287 5637 605 5711 ἔμπροσθεν
652 5639 748 5693 τοῦ
783 5640 1194 5714 θυσιαστηρίου,
1244 5645 1340 5699 καὶ
1381 5645 1596 5718 ὕπαγε,
1649 5654 1867 5724 πρῶτον

1978 5486 2134 5533 tuum
2158 5477 2225 5533 ad
2259 5477 2450 5538 altare.
2481 5485 2540 5531 et
2564 5477 2642 5532 ibi
2669 5477 2991 5533 recordatus
3009 5476 3201 5540 fueris,
3218 5473 3364 5545 quod
3383 5472 3556 5528 frater

1978 5579 2105 5622 tuus
2133 5569 2335 5623 habeat
2369 5568 2575 5638 aliquid
2612 5568 2905 5624 adversum
2942 5575 3015 5631 te,
3042 5566 3293 5634 relinque
3322 5563 3398 5617 ibi
3430 5577 3553 5616 mu-

1976 5675 2082 5713 nus
2135 5665 2290 5714 tuum
2345 5667 2471 5715 ante
2519 5661 2710 5726 altare,
2754 5669 2808 5713 et
2848 5657 2985 5713 vade
3020 5655 3177 5727 prius
3205 5651 3551 5710 reconciliari

354 5816 402 5848 θ’
420 5814 610 5871 Matth.
634 5833 781 5882 mu,
803 5819 888 5873 l5.
964 5819 1010 5851 ’°
1032 5819 1232 5890 Ephes.
1260 5838 1330 5887 tv,
1362 5823 1451 5879 26.
1528 5828 1570 5859 ’ί
1601 5826 1756 5886 lllad.
1796 5848 1830 5887 ι.
1862 5830 1985 5888 256.

656 5935 928 5995 Parnm.
969 5934 1060 5995 Gn
1074 5981 1087 5995 .
1129 5937 1450 6003 LXXXIII.

3109 5952 3180 6008 ιι
