4056 6438
435 447 559 512 1'29!

1438 450 1929 513 THEODORETI
1964 448 2305 510 EPISCOPI
2347 452 2712 511 CYRENSIS

3572 450 3716 517 1‘29?

434 562 601 619 fratri
626 574 747 626 tuo,
780 574 833 619 et
855 573 985 619 tunc
1015 565 1243 618 veniens
1265 560 1464 619 offeres
1494 580 1698 619 munus
1728 574 1885 620 tuum
1917 563 1984 615 θ’.
2007 580 2026 613 ι

2142 564 2463 635 διαλλάγηθι
2509 566 2586 636 τῷ
2634 562 2850 635 ἀδελφῷ
2880 582 2998 629 σου,
3040 563 3134 618 καὶ
3176 564 3297 619 τότε
3345 562 3514 621 ἐλθὼν
3543 583 3721 639 προσ-
3785 592 3793 598 ’

433 655 535 711 llis
587 659 920 728 obsequens,
953 665 1386 711 consentaneum
1427 657 1559 712 duxi
1584 656 1750 713 etiam
1784 672 1882 727 per
1919 656 2032 710 Deo

437 746 504 800 ch
518 747 803 805 arissimos
823 748 1115 817 episcopos
1137 747 1573 818 magnitudinem
1594 755 1742 802 tuam
1766 747 2029 810 salutare,

440 848 501 894 et
540 855 701 895 orare
741 849 802 894 ut
833 839 1040 909 quietis
1071 839 1445 894 Ecelesiarum
1468 855 1659 895 curam
1691 849 1866 911 gerat.
1902 838 2031 892 Flu-

441 932 631 989 (tibus
652 931 802 987 enim
833 932 1255 1003 quamplurimis
1289 932 1523 1003 oppletae
1560 942 1711 987 sunt.

790 1137 998 1195 XCVII.
1024 1168 1094 1177 —-
1112 1141 1130 1158 ‘
1182 1135 1436 1208 Sporacio
1494 1134 1717 1190 romili.‘

518 1254 876 1309 Delectarunt
920 1267 1005 1306 me
1033 1251 1232 1306 litterae
1261 1248 1678 1320 magnificentiae
1708 1255 1813 1303 tuae
1839 1265 1851 1301 :
1881 1248 2033 1302 auxit

448 1363 582 1403 vero
597 1346 842 1402 laetitiam
865 1346 977 1399 Deo
995 1342 1352 1398 charissimus
1369 1340 1651 1412 presbyter
1665 1348 1720 1395 et
1735 1338 2037 1394 monachus

450 1439 808 1503 .lamblichus,
823 1437 1103 1492 ardentem
1123 1435 1299 1489 zelum
1315 1441 1557 1488 vestrum
1573 1446 2033 1497 commemorans,

450 1540 507 1584 ct
553 1530 796 1585 studium
826 1544 1008 1583 rerum
1034 1526 1368 1587 divinarum,
1393 1532 1449 1578 et
1475 1525 1747 1579 sinceram
1773 1538 1903 1594 erga
1933 1537 2035 1577 nos

450 1621 915 1678 benevolentiam.
941 1620 1056 1690 Ego
1080 1633 1234 1681 vero,
1258 1617 1345 1671 his
1357 1615 1582 1679 auditis,
1606 1614 1881 1684 simulque
1897 1630 2038 1684 quos

452 1729 553 1783 pro
597 1711 758 1768 nobis
810 1711 1029 1766 labores
1052 1709 1321 1764 sustineat
1343 1706 1772 1777 gloriosissimus
1796 1705 2037 1761 Christi-

450 1821 558 1876 que
610 1820 801 1860 amans
844 1803 1105 1858 dominus
1158 1799 1445 1864 Patricius,
1494 1798 1850 1869 apostolicam
1880 1797 2038 1853 vobis

452 1896 896 1951 benedictionem
956 1893 1198 1964 profero,
1234 1906 1400 1963 quam
1426 1891 1624 1945 beatus
1658 1890 2038 1960 Onesiphorus

449 2004 483 2041 a
506 1994 693 2041 sancta
720 1985 809 2040 illa
830 1985 1015 2056 lingua
1047 1983 1348 2054 reportavit
1377 2001 1389 2036 :
1428 2003 1446 2034 ‹
1472 1984 1576 2038 Det
1599 1982 2035 2038 misericordiam

451 2078 717 2134 Dominus
768 2076 977 2146 (domui
1021 2073 1262 2145 vestrae),
1303 2074 1435 2144 quia
1478 2089 1621 2144 saepe
1668 2088 1755 2128 me
1805 2073 2035 2144 refrige-

454 2171 616 2235 ravit,
670 2178 728 2227 et
778 2177 1029 2225 catenam
1067 2182 1245 2221 meam
1284 2182 1395 2220 non
1433 2166 1675 2221 erubuit.
1732 2166 1834 2220 Det
1881 2167 2039 2222 vobis

451 2264 717 2319 Dominus
743 2261 991 2317 invenire
1014 2258 1449 2314 misericordiam
1488 2273 1523 2314 a
1563 2258 1797 2312 Domino
1837 2258 1894 2313 in
1946 2258 2039 2314 illa

451 2355 541 2410 dic
564 2355 629 2408 ³³.
671 2374 689 2406 ι
731 2354 858 2409 Haec
880 2352 1038 2407 vobis
1062 2360 1282 2421 exopto,
1310 2350 1441 2405 licet
1483 2349 1787 2418 majoribus
1813 2364 1900 2405 me
1944 2366 2040 2405 ve-

452 2448 632 2503 ritatis
672 2448 861 2502 hostes
892 2445 1154 2501 aerumnis
1203 2444 1420 2515 1168
1472 2440 1780 2514 implicent,
1823 2453 1884 2500 ut
1937 2460 2041 2514 pu-

453 2546 589 2593 tant.
647 2536 997 2607 Propositum
1048 2535 1198 2591 enim
1254 2541 1311 2589 et
1339 2542 1581 2589 mentem
1617 2542 1867 2604 spectare
1890 2533 2037 2589 didi-

450 2629 645 2684 cimus.
701 2629 816 2683 Hoc
876 2642 1009 2682 vero
1057 2635 1236 2681 ratum
1269 2626 1435 2680 etiam
1479 2626 1680 2681 habeat
1718 2626 2038 2697 magnitudo

447 2730 652 2785 vestra,
709 2720 871 2774 nobis
898 2717 1357 2790 jucundissimam
1381 2732 1503 2772 esse
1532 2718 1881 2788 conjunctam
1909 2733 2037 2772 cum

448 2815 653 2883 pietate
702 2820 937 2866 mortem
982 2818 1040 2865 et
1089 2810 1311 2864 ultimas
1366 2824 1493 2864 oras
1526 2815 1821 2864 terrarum.
1874 2808 2040 2880 Angit

449 2914 632 2959 tamen
662 2918 764 2959 nos
788 2902 1049 2957 Ecclesia
1074 2909 1396 2970 tempestas,
1428 2915 1593 2970 quam
1626 2899 1820 2956 sedare
1854 2907 2039 2972 potest

448 2993 714 3049 Dominus
746 2992 1147 3047 universorum.

913 3195 1144 3251 XCVIII.
1163 3193 1572 3250 —-Panchario.

521 3310 790 3380 Angimur
850 3324 963 3363 nos
1014 3307 1237 3379 quidem
1300 3308 1675 3363 Ecclesiarum
1736 3308 2033 3378 procellam
2063 3297 2104 3353 (Ζ

452 3411 786 3457 cernentes:
832 3401 1032 3455 harum
1088 3410 1270 3456 autem
1322 3400 1590 3456 Dominus
1614 3411 1671 3455 ct
1699 3401 2037 3471 gubernator

452 3509 551 3561 per
579 3492 916 3547 dccumanos
942 3490 1142 3548 fluctus
1175 3492 1499 3562 sapientiam
1522 3508 1676 3547 suam
1703 3493 2036 3563 potentiam—

450 3601 565 3655 que
606 3584 930 3639 hominibus
981 3585 1292 3653 patefacere
1342 3585 1502 3639 solet.
1554 3585 1843 3655 Exlemplo
1889 3586 2039 3640 enim

448 3684 643 3732 ventos
674 3677 945 3745 increpat,
970 3683 1027 3730 et
1048 3676 1503 3745 tranquillitatem
1535 3676 1666 3731 facit
1691 3676 1736 3708 π
1765 3696 1777 3729 :
1814 3676 1962 3747 quod
1984 3687 2040 3732 et

450 3769 505 3821 in
539 3767 911 3836 apostolorum
936 3768 1153 3837 navigio
1176 3769 1449 3837 praestitit.
1486 3770 1877 3824 Verumtamen
1910 3785 2036 3825 cum

449 3860 591 3914 hanc
618 3858 917 3913 Salvatoris
962 3859 1136 3914 nostri
1173 3861 1475 3930 potentiam
1534 3876 1645 3915 non
1697 3860 2035 3931 ignoremus,

446 3956 504 4003 et
534 3949 673 4003 alias
692 3949 812 4018 ejus
860 3948 1302 4019 dispensationes
1350 3958 1666 4020 perspectas
1712 3951 2035 4017 habeamus,

448 4040 491 4093 si
514 4040 651 4111 quid
679 4041 895 4096 adversi
935 4042 1248 4113 contigerit,
1275 4043 1506 4113 gratiam
1532 4042 1827 4109 habemus,
1845 4052 1901 4099 et
1923 4052 2039 4098 tan-

447 4148 615 4202 quam
658 4148 688 4187 a
738 4133 853 4188 Deo
902 4132 1091 4189 datum
1139 4149 1340 4187 munus
1383 4134 1715 4206 accipimus.
1741 4137 2037 4192 Praesentia

446 4227 718 4296 siquidem
765 4228 1073 4297 aspernari,
1102 4236 1159 4283 et
1200 4244 1321 4297 qua:
1343 4240 1637 4299 sperantur
1656 4231 1803 4287 bona
1835 4247 2037 4302 exspe-

445 4325 598 4370 ctare
651 4315 969 4370 didicimus.
1030 4315 1488 4387 Magnificentiam
1538 4334 1703 4390 porro
1760 4329 1909 4377 tuam
1965 4324 2035 4378 ad

446 4408 759 4476 apostolica:
808 4408 934 4463 ﬁdei
973 4408 1351 4465 defensionem
1397 4412 1641 4467 studium
1683 4428 1843 4468 suum
1899 4430 2037 4471 con~

444 4502 589 4553 terre
640 4499 921 4563 convenit,
978 4507 1039 4554 ut
1086 4501 1207 4570 ejus
1260 4504 1761 4558 remunerationem
1814 4503 2037 4560 abuni-

443 4604 726 4644 versorum
759 4591 873 4645 Deo
902 4602 1295 4661 consequatur.

722 4706 907 4761 XCIX.
924 4738 993 4746 -—
1008 4708 1307 4762 Claudiano
1324 4712 1743 4780 antigraphario-

511 4824 684 4888 Quam
721 4823 1008 4878 manifesta
1030 4823 1103 4878 sit
1123 4822 1420 4887 calumnia,
1463 4839 1584 4892 quas
1616 4823 1671 4877 in
1698 4840 1801 4879 nos
1829 4826 2033 4896 jactata

441 4921 546 4978 est,
598 4923 746 4969 tuam
789 4927 1009 4983 quoque
1053 4912 1540 4984 magnificentiam,
1578 4913 1708 4969 licet
1738 4916 2030 4972 nobiscum

442 5004 687 5061 nondum
716 5007 786 5061 sit
810 5019 1123 5075 congressa,
1156 5018 1319 5057 nosse
1344 5003 1604 5058 arbitror.
1640 5006 1655 5024 '
1696 5005 1848 5075 Saepe
1878 5008 2027 5061 enim

440 5109 542 5150 nos
571 5096 625 5149 in
668 5093 901 5151 ecclesia
938 5094 1278 5148 disserentes
1301 5093 1534 5158 audivit,
1565 5109 1691 5149 cum
1727 5111 1897 5150 unum
1921 5097 2026 5153 Βο-

444 5188 654 5242 miuum
700 5195 953 5242 nostrum
998 5185 1186 5240 Jesum
1236 5185 1519 5240 Christum
1572 5186 2025 5256 praedicaremus,

440 5288 515 5345 et,
549 5296 671 5349 quae
721 5279 777 5332 in
805 5293 872 5332 eo
898 5276 1224 5341 divinitatis,
1261 5292 1493 5347 quaeque
1524 5279 1888 5337 humanitatis
1918 5283 2029 5339 sint

438 5373 663 5439 prepria
709 5369 1148 5424 ostenderemus.
1206 5371 1399 5440 Neque
1429 5371 1577 5426 enim
1620 5373 1677 5426 in
1709 5373 1853 5429 duos
1882 5374 2028 5431 filios

440 5474 615 5515 unum
645 5459 966 5525 dividimus,
1006 5460 1101 5514 sed
1133 5476 1305 5515 unum
1331 5461 1684 5532 Unigenitum
1707 5464 2026 5530 adorantes,

2061 4642 2112 4701 D

2140 658 2330 730 φέρεις
2355 658 2417 711 τδ
2435 658 2611 729 δῶρόν
2642 676 2757 713 σου.
2793 678 2811 710 ι
2847 658 3071 723 Τούτοις
3101 659 3389 730 ἑπόμενος,
3421 661 3723 729 ἀναγκαῖον

2138 749 2327 823 ᾠήθην
2354 751 2449 803 καὶ
2477 750 2567 805 διὰ
2609 750 2719 805 τῶν
2746 751 3179 821 θεοφιλεστάτων
3210 753 3525 807 ἐπισκόπων
3553 770 3725 823 προσ-ν

2139 841 2316 892 ειπεῖν
2346 840 2503 911 ὑμῶν
2528 841 2590 894 τὸ
2617 842 2871 912 μέγεθος,
2895 843 2992 896 καὶ
3022 844 3408 914 παρακαλέσαι
3440 846 3724 916 φροντίσαι

2135 927 2238 996 τῆς
2276 926 2385 980 τῶν
2424 929 2762 1000 Ἐκκλησιῶν
2809 932 3077 1003 γαλήνης.
3113 934 3448 1006 Παμπόλλης
3487 936 3598 1007 γὰρ
3629 937 3724 989 ὲν-

2138 1019 2277 1091 επλή
2287 1018 2496 1091 σθησαν
2527 1021 2721 1093 ζάλης,

2449 1139 2561 1204 ιιΖο.
2594 1169 2666 1178 —-
2700 1141 3009 1207 Σπορακίῳ
3038 1141 3246 1210 κὸμητι
3277 1140 3410 1212 (62).

2223 1246 2656 1320 Ἐψυχαγώγησέ
2689 1268 2757 1319 με
2795 1251 2897 1320 τῆς
2939 1253 3213 1322 ὑμετέρας
3248 1253 3731 1324 μεγαλοπρεπείας

2139 1338 2205 1391 τά
2229 1339 2567 1408 γράμματα’
2609 1338 2813 1410 ηὔξησε
2845 1340 2902 1393 δέ
2958 1359 3059 1412 μου
3105 1341 3203 1412 τὴν
3249 1342 3514 1414 θυμηδίαν
3559 1346 3653 1398 καὶ
3698 1348 3729 1399 6

2142 1429 2557 1498 θεοφιλέστατος
2586 1432 2962 1503 πρεσϐύτερος
2993 1422 3087 1486 καὶ
3116 1433 3363 1502 μονάζων
3397 1436 3734 1507 Ἰάμϐλιχος,.

2140 1523 2231 1575 τὸν
2267 1522 2470 1594 θερμὸν
2500 1523 2654 1593 ὑμῶν
2683 1523 3092 1595 διηγησάμενος
3124 1524 3306 1595 ζῆλον,
3340 1528 3435 1579 καὶ
3470 1526 3565 1596 τὴν
3597 1527 3729 1598 περὶ

2140 1612 2210 1666 τά
2237 1613 2356 1666 θεῖα
2387 1614 2647 1686 σπουδὴν,
2684 1614 2780 1668 καὶ
2815 1614 2914 1685 τὴν
2956 1616 3083 1686 περὶ
3113 1616 3261 1687 ἡμᾶς
3283 1617 3513 1687 γνησίαν
3547 1617 3727 1671 διάθε-

2144 1720 2248 1758 σιν.
2293 1704 2435 1772 Ἐγὼ
2465 1704 2518 1759 δὲ
2547 1705 2641 1759 καὶ
2674 1705 2847 1759 ταῦτα
2886 1706 3093 1777 μαθὼν,
3125 1709 3219 1761 καὶ
3246 1707 3340 1761 τοῦ
3378 1708 3722 1776 ὲνδοξοτάτου

2144 1795 2239 1848 καὶ
2297 1796 2647 1867 φιλοχρίστου
2689 1798 2884 1870 κυρίου
2931 1798 3025 1852 τοῦ
3074 1800 3374 1872 Πατρικίου
3405 1801 3529 1865 τοὺς
3581 1802 3727 1870 ὑπὲρ

2144 1884 2302 1957 ἡμῶν
2327 1885 2544 1953 ἀγῶνας
2569 1887 2806 1954 ἀκούων,
2852 1887 2951 1960 τὴν
3001 1889 3372 1960 ἁποστολικὴν
3407 1891 3536 1960 ὑμῖν
3571 1890 3735 1943 εὐλο-

2143 1975 2270 2045 γίαν
2312 1978 2631 2051 προσφέρω,
2663 1980 2730 2052 ἣν
2763 1982 2791 2033 6
2833 1981 3105 2052 μακάριος
3145 1982 3498 2055 Ὀνησιφόρος
3528 1984 3593 2037 ὲκ
3628 1984 3737 2052 τῆς

2144 2066 2309 2136 ἁγίας
2357 2069 2573 2140 ἐκείνης
2615 2070 2980 2142 ἐκαρπώσατο
3026 2072 3310 2144 γλώσσης·
3365 2094 3382 2124 ι
3421 2073 3542 2144 Δῴη
3580 2073 3737 2136 ἕλεος

2145 2158 2352 2229 Κύριος
2374 2159 2472 2230 (τῷ
2497 2161 2750 2232 ὑμετέρῳ
2773 2162 2953 2233 οἴκῳ),
2979 2165 3062 2217 ὅτι
3095 2164 3353 2227 πολλάκις
3382 2182 3447 2235 με
3474 2164 3737 2235 ἀνέψυξε,

2145 2250 2241 2303 καὶ
2272 2251 2373 2322 τὴν
2398 2250 2586 2307 ἅλυσίν
2615 2270 2716 2323 μου
2745 2254 2847 2309 οὐκ
2880 2255 3196 2327 ἐπῃσχύνθη
3215 2273 3229 2285 ⁸
3257 2256 3366 2327 δῴη
3402 2257 3530 2325 ὑμῖν
3558 2260 3587 2311 6
3615 2257 3737 2311 Κύ-

2147 2358 2263 2413 ριος
2295 2341 2444 2407 ἔλεος
2470 2344 2650 2414 εὑρεῖν
2676 2348 2829 2418 παρὰ
2856 2348 3061 2418 Κυρίου
3098 2350 3156 2401 ὲν
3186 2349 3367 2422 ἐκείνῃ
3398 2352 3464 2422 τῇ
3487 2351 3690 2422 ἡμέρᾳ.
3708 2370 3732 2403 ο

2145 2436 2334 2491 Ταῦτα
2391 2440 2521 2510 ὑμῖν
2551 2441 2877 2512 ἐπεύχομαι,
2930 2447 3035 2497 κᾶν
3081 2444 3322 2514 μείζοσιν
3366 2448 3415 2499 οί
3460 2447 3563 2517 τῆς
3594 2447 3733 2516 άλη-

2146 2529 2299 2594 θείας
2328 2531 2516 2602 ὲχθροὶ
2561 2535 2935 2604 περιδάλλωσί
2968 2554 3035 2608 με
3062 2536 3350 2609 λυπηροῖς,
3376 2539 3450 2603 ὡς
3475 2539 3735 2609 νομίζους-

2148 2640 2253 2676 σιν.
2288 2624 2381 2685 Εἰς
2414 2624 2522 2695 γὰρ
2555 2626 2655 2696 τὴν
2679 2628 2941 2698 πρόθεσιν
2971 2630 3182 2701 άφορᾷν
3211 2630 3594 2702 ἐδιδάχθημεν.
3621 2633 3735 2687 Καὶ

2144 2713 2300 2767 τοῦτο
2329 2713 2384 2766 δὲ
2412 2716 2545 2768 ἵστω
2572 2717 2725 2786 ὑμῶν
2763 2718 2824 2773 τὸ
2857 2719 3108 2789 μέγεθος,
3146 2721 3220 2785 ὡς
3256 2722 3398 2792 μετὰ
3444 2724 3543 2792 τῆς
3573 2723 3735 2776 εύσεο

2146 2802 2301 2867 ϐείας
2347 2805 2442 2857 καὶ
2488 2807 2516 2857 6
2559 2804 2788 2870 θάνατος
2832 2809 2967 2878 ἡμῖν
3003 2808 3241 2878 ἥδιστος,
3288 2810 3380 2864 καὶ
3430 2813 3486 2864 αἱ
3521 2811 3618 2883 τῆς
3654 2815 3738 2865 ol-

2144 2895 2424 2967 κουμένης
2463 2896 2733 2967 ἐσχατιαί.
2795 2899 2946 2970 ’Λνιᾷ
2999 2900 3056 2954 δὲ
3088 2902 3240 2972 ὅμως
3278 2904 3425 2973 ἡμᾶς
3456 2903 3566 2955 τῶν
3605 2902 3737 2956 Ἐκὸ

2148 2987 2388 3059 κλησιῶν
2424 2990 2452 3041 6
2511 2989 2750 3060 χειμὼν,
2799 2991 2859 3044 ὃν
2910 2993 3137 3057 δυνατὸς
3175 2992 3335 3048 λῦσαι
3385 2992 3494 3047 τῶν
3533 2993 3673 3049 ὅλων
3705 2997 3741 3050 ὁ

2145 3077 2382 3151 Κύριος.

2650 3198 2769 3263 ῌΡ.
2800 3229 2871 3236 ——
2901 3201 3237 3267 Παγχσρίῳ.

2223 3303 2412 3380 Ἡμεῖς
2463 3310 2561 3379 μὲν
2596 3309 2877 3379 ἀνιώμεθα
2920 3311 3029 3365 τῶν
3074 3311 3415 3382 Ἐκκλησιῶν
3461 3312 3553 3365 τὸν
3603 3312 3739 3365 κλύ-

2143 3400 2286 3454 δωνα
2321 3400 2642 3471 βλέποντες⁹
2677 3401 2704 3453 6
2736 3402 2792 3455 δὲ
2829 3402 3039 3457 τούτων
3081 3403 3362 3473 Δεσπότης
3405 3404 3501 3456 καὶ
3527 3402 3736 3473 κυϐερ-

2142 3494 2312 3562 νήτης
2339 3493 2426 3545 ἀεὶ
2454 3492 2541 3546 διὰ
2577 3493 2887 3562 τρικυμιῶν
2919 3493 3086 3557 ἔδειξε
3126 3497 3237 3558 τοῖς
3280 3492 3590 3564 ἀνθρώποις
3630 3497 3737 3564 τὴν

2141 3585 2351 3638 οἰκείαν
2388 3584 2582 3654 σοφίαν
2619 3585 2712 3637 καὶ
2740 3584 2996 3655 δύναμιν.
3037 3585 3329 3655 Ἐξαίφνης
3361 3585 3470 3657 γάρ
3501 3587 3740 3656 ἐπιτιμᾷ

2141 3678 2253 3739 τοῖς
2277 3677 2528 3744 ἀνέμοις,
2557 3677 2652 3729 καὶ
2690 3677 2788 3747 τὴν
2813 3676 3058 3748 γαλήνην
3095 3677 3427 3748 ἐργάζεται·
3473 3677 3631 3730 τοῦτο
3674 3677 3735 3729 δὲ

2142 3768 2237 3822 καὶ
2264 3768 2374 3838 (65)
2403 3769 2498 3822 ἐπὶ
2535 3768 2626 3822 τοῦ
2654 3769 2901 3839 σκάφους
2924 3769 3035 3823 τῶν
3057 3771 3376 3824 ἀποστόλων
3405 3770 3734 3841 πεποίηκεν.

2152 3862 2295 3916 Ἀλλ’
2326 3863 2478 3933 ὅμως
2510 3862 2605 3915 καὶ
2645 3862 2850 3930 ταύτην
2883 3862 2979 3916 τοῦ
3023 3862 3276 3933 Σωτῆρος
3311 3862 3469 3933 ἡμῶν
3500 3863 3597 3934 τὴν
3639 3863 3738 3916 δύ-

2140 3971 2305 4025 ναμιν
2336 3955 2711 4025 ἐπιστάμενοι,
2742 3956 2836 4008 καὶ
2864 3954 2961 4017 τάς
2998 3953 3165 4018 ἄλλας
3196 3954 3362 4009 αὑτοῦ
3400 3955 3561 4009 πάλιν
3588 3956 3740 4008 οἰκο-

2141 4047 2335 4117 νομίας
2374 4046 2596 4109 εἰδότες,
2639 4047 2741 4100 κᾶν
2786 4064 2836 4099 τι
2889 4044 2999 4100 τῶν
3047 4046 3308 4100 ἐναντίων
3355 4046 3490 4116 ἐκϐῇ
3516 4086 3530 4106 ,
3567 4046 3736 4116 χάριν

2139 4135 2530 4207 ὁμολογοῦμεν,
2552 4135 2647 4189 καὶ
2671 4135 2748 4200 ὡς
2774 4135 3053 4188 θεόσδοτον
3082 4136 3350 4205 δεχόμεθα
3379 4135 3574 4205 δῶρον.
3608 4135 3739 4189 Τῶν

2139 4227 2248 4298 γὰρ
2304 4226 2591 4297 παρόντων
2641 4227 3027 4296 καταφρονεῖν,
3083 4224 3154 4279 τὰ
3192 4225 3249 4278 δὲ
3301 4226 3737 4296 προσδοκώμενα

2141 4318 2473 4389 προσμένειν
2523 4316 2888 4385 ἐδιδάχθημεν
2922 4315 3123 4383 ἀγαθά.
3169 4316 3282 4387 Τὴν
3311 4317 3369 4369 δὲ
3422 4318 3521 4386 σὴν
3557 4333 3739 4385 μεγα-

2138 4410 2471 4479 λοπρέπειαν
2502 4409 2602 4476 τὴν
2647 4409 2786 4479 ὑπὲρ
2814 4409 2911 4477 τῆς
2960 4408 3325 4477 ἀποστολικῆς
3354 4409 3587 4470 πίστεως
3616 4409 3735 4460 εἰσ-

2139 4504 2388 4568 ενεγκεῖν
2439 4502 2707 4571 προσήκει
2767 4499 3035 4569 σπουδὴν,
3081 4500 3168 4553 ἵνα
3205 4498 3304 4570 τὴν
3357 4500 3497 4553 ύπὲο
3525 4499 3735 4569 ταύτης

2140 4594 2407 4648 ἀντίδοσιν
2440 4593 2592 4665 παρὰ
2623 4593 2758 4646 Θεοῦ
2786 4592 2896 4645 τῶν
2919 4592 3057 4645 ὅλων
3086 4591 3402 4663 κομίσηται.

2420 4705 2540 4774 ιιθι.
2571 4736 2641 4748 -——
2676 4704 3034 4771 Κιλαυδιανῷ
3064 4706 3425 4774 ἀντιγραφεί

2206 4817 2374 4893 Οἶμαι
2416 4821 2511 4874 καὶ
2554 4821 2650 4890 τὴν
2688 4820 2785 4889 σὴν
2816 4819 3013 4895 εἰδέναι
3068 4819 3567 4890 μεγαλοπρέπειαν,
3597 4818 3730 4872 καί·

2134 4932 2217 4967 τοι
2259 4912 2484 4985 μηδέπω
2516 4912 2880 4982 συναφθείσαν
2908 4914 3062 4983 ἡμῖν,
3094 4912 3193 4981 τῆς
3225 4909 3348 4966 καθ’
3378 4909 3535 4979 ἡμῶν
3562 4926 3734 4977 γεγε-

2137 5005 2381 5075 νημένης
2417 5003 2788 5072 συκοφαντίας
2833 5003 2895 5056 τὸ
2945 5001 3245 5073 προφανές.
3297 4990 3725 5061 Πολλάκιειγᾶρ

2137 5096 2297 5167 ἡμῶν
2337 5098 2396 5148 ὲν
2440 5094 2709 5166 ἐκκλησία
2744 5095 3149 5165 διαλεγομένων
3200 5095 3456 5169 ἀκήκοεν,
3491 5080 3587 5135 καὶ
3624 5083 3729 5135 τὸν

2138 5189 2235 5242 ἓνα
2265 5188 2470 5257 Κύριον
2505 5187 2715 5257 Ἰησοῦν
2744 5170 3622 5263 κηρυττόντων,,μστιτεικνύντων
3651 5175 3728 5249 τιὲ

2136 5297 2197 5333 τε
2227 5280 2327 5349 τῆς
2361 5278 2638 5349 θεότητος,
2676 5278 2746 5332 τά
2771 5295 2828 5330 τε
2864 5260 3434 5349 ςςῇρκτιῆθρωπότητος
3485 5264 3611 5318 ἴδια.
3642 5266 3723 5317 Οὐ

2137 5371 2247 5441 τὰρ
2274 5373 2355 5434 εἰς
2383 5370 2477 5423 δύο
2507 5351 2916 5443 υξοῂνςσνῖξνα
2956 5356 3295 5428 διαιροῦμεν,
3328 5355 3445 5409 ἀλλ’
3470 5355 3567 5409 ἕνα
3596 5357 3726 5409 Μο-

2138 5447 2814 5527 νογςγῆπρὸσιίυνοῦντες,
2852 5451 3056 5522 σαρκὸς
3080 5450 3175 5504 καὶ
3218 5449 3471 5520 θεότητος
3499 5447 3726 5503 δείκνυ-ε
3772 5516 3775 5517 ν

426 5550 435 5632 Ῐ
529 5593 574 5625 θ’
607 5593 796 5649 Matth.
828 5610 882 5659 v,
911 5594 1001 5657 25,
1033 5594 1123 5648 ει.
1218 5595 1264 5627 νε
1303 5594 1346 5648 n
1389 5594 1630 5649 Timoth.
1662 5612 1699 5659 ι,
1732 5598 1913 5654 16-18.
2016 5599 2035 5630 ο

2143 5594 2281 5650 attli.
2315 5606 2429 5656 vm,
2463 5588 2553 5645 26.

512 5706 622 5790 (σε)
654 5708 993 5793 ἓίοεειηρθμ·
1038 5709 1320 5793 scribitur,
1346 5716 1433 5790 ,ιη
1470 5725 1637 5793 supra
1685 5712 2018 5793 ωηερειοιει

440 5777 632 5845 spuria
659 5777 727 5831 de
755 5777 1030 5839 NestOrio,
1150 5778 1316 5858 1041,
1346 5778 1402 5830 in
1432 5777 1570 5832 actis
1596 5777 1837 5862 Concilif
1858 5784 2021 5838 Chal-

442 5845 633 5897 cedon.
668 5855 726 5898 ut.
754 5863 876 5908 pag.
911 5848 1033 5906 564,
1096 5848 1183 5908 40,
1232 5847 1364 5900 edit.
1419 5848 1589 5901 Mans.
1622 5858 1677 5904 et
1722 5852 1868 5906 alibi.
1905 5853 2021 5908 Sir-

442 5858 633 5897 eeuon.
668 5858 726 5898 ut.
754 5863 876 5915 pag.
911 5858 1033 5906 564,
1060 5858 1183 5909 νου,
1232 5858 1364 5900 edll.
1420 5858 1589 5901 Mans.
1622 5858 1677 5904 et
1722 5858 1868 5906 alibi.
1905 5858 2015 5908 Sir-

448 5914 677 5968 moudus
702 5916 970 5974 habebat:
996 5917 1319 5987 Σφωρακίιρ.
1354 5916 1621 5974 Baronius
1649 5919 1718 5974 ad
1744 5936 1773 5974 a
1797 5921 1860 5978 C.
1892 5922 2015 5989 449,

2126 5712 2221 5767 ubi
2240 5711 2395 5764 hanc
2423 5706 2707 5778 epistolam
2738 5704 2907 5759 latine
2940 5703 3186 5770 exhibet,
3224 5718 3280 5774 p.
3316 5701 3438 5769 109,
3462 5701 3530 5759 ad
3567 5716 3688 5758 mar
3709 5732 3724 5745 -

2126 5782 2310 5851 vinem
2341 5778 2647 5851 Σποραβέφε

2200 5851 2309 5924 (65)
2352 5845 2658 5904 καίειᾱάΜί
2687 5861 2719 5902 e
2746 5845 2915 5915 Neap.
