4056 6420
341 396 482 464 1293

1730 390 2088 452 EPISTOLA
2126 391 2197 451 CI

3468 398 3604 463 1294

342 531 449 585 μεν
471 515 533 565 τδ
556 510 837 579 διάφορον.
855 507 1025 560 Τοῦτο
1052 505 1130 567 δὲ,
1158 504 1233 568 ὡς
1255 502 1426 574 οἶμαι,
1455 503 1609 556 καὶοὶ
1631 501 1923 571 ταἊρείου

2041 501 2249 572 1169
2280 504 2457 558 carnis
2483 514 2539 560 et
2570 504 2876 563 divinitatis
2904 508 3271 566 diﬂerentiam
3320 512 3606 571 docemus.

339 599 675 673 φρονοῦντες
714 596 1056 668 ὁμολογοῦσι,
1094 597 1187 649 καὶ
1232 596 1293 649 οὑ
1343 593 1566 647 καλοῦσι
1609 594 1707 665 τὴν
1752 594 1928 663 σάρκα

340 693 603 762 θεότητα,
636 690 760 743 οὕτε
799 689 904 760 μὴν
928 688 1029 759 τὴν
1070 688 1301 756 θεότητα
1339 687 1515 756 σάρκα
1556 684 1929 758 προσαγορεύ-

339 802 494 839 ουσι.
542 782 741 851 Σαφῶς
783 780 892 853 γὰρ
943 781 1092 850 ήμᾶς
1125 780 1159 850 ή
1199 778 1319 832 θεία
1368 778 1559 847 Γραφὴ
1603 778 1694 831 καὶ
1724 776 1929 846 ταύτην

339 876 614 946 κάκείνην
652 874 895 928 διδάσκει
941 870 1041 942 τὴν
1099 870 1283 939 φύσιν.
1331 870 1471 923 Ἀλλ’
1502 872 1671 939 ὅμως,
1723 870 1930 923 τούτων

334 965 495 1020 οὕτω
536 967 665 1036 παρ’
697 964 854 1035 ήμῶν
890 964 1198 1035 εἰρημένων
1229 964 1335 1026 ἀεὶ,
1370 963 1586 1032 ψευδεῖς
1625 978 1769 1024 τινες
1806 960 1929 1013 καθ’

337 1059 512 1130 ἡμῶν
567 1057 857 1127 ὑφαίνουσι
912 1056 1125 1124 λόγους.
1188 1056 1379 1126 Ἡμεῖς
1428 1055 1484 1108 δὲ
1533 1051 1610 1122 τῷ
1670 1052 1930 1105 συνειδότι

338 1149 706 1222 θαῤῥοῦντες»
745 1148 841 1201 καὶ
883 1147 1136 1218 μάρτυρα
1176 1147 1273 1216 τῆς
1312 1145 1664 1208 διδασκαλίας
1714 1143 1930 1212 ἔχοντες

338 1238 459 1291 τῶν
484 1236 701 1291 ἐννοιῶν
727 1238 817 1289 τὸν
855 1237 1150 1307 Ἐπόπτην,
1196 1236 1341 1290 ἰστὸν
1368 1236 1635 1307 ἀράχνης,
1669 1234 1807 1297 κατά
1834 1233 1929 1288 τὸν

340 1329 667 1399 Προφήτην,
701 1326 1158 1397 ὑπολαμϐάνομεν
1189 1326 1258 1380 τὰ
1281 1328 1380 1396 τῆς
1409 1328 1767 1393 συκοφαντίας
1795 1326 1932 1393 ὑφάς

342 1438 557 1491 σματα.
596 1421 808 1475 Ἐκεῖνο
842 1421 952 1490 γὰρ
1003 1420 1383 1491 προσμένομεν
1415 1420 1479 1474 τὸ
1531 1422 1832 1491 κριτήριον,
1872 1419 1934 1473 τὸ

344 1511 431 1582 μὴ
453 1512 708 1581 δεόμενον
747 1511 941 1580 λόγων,
971 1512 1104 1565 ἀλλὰ
1135 1511 1270 1581 δῆλα
1326 1510 1517 1565 ποιοῦν
1542 1512 1611 1564 τὰ
1641 1510 1783 1573 τέως
1808 1510 1934 1564 λαν-

341 1599 612 1655 θάνοντα.
656 1597 845 1653 Ταῦτα
872 1599 960 1653 διὰ
1005 1598 1113 1653 τῶν
1143 1600 1574 1670 θεοφιλεστάτων
1616 1602 1932 1655 ἐπισκόπων

346 1689 574 1761 γράφω,
625 1688 902 1762 προῦργου
952 1691 1182 1760 νομίσας
1235 1693 1556 1761 προσειπεῖν
1588 1692 1687 1763 τήν
1735 1693 1834 1764 σὴν
1861 1692 1929 1745 δι’

345 1784 537 1837 αὐτῶν
587 1782 1085 1853 μεγαλοπρέπειαν,
1139 1783 1233 1835 καὶ
1272 1784 1372 1853 τῆς
1411 1784 1757 1853 ὑποσχέσεως
1802 1785 1933 1839 ἀνα-

352 1840 753 1945 μνῆσαιίΟὑδὲ
796 1840 905 1944 γάρ
957 1840 1368 1945 πολεμούμενος
1410 1874 1504 1927 τοῦ
1539 1840 1789 1947 όηρεύειν
1823 1876 1931 1930 ἀπ·
1962 1840 2007 1895 Β

344 1965 577 2036 ἔχομαι.
604 1958 739 2019 υἷδα
765 1963 874 2035 γὰρ
904 1964 1001 2017 κα)⁵
1037 1965 1164 2027 τοὺς
1203 1964 1384 2034 ἱεροὺς
1422 1964 1755 2028 ἀποστόλους
1796 1964 1934 2034 μετά

346 2054 451 2108 τοῦ
496 2053 786 2125 βάλλεσθαι
814 2057 881 2126 τῇ
930 2057 1276 2125 πνευματικῇ
1314 2056 1525 2128 σαγήνῃ
1557 2055 1937 2127 χρησαμένους

349 2145 469 2201 ἀεί.

774 2255 853 2310 P'.
876 2284 950 2295 -—
992 2254 1350 2324 Ἀλεξάνδρᾳ
1384 2255 1516 2327 (δι).

438 2365 745 2436 Ἔδεξάμην
797 2366 986 2437 πρώην
1025 2369 1123 2437 τῆς
1180 2367 1452 2437 ὑμετέρας
1500 2370 1939 2439 σεμνοπρεπείας

344 2458 424 2511 τὰ
458 2458 787 2530 γράμματα,
837 2462 934 2511 καὶ
970 2458 1158 2530 μαθὼν
1210 2460 1586 2528 γεγενημένην
1641 2462 1772 2528 ὑμῖν
1798 2461 1938 2530 ὑπὲρ

350 2549 518 2621 ἡμῶν
551 2549 810 2617 σπουδὴν,
838 2550 1000 2620 χάριν
1029 2549 1380 2620 ὡμολόγησα,
1419 2552 1513 2603 καὶ
1544 2552 1634 2604 τὸν
1660 2550 1769 2604 τῶν
1800 2551 1937 2604 ὅλων

350 2642 640 2711 Δεσπότην
672 2640 948 2703 ἱκέτευσα,
978 2642 1074 2695 καὶ
1102 2642 1174 2694 τά
1208 2643 1449 2713 παρόντα
1471 2645 1602 2713 ὑμῖν
1624 2643 1806 2711 ἀγαθά
1836 2660 1936 2711 φυ-

353 2732 539 2797 λάξαι,
584 2734 677 2786 καὶ
729 2736 850 2795 ταῖς
879 2733 1217 2804 προσθήκαις
1248 2735 1504 2806 αὐξῆσαι,
1537 2737 1631 2789 καὶ
1669 2735 1777 2789 τῶν
1811 2736 1939 2805 μελ-

352 2823 560 2878 λόντων
597 2826 693 2879 καὶ
729 2825 963 2878 αἰωνίων
998 2827 1330 2897 χαρίσασθαι
1361 2830 1458 2898 τήν
1484 2828 1803 2881 ἀπόλαυσιν.
1842 2830 1938 2881 Πι-

356 2914 625 2982 στεύομεν
651 2914 708 2966 δὲ
742 2914 906 2967 αὑτὸν
943 2916 1037 2967 καί
1066 2915 1175 2969 τῶν
1212 2918 1666 2988 περιωρισμὲνων
1692 2917 1933 2983 ἀκούειν,

356 3005 564 3076 μᾶλλον
592 3005 649 3058 δὲ
707 3006 889 3077 πολλῷ
952 3006 1116 3060 πλέον
1163 3009 1402 3072 τούτων,
1457 3009 1647 3080 ἐπειδὴ
1695 3010 1784 3063 διὰ
1839 3011 1937 3080 τήν

356 3095 516 3150 θείαν
547 3095 712 3149 αὑτοῦ
753 3082 1237 3169 διδασκαλίαντὴν
1265 3099 1530 3153 δοκοῦσαν
1579 3101 1939 3171 ὑπομένουσιν

355 3185 566 3243 αἰτίαν.
610 3186 797 3242 Ταῦτα
849 3189 938 3243 διά
987 3189 1098 3243 τῶν
1150 3190 1582 3259 θεοφιλεστάτων
1629 3170 1940 3246 ἐπισκόπων
1968 3170 2011 3228 c

356 3278 579 3348 γράφω,
611 3281 952 3351 παρακαλῶν
988 3282 1087 3353 τῆς
1114 3283 1384 3355 ὑμετέρας
1408 3284 1608 3346 αὐτοὺς
1637 3283 1942 3338 ἀπολαῦσαι

359 3371 712 3442 κηδεμονίας.
760 3373 873 3442 Τῆς
925 3374 1035 3445 γὰρ
1077 3375 1441 3444 εὑαγγελικῆς
1481 3376 1644 3429 ἕνεκα
1683 3376 1941 3440 πίστεως,

357 3466 462 3519 καὶ
486 3464 585 3534 τῆς
616 3465 725 3516 τῶν
760 3464 1097 3535 Ἐκκλησιῶν
1129 3468 1290 3536 χάριν
1328 3466 1571 3535 εἰρήνης,
1591 3464 1692 3535 τὴν
1727 3464 1943 3534 μακρὰν

357 3557 569 3628 ταύτην
599 3557 911 3626 ἀποδημίαν
948 3556 1175 3609 εἵλοντο.

725 3672 848 3727 PA'.
877 3701 950 3711 —
991 3670 1281 3738 Κελερίιῃ
1314 3669 1589 3735 διακόνῳ.

448 3786 690 3858 Ἐξήφθη
723 3786 885 3839 πάλιν
918 3786 946 3838 ὁ
976 3783 1095 3837 καθ’
1123 3782 1282 3853 ήμῶν
1303 3782 1561 3852 πόλεμος.
1582 3782 1677 3835 καὶ
1711 3777 1944 3852 σμικρὸν

360 3878 551 3941 ἐνδοὺς
596 3879 625 3930 ὁ
675 3875 784 3930 τῶν
831 3872 1136 3945 ἀνθρώπων
1189 3872 1463 3943 ἀλάστωρ,
1499 3870 1661 3924 πάλιν
1705 3869 1945 3923 ὥπλικεν

360 3970 489 4024 καθ’
512 3967 669 4039 ἡμῶν
695 3970 819 4030 τοὺς
848 3966 924 4036 τῷ
944 3965 1130 4034 ψεύδει
1167 3963 1695 4034 συντεθραμμένους.
1722 3962 1785 4014 Οἳ
1812 3979 1945 4032 προ-

364 4061 555 4133 φανῶς
597 4061 745 4129 ἡμᾶς
777 4055 1270 4125 συκοφαντοῦντες,
1300 4057 1379 4118 εἰς
1409 4053 1502 4107 δύο
1532 4054 1746 4121 λέγουσι
1782 4052 1941 4123 μερί-

361 4155 483 4218 ζειν
508 4152 656 4220 ἡμᾶς
692 4151 841 4211 υἱοὺς
889 4147 980 4200 τὸν
1008 4147 1102 4199 ’ένα
1133 4145 1331 4214 Κύριον
1378 4146 1537 4216 ήμῶν
1567 4144 1773 4214 Ἰησοῦν
1806 4144 1942 4214 Χρι-

365 4241 515 4295 στόν.
552 4241 745 4308 Ἡμεῖς
779 4240 837 4292 Οὲ
881 4237 1135 4307 θεότητος
1179 4237 1277 4307 μὲν
1309 4237 1402 4289 καί
1434 4234 1854 4304 ἀνθρωπότητος
1882 4233 1943 4286 τὸ

358 4332 622 4401 διάφορον
654 4327 1023 4399 ὲπιστὰμεοαο
1059 4328 1156 4380 ἕνα
1182 4326 1237 4379 δὲ
1270 4325 1639 4397 ὁμολογοῦμεν
1667 4324 1817 4387 Υἱὸν,
1850 4324 1941 4377 τὸν

361 4421 867 4492 ὲνανθρωπὴσαντα
890 4419 1022 4472 Θεὸν
1041 4418 1233 4485 Λόγον.
1266 4417 1375 4470 Καὶ
1404 4416 1564 4469 αὑτὸν
1597 4412 1735 4468 εἷναί
1763 4430 1942 4485 φαμεν

2034 593 2148 647 Hoc
2180 610 2331 660 vero,
2372 598 2430 650 ni
2482 597 2659 664 fallor,
2714 601 2828 655 Arii
2872 618 3090 673 quoque
3137 613 3437 663 sectatores
3474 624 3607 663 con-

2032 684 2274 751 fitentur,
2299 697 2354 741 et
2375 703 2553 758 neque
2581 706 2800 746 carnem
2836 694 3179 752 divinitatem
3234 710 3454 766 vocant,
3503 718 3604 756 ne-

2026 792 2137 845 que
2173 776 2447 833 divinitati
2477 782 2663 835 carnis
2692 797 2893 839 nomen
2934 787 3205 853 tribuunt,
3237 805 3362 843 cum
3398 801 3609 847 utram-

2031 884 2138 938 que
2159 879 2409 925 naturam
2428 875 2716 943 perspicue
2736 878 2920 932 divina
2948 878 3231 950 Scriptura
3262 899 3363 937 nos
3388 884 3606 941 doceat.

2031 959 2100 1013 Et
2124 968 2331 1027 tamen,
2357 979 2481 1017 eum
2502 965 2618 1019 lucc
2645 967 2715 1021 ita
2742 984 2956 1038 semper
2985 987 3016 1024 a
3042 972 3201 1027 nobis
3252 974 3397 1030 dicta
3447 988 3602 1041 sunt,

2032 1049 2198 1107 falsos
2246 1054 2468 1122 quidam
2524 1065 2714 1112 contra
2773 1075 2875 1114 nos
2915 1077 3196 1118 sermones
3245 1074 3452 1120 texunt.
3494 1068 3607 1123 Nos

2032 1151 2236 1206 autem,
2260 1145 2597 1199 conscientia
2620 1146 2638 1200 Ι
2645 1148 2768 1212 reti,
2799 1158 3103 1219 testemque
3127 1152 3387 1208 doctrina:
3406 1164 3608 1211 nostra:

2030 1233 2428 1303 cogitationum
2465 1236 2832 1307 lnspeetorem
2871 1241 3156 1306 habentes,
3185 1243 3346 1297 telam
3368 1260 3605 1309 araneae,

2028 1324 2183 1393 juxta
2222 1327 2545 1395 prophetam
2590 1329 2656 1392 9",
2696 1329 2985 1384 calumnia:
3010 1338 3154 1384 texta
3182 1331 3456 1386 ducimus.
3487 1334 3611 1387 Tri-

2035 1413 2198 1468 bunal
2239 1432 2475 1485 namque
2524 1418 2657 1473 illud
2687 1428 3086 1489 exspectamus,
3116 1421 3262 1491 quod
3292 1423 3476 1477 verbis
3498 1439 3609 1478 non

2034 1512 2178 1575 eget,
2209 1507 2307 1562 sed
2346 1508 2636 1564 manifesta
2664 1510 2827 1565 faciet
2855 1527 2977 1580 quze
3006 1512 3227 1567 interim
3263 1514 3453 1569 latent.
3484 1515 3612 1570 Haec

2033 1613 2136 1668 ego
2176 1614 2274 1668 per
2323 1600 2435 1655 Deo
2477 1601 2831 1657 cbarissimos
2880 1603 3170 1673 episcopos
3221 1604 3425 1669 scribo,
3476 1606 3613 1661 utile

2037 1698 2191 1744 ratus
2247 1692 2707 1762 magniﬁcentiam
2764 1702 2913 1748 tuam
2968 1710 3067 1764 per
3108 1695 3233 1749 illos
3261 1696 3520 1759 salutare,
3556 1705 3614 1750 et

2035 1777 2448 1851 pollicitationis
2482 1782 2972 1838 commonefacere.
3008 1784 3143 1837 Nam
3173 1785 3448 1854 appetitus
3483 1786 3614 1839 licet

2038 1880 2372 1942 vexatusque
2400 1875 2590 1929 venari
2613 1891 2723 1930 non
2758 1875 2971 1930 desino.
3005 1875 3132 1931 Scio
3168 1878 3371 1946 quippe
3423 1892 3613 1931 sacros

2032 1963 2332 2032 apostolos,
2363 1965 2529 2020 etiam
2554 1981 2681 2020 eum
2714 1966 3088 2034 caadebantur,
3115 1967 3387 2038 spirituali
3412 1983 3614 2039 sagena

2038 2066 2167 2106 υεοε
2186 2068 2326 2108 esse.

2566 2258 2631 2314 C.
2647 2289 2718 2298 —
2732 2258 3073 2315 Alexandra.

2108 2372 2406 2427 Gravitatis
2434 2380 2540 2426 tua:
2582 2371 2796 2426 litteras
2820 2387 2998 2442 nuper
3051 2374 3255 2444 accepi.
3303 2375 3384 2429 Ex
3415 2376 3618 2446 quibus

2040 2474 2162 2513 cum
2195 2459 2511 2514 didicissem
2539 2475 2649 2528 quo
2674 2459 2858 2514 studio
2885 2474 2975 2515 res
2998 2473 3217 2516 nostras
3246 2465 3494 2533 amplexa
3517 2467 3615 2530 sis,

2038 2550 2265 2619 gratiam
2290 2550 2479 2614 habui,
2504 2551 2906 2620 Dominumque
2945 2553 3329 2607 universorum
3363 2564 3620 2624 precatus

2041 2656 2162 2695 sum
2202 2648 2263 2694 ut
2294 2640 2585 2709 praesentia
2607 2640 2765 2695 vobis
2788 2641 2931 2696 dona
2984 2644 3275 2709 custodiat,
3330 2654 3387 2701 et
3433 2648 3616 2701 incre-

2039 2732 2239 2786 mentis
2268 2740 2483 2801 augeat,
2505 2742 2562 2787 et
2583 2733 2891 2789 futurorum
2913 2744 3354 2807 aeternorumque
3375 2738 3616 2792 fructum

2041 2825 2324 2895 largiatur.
2358 2824 2650 2880 Credimus
2688 2837 2871 2882 autem
2923 2827 3079 2881 illum
3129 2828 3296 2883 etiam
3347 2830 3621 2900 relegatos

2044 2915 2259 2981 audire,
2318 2924 2480 2985 atque
2505 2916 2645 2971 adeo
2673 2917 2807 2973 istos
2839 2918 3014 2972 multo
3042 2920 3234 2988 magis,
3272 2922 3620 2991 quandoqui-

2046 3008 2171 3063 dem
2224 3008 2296 3063 oh
2338 3009 2580 3063 divinam
2606 3010 2727 3080 ejus
2744 3009 3049 3064 doctrinam
3073 3010 3322 3066 criminis
3345 3012 3622 3067 inlamiam

2052 3100 2269 3171 1170
2301 3100 2596 3155 sustinent.
2650 3100 2777 3154 Haec
2821 3115 2923 3171 ego
2972 3116 3073 3170 per
3113 3100 3226 3156 Deo
3270 3100 3623 3157 charissimos

2043 3190 2333 3260 episcopos
2354 3189 2560 3253 scribo,
2590 3204 2792 3259 rogans
2831 3198 2894 3245 ut
2922 3198 3072 3243 tuam
3124 3190 3231 3244 illis
3274 3206 3465 3245 curam
3522 3192 3624 3246 im-

2043 3282 2269 3351 pertias.
2304 3280 2644 3350 Evangelica:
2673 3279 2945 3350 siquidem
2995 3278 3121 3334 ﬁdei
3169 3281 3365 3351 gratia,
3413 3293 3471 3337 et
3519 3282 3626 3338 Ec-

2043 3371 2337 3425 clesiarum
2365 3370 2519 3440 pacis
2547 3386 2732 3435 causa,
2765 3370 2981 3440 longam
3018 3368 3179 3423 istam
3225 3371 3626 3442 peregrinatio-

2041 3476 2169 3516 nem
2196 3462 2460 3516 inierunt.

2467 3663 2552 3718 Cl.
2573 3694 2643 3702 -—-
2660 3662 2916 3718 Celerinw
2940 3664 3195 3719 diaconw.

2118 3775 2335 3831 Exarsit
2386 3775 2583 3829 iterum
2630 3783 2821 3828 contra
2866 3789 2968 3829 nos
2994 3773 3220 3839 bellum,
3249 3784 3305 3828 et
3334 3789 3458 3829 cum
3490 3791 3626 3845 pau-

2044 3869 2219 3924 lulum
2280 3869 2584 3924 remisisset
2639 3867 2925 3922 hominum
2962 3865 3158 3931 hostis,
3194 3866 3392 3920 iterum
3430 3875 3623 3921 contra

2044 3975 2146 4013 nos
2190 3960 2424 4014 armavit
2475 3958 2729 4013 homines
2786 3956 3074 4011 mendacio
3126 3954 3480 4020 assuefactos,
3527 3957 3623 4025 qui

2044 4057 2231 4118 aperta
2290 4049 2563 4104 calumnia
2606 4048 2660 4102 in
2702 4046 3010 4101 duos‘ﬁlios
3037 4046 3282 4103 dividere
3308 4061 3408 4101 nos
3434 4046 3627 4101 dicunt

2045 4159 2216 4197 unum
2246 4141 2540 4196 Dominum
2577 4141 2591 4159 '
2622 4148 2872 4193 nostrum
2919 4138 3105 4192 Jesum
3159 4137 3462 4193 Christum.
3513 4138 3625 4193 Nos

2044 4250 2176 4289 vero
2231 4231 2537 4287 divinitatis
2587 4229 2808 4299 quidem
2837 4238 2892 4283 et
2929 4228 3286 4282 humanitatis
3325 4227 3621 4281 discrimen

2044 4324 2348 4377 novimus:
2398 4337 2567 4375 unum
2629 4331 2813 4374 autem
2870 4318 3197 4374 conﬁtemur
3248 4318 3466 4382 Filium,
3528 4320 3624 4388 qui

2044 4413 2211 4468 homo
2256 4412 2434 4468 factus
2481 4420 2585 4475 est,
2642 4411 2814 4465 Deum
2863 4409 3149 4465 Verbum:
3185 4416 3240 4464 et
3286 4410 3463 4479 ipsum
3502 4424 3626 4464 esse

361 4511 500 4566 Θεὺν
549 4510 893 4582 προαιώνιον,
944 4511 1037 4563 καί
1090 4509 1375 4577 ἄνθρωπον
1428 4509 1515 4561 ἐπ’
1556 4507 1785 4578 ἐσχάτου
1830 4506 1940 4560 τῶν

2050 4505 2284 4560 dicimus
2324 4505 2496 4558 Deum
2540 4510 2666 4556 ante
2718 4501 2937 4566 saecula,
2987 4510 3044 4556 et
3091 4501 3371 4554 hominem
3421 4499 3476 4553 in
3517 4500 3626 4555 tino

360 4602 590 4674 ἡμερῶν
620 4602 931 4677 γενόμενον,
961 4600 1021 4652 ού
1056 4601 1119 4670 τῇ
1155 4601 1331 4669 τροπῇ
1368 4596 1465 4667 τῆς
1497 4596 1769 4667 θεότητος,
1803 4594 1941 4648 ἀλλὰ

360 4694 433 4763 τῇ
470 4692 774 4763 προσλήψει
812 4692 909 4760 τῆς
946 4689 1383 4761 ἀνθρωπὸτητος.
1423 4687 1583 4740 Ἀλλά
1618 4687 1726 4757 γάρ
1756 4704 1943 4757 περιτ-

360 4783 456 4836 τὸν
491 4782 632 4835 ποιῶ
660 4782 758 4853 τὴν
793 4782 889 4852 σὴν
936 4781 1205 4835 διδάσκων
1236 4778 1509 4850 φιλοοεῖαν
1559 4777 1700 4848 ἅπερ
1736 4777 1938 4848 φρονῶ,

359 4870 465 4942 τὴν
521 4870 767 4940 ἀκριϐῶς
819 4871 1021 4924 εἰδυῖαν
1074 4871 1216 4940 άπερ
1265 4869 1629 4941 κηρύττομεν,
1666 4870 1762 4921 καὶ
1817 4869 1945 4929 τοὺς

363 4958 696 5027 ἀγνοοῦντας
746 4960 1088 5029 διδάσκομεν.
1138 4959 1450 5028 Παρακαλῶ
1495 4960 1702 5019 τοίνυν,
1752 4957 1941 5028 ἐπειδὴ

368 5052 586 5104 πάντων
617 5050 753 5122 ὁμοῦ
778 5052 886 5105 τῶν
910 5052 1011 5120 τῆς
1041 5050 1332 5118 Ἀνατολῆς
1355 5050 1783 5119 θεοφιλεστάτων
1823 5053 1945 5102 ἑπι-

370 5136 589 5191 σκὸπων
609 5144 875 5213 κατέχεαν
908 5144 1006 5212 τὴν
1025 5140 1295 5212 λοιδορίαν
1322 5142 1372 5194 οἰ
1398 5141 1492 5194 τοῦ
1523 5141 1750 5211 ψεύδους
1782 5142 1945 5212 ἐργά-

367 5246 483 5292 ται,
524 5227 619 5284 καὶ
649 5234 746 5291 τὰς
789 5232 1115 5304 Ἐκκλησίας
1146 5231 1315 5301 ζάλης
1364 5230 1689 5300 ἐνέπλησαν,
1723 5230 1823 5299 τὴν
1852 5231 1943 5281 δυ-

370 5321 542 5389 νατὴν
593 5319 734 5388 ὑπὲρ
787 5315 896 5370 τῶν
941 5322 1311 5391 αὑαγγελικῶν
1342 5322 1648 5392 δογμάτων,
1701 5322 1796 5375 καὶ
1842 5321 1946 5390 τῆς

370 5411 483 5465 τῶν
531 5409 866 5478 Ἐκκλησιῶν
915 5408 1159 5480 εἰρήνης,
1209 5415 1538 5484 εἰσενεγκεῖν
1570 5413 1810 5481 σπουδὴν
1848 5413 1947 5484 τὴν

374 5499 473 5572 σήν
495 5499 824 5553 θεοσέϐειαν.
858 5497 956 5552 Διά
992 5496 1101 5569 γὰρ
1148 5498 1213 5567 δὴ
1260 5498 1432 5552 ταῦτα
1476 5504 1571 5552 καὶ
1615 5502 1665 5555 οί
1696 5501 1945 5572 θεοφιλέ-

471 5656 516 5689 ⁹⁵
555 5654 657 5710 lsa.
697 5669 804 5719 us,
833 5654 884 5711 5.

2048 4597 2263 4665 dierum
2317 4596 2541 4661 factum,
2588 4611 2696 4649 non
2731 4596 3035 4648 mutatione
3058 4592 3382 4657 divinitatis,
3413 4593 3510 4648 sed
3534 4609 3626 4648 as-

2050 4689 2362 4759 sumptione
2418 4685 2793 4741 humanitatis.
2847 4678 2956 4741 Sed
3014 4700 3484 4757 supervacaneum
3519 4695 3625 4749 est,

2051 4781 2197 4851 quod
2235 4781 2493 4851 pietatem
2533 4789 2682 4833 tuam
2737 4777 2966 4833 doceam
3010 4777 3143 4847 quid
3197 4777 3450 4843 sentiam,
3502 4793 3629 4832 cum

2052 4872 2300 4941 apprime
2333 4872 2445 4941 ipsa
2472 4869 2618 4925 norit
2648 4869 2779 4939 quid
2816 4867 3197 4940 praedicamus,
3221 4883 3285 4923 ac
3316 4869 3632 4939 ignorantes

2052 4964 2368 5019 doceamus.
2408 4962 2518 5018 Oro
2548 4963 2737 5034 igitur,
2768 4961 3029 5031 quoniam
3055 4975 3248 5015 omnes
3273 4961 3387 5014 Deo
3413 4955 3628 5014 charis-

2052 5057 2222 5111 simos
2282 5055 2524 5110 Orientis
2595 5054 2883 5123 episcopos
2953 5053 3204 5107 convicio
3274 5060 3632 5122 asperserunt

2054 5145 2326 5200 mendacii
2383 5144 2640 5206 artiﬁces,
2689 5151 2745 5196 et
2783 5143 3061 5197 Eeelesias
3106 5142 3343 5196 tumultu
3378 5141 3631 5211 repleve-

2054 5242 2204 5297 runt,
2238 5242 2319 5298 ut,
2356 5247 2455 5302 pro
2491 5229 2824 5301 evangelicis
2852 5230 3203 5301 dogmatibus
3232 5228 3633 5283 Ecclesiarum-

2053 5339 2161 5395 que
2183 5337 2337 5394 pace,
2371 5337 2534 5392 quam
2566 5322 2769 5391 poterit
2797 5336 3021 5391 operam
3044 5320 3293 5375 conferat
3311 5318 3485 5388 pietas
3510 5325 3628 5370 ma.

2054 5416 2168 5470 Hae
2191 5414 2338 5469 enim
2362 5414 2430 5469 de
2464 5426 2627 5468 causa
2668 5416 2727 5467 et
2770 5411 3065 5475 Ecclesias,
3119 5408 3322 5479 quibus
3365 5414 3629 5476 pratum.

2054 5505 2402 5576 reliquerunt
2456 5505 2570 5560 Deo
2626 5502 2933 5560 charissimi
2983 5498 3264 5572 episcopi,
3309 5504 3390 5564 et,
3424 5495 3629 5552 hiemis

445 5792 558 5868 (tit)
589 5795 777 5852 Latino
807 5795 949 5851 hanc
980 5795 1266 5865 epistolam
1298 5793 1465 5853 habet
1491 5793 1688 5852 Baron.
1721 5796 1758 5851 Ι.
1803 5811 1853 5853 c.
1885 5812 1939 5868 p.
1988 5797 2105 5852 108.
