4056 6424
441 370 576 434 1295

1429 369 1884 429 TI-IEODORET
1893 369 1914 426 Ι
1957 369 2295 429 EPISCOPI
2336 370 2704 431 CYREN‘SIS

3573 370 3710 435 1296

436 477 735 549 asperitate
787 484 1120 546 contempta,
1171 474 1385 530 itineris
1409 475 1628 529 labores
1652 475 2010 544 pertulerunt.

2132 493 2312 530 στατοι
2351 478 2662 544 ἐπίσκοποι,
2690 478 2784 531 καὶ
2814 476 2912 542 τὰς
2939 479 3030 532 ὑπ’
3058 475 3237 530 αὐτῶν
3280 483 3712 551 ποιμαινομένας

435 578 497 624 ut
542 577 786 624 exortam
820 567 1076 622 sedarent
1129 575 1526 636 tempestatem.
1559 566 1707 631 Quos
1739 575 2017 636 agnoscet,

438 667 520 713 sat
578 659 713 723 scio,
770 658 978 726 1171
1039 666 1129 710 tua
1188 655 1374 710 divina
1424 655 1749 711 excellentia
1799 655 2021 725 pietatis

437 750 756 805 defensores
779 748 1261 817 Ecclesiarumque
1290 748 1713 818 gubernatores.

2141 569 2468 639 Ἐκκλησίας
2513 572 2827 636 κατέλιπον,
2862 572 2956 625 καὶ
2997 573 3096 642 τῆς
3124 570 3218 623 τοῦ
3264 572 3534 642 χειμῶνος
3572 591 3709 628 κατ-

2129 663 2436 732 εφρόνησαν
2464 664 2635 733 ὥρας,
2678 664 2773 718 καὶ
2807 664 2913 717 τῶν
2949 668 3046 735 τῆς
3084 664 3392 734 ὁδοιπορίας
3419 666 3712 736 ἠνέσχοντο

2130 751 2329 815 πόνων,
2360 755 2446 806 ἵνα
2477 756 2566 808 τὸν
2599 757 2980 810 ἐπαναστάντα
3013 758 3409 812 καταπαύσωσι
3440 756 3707 828 χειμῶνα.

437 843 543 906 Οὓς
580 839 637 896 εὖ
665 840 780 895 οἴδα
820 843 900 894 ὃτι
943 842 1135 908 ὄψεταί
1184 859 1278 895 σου
1313 843 1347 911 ἡ
1407 842 1551 896 κατά
1576 842 1708 894 Θεὸν
1746 841 2041 912 τελειότης,
2083 846 2361 913 εὐσεϐείας
2419 851 2756 921 προμάχους,
2823 853 2914 907 καὶ
2963 852 3071 905 τῶν
3122 854 3458 924 Ἐκκλησιῶν
3507 859 3708 928 κυϐερ-

433 950 620 1005 νητας.

862 1027 972 1084 CII.
993 1059 1061 1067 —
1076 1026 1279 1082 Basilio
1329 1030 1569 1100 episcopo

501 1141 658 1209 Quod
684 1143 828 1212 jacta
852 1141 908 1195 in
933 1156 1036 1196 nos
1065 1142 1312 1196 convicia
1348 1143 1498 1198 taciti
1533 1141 1760 1196 audiant
1789 1143 1883 1212 qui
1917 1159 2018 1196 nos

431 1250 544 1288 non
581 1241 808 1296 norunt,
835 1232 1229 1288 absurdinihil
1253 1241 1338 1286 est
1371 1251 1384 1286 :
1414 1234 1560 1303 quod
1592 1249 1724 1288 vero
1753 1235 2018 1288 sanctitas

431 1335 524 1378 tua
572 1325 1002 1380 conviciantium
1044 1339 1155 1378 non
1209 1324 1499 1395 redarguat
1524 1325 1890 1391 mendacium,
1924 1335 2019 1380 aut

430 1415 787 1471 mediocriter
838 1423 894 1471 et
950 1433 1059 1471 non
1109 1418 1322 1471 intento
1356 1417 1540 1472 studio
1576 1417 1628 1471 id
1660 1418 1844 1484 faciat,
1876 1435 2018 1488 mgre

429 1508 535 1562 sibi
560 1509 850 1578 quisquam
884 1506 1259 1577 persuadebit,
1303 1507 1393 1561 cui
1436 1509 1782 1562 consuetudo
1837 1516 2019 1563 vestra

427 1611 716 1671 perspecta
765 1603 854 1657 sit.
891 1602 1010 1657 Non
1059 1601 1205 1670 quod
1259 1601 1480 1656 veritati
1527 1603 1826 1657 amicitiam
1879 1619 2020 1674 prte-

428 1707 636 1752 ponere
670 1698 941 1760 oporteat,
974 1689 1069 1744 sed
1102 1689 1248 1759 quod
1285 1691 1540 1746 amicitiae
1566 1694 1730 1748 etiam
1759 1694 1900 1748 adsit
1937 1704 2018 1749 tc-

429 1782 750 1836 stimonium
785 1781 1060 1836 veritatis.
1093 1782 1310 1836 Etenim
1339 1791 1395 1837 ct
1417 1783 1472 1838 in
1505 1786 1738 1841 ecelesia
1767 1786 2018 1842 dicentes

427 1889 539 1927 non
561 1888 704 1942 saepe
740 1872 951 1927 audivit
972 1873 1148 1943 pietas
1173 1883 1283 1939 tua,
1310 1883 1365 1929 et
1393 1875 1448 1930 in
1481 1878 1844 1933 conventibus
1871 1879 2014 1944 aliis,
2049 1850 2091 1905 Β

427 1982 552 2021 cum
593 1967 889 2037 dogmatici
945 1983 975 2022 a
1023 1967 1184 2021 nobis
1211 1967 1450 2021 instituti
1495 1985 1782 2025 sermones
1811 1981 2015 2035 essent,

425 2074 548 2128 quae
594 2073 624 2112 a
671 2057 833 2112 nobis
884 2056 1214 2112 dicebantur
1246 2059 1482 2128 excepit,
1519 2076 1623 2115 nec
1668 2062 2017 2115 sanctitatem

427 2161 577 2204 tuam
611 2149 835 2203 memini
862 2163 1104 2217 unquam
1131 2163 1238 2214 me,
1274 2149 1420 2217 quod
1460 2166 1569 2204 non
1594 2160 1743 2205 recta
1764 2151 2015 2221 dogmata

425 2254 713 2309 sequerer,
744 2237 1188 2308 reprehendisse.
1222 2235 1365 2303 Quid
1399 2255 1531 2310 ergo
1565 2240 1769 2293 factum
1799 2248 1884 2296 est
1913 2241 2018 2296 hoc

427 2330 718 2400 tempore?
753 2346 853 2384 cur
884 2329 1150 2400 linguam,
1179 2345 1212 2383 ο
1245 2330 1474 2384 charum
1523 2339 1707 2400 caput,
1753 2331 2017 2387 adversus

426 2423 776 2477 mendacium
830 2437 939 2476 non
1004 2437 1225 2486 moves,
1287 2422 1383 2478 sed
1433 2424 1672 2477 amicum
1725 2425 2017 2480 calumniis

426 2528 772 2582 oppressum,
807 2521 862 2566 et
902 2522 1273 2584 oppugnatam
1301 2513 1611 2568 veritatem-
1635 2512 1910 2582 despicis?
1959 2513 2014 2568 Si

425 2604 646 2674 quidem
691 2603 827 2659 facis
879 2612 940 2657 ut
987 2603 1180 2673 inopes
1231 2605 1573 2674 pusillosque
1627 2613 2011 2668 contemnens,

424 2695 771 2750 Dominicum
819 2702 1156 2765 praeceptum
1211 2695 1474 2750 exaudire
1530 2695 1809 2760 convenit,
1864 2697 2014 2765 quod

423 2787 633 2842 diserte
686 2786 1024 2857 proclamat:
1067 2805 1084 2837 ι
1119 2786 1310 2841 Videte
1345 2801 1414 2840 ne
1457 2786 1821 2840 contemnatis
1843 2803 2011 2841 unum

422 2898 491 2935 ex
546 2881 763 2951 pusillis
806 2879 927 2934 istis
959 2878 1204 2932 minimis
1229 2879 1321 2948 qui
1367 2879 1419 2932 in
1449 2895 1534 2933 me
1556 2879 1808 2933 credunt.
1838 2879 2011 2934 Amen

422 2972 575 3032 cnim
620 2971 746 3025 dico
791 2969 969 3033 vobis,
1005 2970 1183 3038 angeli
1218 2985 1412 3023 eorum
1445 2970 1692 3038 quotidie
1717 2971 1903 3025 vident
1934 2970 2013 3024 fa-

423 3066 566 3120 ciem
619 3063 798 3118 Patris
837 3064 852 3081 ⁶
898 3063 1004 3116 mei
1049 3061 1143 3132 qui
1191 3062 1358 3116 estin
1390 3062 1544 3116 cmlis
1574 3064 1637 3115 ⁸⁸.
1684 3083 1699 3113 ι
1739 3065 1809 3118 At
1843 3063 1887 3119 si
1922 3081 2012 3120 ac-

425 3156 739 3213 cusantium
763 3171 864 3210 nos
887 3154 1132 3224 potentia
1155 3154 1344 3224 pietati
1368 3163 1473 3209 tute
1498 3155 1778 3210 silentium
1795 3157 2008 3221 indicit,

423 3252 602 3320 legem
660 3247 892 3302 alteram
945 3246 1136 3300 audire
1193 3254 1432 3317 oportet,
1481 3263 1603 3317 qua:
1659 3249 1785 3303 ait:
1844 3267 1860 3299 ι
1891 3250 2011 3304 Non

422 3343 661 3414 accipias
690 3357 981 3412 personam
1014 3341 1257 3411 potentis
1303 3342 1388 3405 ’7;
1426 3359 1444 3392 ι
1477 3351 1535 3394 et
1563 3359 1574 3394 :
1617 3359 1635 3392 ι
1670 3343 1890 3398 ,Ιιιεωιῃ
1919 3345 2011 3414 ju.

423 3433 633 3487 dicium
655 3431 896 3503 iudicate
935 3432 1020 3496 ⁰⁸;
1063 3449 1080 3480 ι
1112 3438 1168 3485 et
1197 3448 1210 3483 :
1243 3449 1260 3481 ι
1295 3431 1416 3485 Νοη
1441 3434 1552 3487 eris
1591 3449 1714 3487 cum
1745 3435 1932 3488 multis
1955 3434 2010 3488 in

423 3524 634 3579 malitia
672 3525 752 3589 99;
788 3542 805 3572 ι
857 3531 952 3576 et:
1017 3541 1034 3572 ι
1067 3520 1343 3576 Claudens
1395 3524 1606 3593 1172
1651 3525 1843 3580 oculos
1882 3541 2011 3580 suos

419 3632 490 3672 nc
519 3617 702 3671 videat
739 3616 964 3680 malum,
1011 3625 1068 3669 et
1090 3614 1356 3669 obturans
1385 3630 1550 3669 aures
1572 3631 1699 3670 suas
1722 3632 1790 3670 ne
1825 3616 2011 3670 audiat

415 3709 690 3780 judicium
739 3707 1023 3778 sanguinis
1072 3706 1259 3776 injusti
1288 3706 1326 3759 ¹.
1374 3725 1390 3756 ι
1452 3707 1519 3760 Et
1575 3708 1679 3762 alia
1735 3723 1903 3776 porro
1954 3708 2008 3761 id

420 3817 597 3874 genus
642 3812 902 3856 sexcenta
959 3799 1203 3869 reperire
1249 3807 1336 3854 est
1378 3798 1433 3852 in
1475 3798 1663 3852 divina
1701 3799 2007 3868 Scriptura.

420 3894 553 3960 Qua:
603 3892 827 3963 quidem
882 3891 1142 3961 colligere
1195 3905 1664 3960 supervacaneum
1703 3889 1854 3953 duxi,
1881 3905 2007 3944 cum

422 3984 491 4038 ad
516 3985 698 4037 virum
732 3983 992 4046 scribam,
1025 3982 1120 4052 qui
1167 3982 1222 4062 in
1267 3982 1471 4036 divinis
1517 3981 1751 4050 eloquiis
1790 3991 2006 4037 atatem

419 4074 702 4139 contrivit,
744 4074 949 4144 quique
989 4073 1256 4128 doctrina:
1281 4073 1502 4126 ﬂuentis
1527 4073 1873 4129 Christianos
1906 4093 2005 4146 po-

417 4167 580 4237 pulos
613 4167 822 4237 irrigat.
859 4167 975 4222 Hoc
1008 4167 1178 4238 igitur
1207 4165 1386 4218 solum
1422 4163 1622 4228 dicam,
1659 4169 2007 4236 apparituros

418 4275 520 4314 nos
551 4275 744 4315 omnes
771 4269 899 4316 ante
935 4261 1178 4315 tribunal
1210 4259 1439 4325 Christi,
1491 4260 1900 4330 verborumque
1949 4274 2006 4319 et

416 4366 645 4420 operum
667 4351 937 4407 rationem
963 4350 1303 4413 reddituros,
1328 4366 1413 4405 me
1437 4365 1590 4415 vero,
1613 4366 1738 4405 cum
1768 4352 2003 4405 aliorum

417 4443 665 4498 omnium
697 4459 864 4497 causa
908 4443 1180 4513 judicium
1235 4442 1342 4497 hoc
1393 4442 1772 4506 reformidem,
1827 4443 1883 4496 in
1937 4444 2003 4498 iis

2458 1033 2580 1084 PB’.
2609 1063 2678 1071 —-
2708 1034 3005 1100 Βασιλείᾳ)
3039 1035 3370 1102 ἐπισκόπῳ.

2198 1145 2270 1197 Τὸ
2303 1144 2400 1214 μὲν
2426 1145 2553 1209 τοὺς
2583 1146 2914 1213 ἀγνοοῦντας
2943 1149 3089 1218 ἡμᾶς
3115 1153 3238 1221 σιγῇ
3272 1151 3378 1204 τῶν
3405 1153 3528 1206 καθ’
3552 1156 3711 1226 ἡμῶν

2126 1235 2347 1288 ἀκούειν
2386 1235 2685 1308 λοιδοριῶν,
2741 1238 2894 1292 οὐδὲν
2946 1240 3206 1304 ἀπεικός·
3250 1241 3311 1295 τὸ
3348 1243 3404 1297 δὲ
3459 1245 3557 1316 τὴν
3611 1248 3710 1318 σὴν

2126 1327 2383 1396 ὁσιότητα
2417 1330 2528 1382 τῶν
2572 1331 3000 1402 λοιδορουμένων
3033 1333 3108 1404 μὴ
3151 1333 3446 1406 διελέγχειν
3473 1338 3534 1391 τὸ
3573 1339 3710 1408 ψεῦ-

2125 1417 2232 1483 δος,
2271 1420 2302 1491 ἢ
2340 1422 2576 1492 μετρίως
2601 1423 2762 1476 τοῦτο
2792 1427 2990 1488 ποιεῖν,
3021 1426 3115 1478 καὶ
3149 1425 3223 1496 μὴ
3262 1425 3382 1479 λίαν
3428 1429 3707 1500 ἐκθύμως,

2123 1511 2223 1565 οὐκ
2252 1512 2318 1566 ἄν
2353 1530 2438 1575 τις
2487 1515 2792 1580 πιστεύσοι,
2824 1516 2923 1587 τὴν
2959 1518 3234 1589 ὑμετέραν
3262 1520 3550 1590 συνήθειαν
3589 1523 3712 1576 ἑπι-

2126 1605 2415 1674 στόιμενος.
2449 1607 2563 1659 Οὐκ
2613 1597 2802 1678 ἐπειδὴ
2832 1609 2934 1677 τῆς
2971 1609 3231 1679 ἀληθείας
3261 1611 3342 1664 δεῖ
3379 1612 3480 1682 τὴν
3527 1613 3712 1681 φιλίαν

2126 1695 2464 1768 προκρίνειν,
2493 1699 2608 1751 ἀλλ’
2639 1700 2722 1752 ὅτι
2773 1702 2838 1770 τῇ
2867 1701 3020 1772 φιλίᾳ
3070 1703 3163 1756 καὶ
3215 1705 3247 1772 ἡ
3298 1703 3399 1773 τῆς
3452 1705 3713 1776 ἀληθείας

2124 1791 2384 1859 πρόσεστι
2411 1791 2707 1862 μαρτυρία.
2732 1795 2842 1846 Καὶ
2871 1793 2979 1864 γὰρ
3010 1796 3095 1847 ἐπ’
3125 1795 3419 1865 ἐκκλησίας
3445 1798 3713 1867 λεγόντων

2127 1881 2284 1950 ἡμῶν
2337 1883 2594 1944 πολλάκις
2636 1886 2874 1955 ἀκήκοεν
2932 1887 2964 1956 ή
3015 1886 3081 1954 σὴ
3142 1886 3440 1954 θεοσέϐεια,
3496 1892 3590 1944 καὶ
3652 1894 3713 1946 ὲν

2128 1973 2411 2043 συλλόγοις
2460 1977 2668 2046 ἑτέροις
2712 1978 3056 2050 δογματικῶν
3087 1980 3218 2049 ἡμῖν
3253 1981 3580 2050 κινηθέντων
3619 1985 3710 2037 λό-

2125 2081 2260 2132 γων,
2309 2069 2438 2130 τοὺς
2489 2070 2623 2138 παρ’
2661 2069 2817 2139 ἡμῶν
2867 2069 3193 2140 εἰρημένους
3246 2073 3556 2143 ἐπήκουσε·
3613 2077 3712 2131 καὶ

2125 2159 2226 2208 οὐκ
2257 2152 2371 2210 οῖδα
2403 2159 2624 2212 πώποτε
2674 2161 3044 2232 μεμψαμένην
3075 2163 3225 2233 ἡμῖν,
3272 2165 3345 2228 ὡς
3381 2166 3480 2218 οὐκ
3526 2167 3711 2237 ὀρθοῖς

2124 2250 2357 2320 δόγμασι
2409 2251 2707 2322 κέχρημαι,
2754 2254 2854 2324 τὴν
2907 2257 3005 2326 σὴν
3045 2256 3378 2314 θεοσέϐειαν.
3416 2260 3481 2316 Τί
3526 2262 3712 2316 τοίνυν

2125 2341 2218 2394 ἐπὶ
2247 2341 2340 2394 τού
2388 2343 2656 2414 παρόντος
2693 2346 2985 2418 γεγένηται
3016 2365 3030 2413 ;
3063 2349 3128 2402 Τί
3172 2350 3372 2420 δήποτε
3407 2353 3482 2423 μὴ
3514 2358 3706 2419 κινεῖς,

2123 2423 2169 2485 ὧ
2199 2432 2324 2503 φίλη
2355 2435 2586 2506 κεφαλὴ,
2610 2439 2753 2491 κατά
2779 2438 2871 2493 τοῦ
2897 2441 3125 2510 ψεύδους
3151 2445 3248 2513 τὴν
3275 2445 3541 2513 γλῶτταν,
3570 2448 3708 2500 ἀλλὰ

2124 2524 2216 2576 καὶ
2245 2525 2398 2593 φίλον
2433 2532 2963 2601 συκοφαντούμενον,
3000 2535 3094 2587 καὶ
3131 2535 3229 2606 τὴν
3263 2538 3521 2609 ἀλήθειαν
3547 2541 3708 2592 πολε·-

2126 2615 2405 2684 μουμένην
2458 2619 2771 2691 ὑπερορᾷςς
2809 2623 2872 2675 Εἰ
2904 2623 3005 2693 μὲν
3051 2625 3128 2688 ὡς
3181 2627 3400 2696 ἀπόρων
3448 2631 3541 2683 καὶ
3588 2631 3707 2684 λίαν

2125 2707 2375 2775 σμικρῶν
2402 2709 2644 2779 ἀμελῶν,
2677 2713 2777 2782 τῆς
2796 2716 3131 2788 Δε-σποτικῆς
3161 2719 3380 2790 ἐντολῆς
3402 2723 3706 2776 ἐπακοῦσαι

2123 2799 2388 2868 προσήκει
2445 2799 2741 2874 διαρρήδην
2796 2805 3046 2877 βοώσης’
3100 2828 3116 2859 ι
3149 2810 3342 2880 Ὁρᾶτε
3397 2813 3472 2884 μὴ
3536 2831 3710 2867 κατα-

2122 2893 2429 2962 φρονήσητε
2492 2894 2610 2959 ἐνὸς
2661 2897 2768 2950 τῶν
2832 2901 3047 2971 μικρῶν
3103 2903 3308 2957 τούτων
3365 2907 3476 2960 τῶν
3523 2909 3706 2980 ἐλαχί-

2123 2997 2262 3071 στων
2322 2983 2430 3036 τῶν
2472 2988 2837 3043 πιστευόντων
2886 2993 2965 3055 εἰς
3011 2993 3134 3064 ἐμέ.
3189 2996 3358 3068 Ἀμὴν
3413 2999 3522 3071 γὰρ
3559 3001 3704 3068 λέγω

2121 3070 2268 3138 ὑμῖν,
2302 3073 2351 3124 οἱ
2378 3073 2602 3141 ἄγγελοι
2636 3077 2815 3130 αὐτῶν
2849 3077 2970 3132 καθ’
3002 3083 3213 3152 ἡμέραν
3245 3085 3412 3156 δρῶσι
3442 3070 3504 3141 τδ
3535 3091 3704 3162 πρόσ-

2117 3180 2266 3214 ωπον
2289 3164 2384 3216 τοῦ
2431 3168 2645 3239 Πατρός
2682 3186 2785 3240 μου
2819 3170 2911 3224 τοῦ
2947 3175 3005 3226 ἐν
3041 3176 3309 3248 οὐρανοῖς.
3345 3200 3362 3231 ι
3399 3183 3460 3235 Εἰ
3501 3183 3557 3235 δὲ
3589 3185 3703 3237 τῶν

2119 3257 2574 3327 κατηγορούντων
2604 3263 2754 3331 ἡμᾶς
2793 3264 2825 3334 ἡ
2853 3264 3083 3336 δύναμις
3118 3272 3182 3340 τῇ
3219 3275 3282 3342 σῇ
3317 3273 3558 3346 gomet;
3599 3274 3701 3343 τὴν

2119 3349 2329 3418 σιωπὴν
2389 3354 2878 3423 πραγματεύεται,
2931 3359 3036 3430 χρὴ
3083 3361 3184 3430 τῆς
3235 3364 3428 3435 ἑτέρας
3468 3368 3701 3423 ἀκοῦσαι

2115 3441 2440 3509 νομοθεσίας
2482 3443 2748 3516 λεγούσης
2773 3465 2786 3478 ·
2844 3467 2861 3500 ι
2898 3453 2971 3503 Οὐ
3017 3452 3160 3524 λήψῃ
3199 3457 3491 3526 πρόσωπον
3541 3461 3703 3515 δυνά-

2117 3548 2261 3586 στου.
2297 3551 2314 3584 ι
2353 3535 2497 3587 Καί·
2527 3554 2546 3586 ι
2573 3538 2799 3592 Δικαίαν
2822 3541 3004 3610 κρίσιν
3036 3543 3274 3612 κρίνατε.
3307 3567 3325 3598 ι
3362 3549 3503 3602 Καί·
3536 3571 3555 3602 ‹
3583 3553 3700 3605 Οὐκ

2115 3623 2213 3694 ἔσῃ
2244 3624 2383 3693 μετά
2414 3625 2625 3679 πολλῶν
2655 3629 2746 3681 ἐπὶ
2778 3632 2966 3704 κακίᾳ..
2993 3652 3010 3684 ι
3046 3636 3186 3687 Καί·
3217 3656 3235 3687 ι
3258 3639 3546 3709 Καμμύων
3570 3643 3701 3708 τοὺς

2113 3712 2430 3781 ὀφθαλμοὺς
2464 3717 2651 3780 αὑτοῦ,
2679 3719 2766 3772 ἵνα
2818 3723 2892 3792 μὴ
2929 3723 3012 3796 ἴδῃ
3064 3725 3312 3780 ἀδικίαν·
3356 3732 3449 3783 καὶ
3501 3732 3698 3787 κλείων

2111 3805 2181 3858 τὰ
2213 3801 2326 3858 ὦτα
2372 3809 2559 3874 αὑτοῦ,
2593 3811 2679 3864 ἵνα
2721 3813 2795 3882 μὴ
2847 3816 3059 3889 ἀκούσῃ
3103 3820 3283 3890 κρίσιν
3324 3823 3554 3893 αἵματος
3584 3827 3701 3880 ἀδί-

2114 3913 2230 3951 κου.
2261 3917 2278 3949 ι
2309 3898 2416 3951 Καὶ
2451 3900 2687 3972 ἕτεραδὲ
2719 3906 2886 3973 μυρία
2914 3909 3136 3962 τοιαῦτα
3170 3911 3316 3965 ἔστιν
3341 3915 3520 3985 εὑρεῖν
3543 3921 3697 3989 παρᾶ

2111 3991 2176 4058 τῇ
2206 3987 2324 4059 θεία
2347 3990 2557 4062 Γραφῇ.
2592 3994 2658 4045 Ἃ
2684 3996 2934 4065 περιττὸν
2963 3999 3228 4054 ὑπέλαϐον
3263 4004 3529 4072 συλλέξαι,
3558 3987 3696 4080 πρῖσς

2112 4080 2281 4151 ἄνδρα
2325 4083 2554 4152 γράφων
2603 4089 2717 4150 τοῖς
2771 4087 2938 4153 θείοις
2986 4092 3423 4165 ἐντεθραμμένον
3452 4100 3693 4168 Λογίοις,

2110 4171 2204 4224 καὶ
2230 4171 2328 4241 τὴν
2360 4173 2743 4249 διδασκαλικὴν
2762 4181 2984 4251 ἀρδειαν
3009 4187 3387 4258 προσφέροντα
3411 4193 3521 4254 τοῖς
3545 4192 3697 4261 φιλο-

2110 4265 2352 4334 χρίστοις
2379 4265 2547 4331 λαοῖς.
2582 4270 2754 4325 Τοῦτο
2797 4275 2976 4328 τοίνυν
3015 4279 3174 4347 ⁸..όνον
3211 4281 3339 4350 ἐρῶ,
3369 4285 3450 4337 ὅτι
3491 4287 3694 4350 πάντες

2110 4358 2576 4429 παραστησόμεθα
2625 4362 2702 4432 τῷ
2757 4364 2964 4436 βήματι
3015 4371 3106 4422 τοῦ
3155 4374 3415 4444 Χριστοῦ,
3449 4379 3541 4430 καὶ¹
3581 4380 3694 4432 τῶν

2107 4444 2281 4514 λόγων
2313 4451 2404 4501 καὶ
2439 4442 2548 4504 τῶν
2576 4453 2755 4524 ἔργων
2802 4458 2900 4520 τὰς
2935 4461 3165 4527 εὐθύνας
3209 4466 3494 4538 ὑφέξομεν.
3546 4471 3692 4538 Ἐγὼ

413 4547 536 4603 quae
559 4543 863 4589 contrame
899 4533 1164 4587 dicuntur
1212 4549 1278 4587 ex
1331 4534 1563 4605 hujusce
1617 4533 2001 4591 recordatione

2116 4535 2162 4589 δὲ
2193 4538 2302 4590 τῶν
2334 4539 2509 4594 ἄλλων
2529 4543 2692 4596 ἕνεκα
2737 4547 2958 4604 πάντων
2987 4551 3142 4606 τοῦτο
3170 4555 3355 4620 δεδιὼς
3394 4557 3453 4610 τὸ
3499 4563 3691 4631 κριτήν

412 4625 594 4680 solatii
615 4640 810 4680 causas
841 4624 1104 4695 reperire.

833 4827 966 4883 CIII.
983 4827 1348 4897 ——Apollonio
1381 4829 1575 4881 comiti.

481 4941 596 4997 Deo
628 4941 854 5011 quidem
886 4939 1242 4994 charissimos
1267 4939 1556 5010 episc0pos
1590 4940 1643 4994 in
1670 4942 1875 5012 regiam
1900 4958 1996 4995 ur-

409 5032 533 5086 bem
575 5032 740 5086 traxit
769 5031 1046 5086 calumnia
1084 5030 1245 5086 nobis
1279 5032 1538 5086 omnibus
1567 5033 1823 5102 imposita
1852 5050 1864 5085 :
1894 5047 1995 5101 ego

390 5137 541 5207 ‘vero
591 5138 690 5191 per
743 5123 961 5178 illorum
1011 5123 1358 5177 sanctitatem
1409 5123 1831 5194 magniﬁcentia:
1890 5132 1994 5177 tuae

406 5215 642 5268 salutem
675 5213 822 5278 dico,
845 5223 902 5270 et
941 5215 1196 5271 amicitia:
1241 5215 1491 5271 debitum
1539 5215 1733 5277 reddo,
1769 5230 1879 5268 non
1933 5224 1993 5270 ut

405 5303 934 5361 desideratissimum
959 5287 1207 5364 debitum
1235 5323 1566 5378 expungam,
1599 5306 1694 5361 sed
1728 5315 1789 5360 ut
1817 5308 1991 5378 majus

402 5395 658 5452 eiiciam.
708 5397 977 5455 Amicitiae
1016 5416 1255 5470 namque
1302 5399 1490 5454 debita
1530 5397 1663 5451 dum
1702 5398 1992 5452 solvuntur

402 5497 694 5558 augentur.
723 5488 880 5556 Quod
913 5491 1098 5563 itaque
1121 5491 1416 5547 calumniae
1439 5489 1652 5542 fructus
1697 5504 1799 5542 nos
1849 5505 1988 5559 quo-

403 5597 510 5650 que
540 5580 1036 5653 degustaverimus,
1081 5583 1220 5639 nihil
1270 5591 1356 5637 est
1408 5581 1656 5635 absurdi.
1711 5582 1847 5635 Nam
1893 5582 1986 5651 qui

404 5670 566 5724 homo
595 5673 687 5736 sit,
717 5689 844 5727 eum
874 5690 974 5742 par
1003 5683 1087 5728 est
1110 5672 1295 5727 omnia
1317 5679 1654 5740 exspectare.
1679 5672 1986 5741 Eaproptcr

472 5802 518 5832 “
546 5801 736 5858 Matth.
761 5819 908 5870 xvni,
943 5805 1028 5858 -10,
1108 5805 1151 5834 ⁸⁷
1184 5803 1355 5858 Levit.
1387 5818 1493 5869 xix,
1529 5803 1614 5857 15.

1691 5804 1736 5836 ⁸⁸
1755 5803 1910 5859 Joan.
1949 5817 2042 5869 ιιι,
2073 5803 2160 5858 24.

2106 4643 2242 4721 ριον,
2284 4630 2343 4682 ὲν
2391 4635 2504 4696 τοῖς
2553 4635 2676 4688 καθ’
2706 4639 2865 4708 ἡμῶν
2905 4641 3216 4714 λεγομένοις
3265 4648 3327 4702 ἐκ
3370 4653 3466 4721 τῆς
3497 4652 3687 4705 τούτου

2109 4716 2328 4787 μνήμης
2361 4718 2625 4791 λαμϐάνω
2655 4725 2753 4794 τῆς
2783 4727 3143 4802 ψυχαγωγίας
3174 4737 3269 4801 τὰς
3302 4716 3577 4812 ἀφορμάς.

2441 4831 2559 4884 PI".
2591 4863 2662 4872 -—
2714 4837 3086 4909 Ἀπολλωνίῳ
3111 4847 3342 4915 κόμητι.

2175 4938 2314 5034 Τοὺς
2340 4941 2442 5009 μὲν
2472 4943 2920 5016 θεοφιλεστάτους
2945 4955 3278 5024 ἐπισκόπους
3301 4963 3383 5026 είς
3412 4963 3509 5034 τὴν
3533 4965 3690 5034 βασι-

2104 5028 2368 5086 λεύουσαν
2389 5034 2606 5089 εἵλκυσε
2637 5039 2793 5093 πόλιν
2832 5046 2865 5113 ἡ
2893 5046 3032 5100 κατὰ
3073 5050 3293 5106 πάντων
3324 5028 3482 5123 ἡμῶν
3523 5028 3678 5124 γεγε·

2104 5138 2166 5191 νη
2177 5121 2311 5191 μένη
2335 5128 2697 5195 συκοφαντία⁶
2733 5131 2842 5199 ἐγὼ
2869 5134 2926 5187 δὲ
2957 5136 3042 5190 διὰ
3073 5138 3173 5208 τῆς
3202 5121 3382 5196 αὐτῶν
3407 5121 3683 5211 ὀσεόέητος

2101 5214 2166 5281 τῇ
2202 5213 2267 5282 σῇ
2303 5215 2752 5292 μεγαλοπρεπείᾳ
2778 5227 3073 5296 προσφέρω
3106 5230 3204 5300 τὴν
3237 5235 3556 5300 πρόσρησιν,
3586 5238 3680 5288 καὶ

2098 5306 2198 5372 τῆς
2235 5305 2419 5373 φιλίας
2449 5309 2648 5364 ἐκτίνω
2677 5312 2738 5364 τὸ
2766 5316 2926 5385 χρέος
2945 5333 2959 5348 ο
2997 5320 3094 5382 οὐχ
3143 5323 3228 5369 ινα
3259 5318 3322 5371 τδ
3353 5322 3681 5394 τριπόθητον

2094 5396 2317 5467 ὄφλημα
2343 5399 2598 5466 διαλύσω,
2626 5403 2741 5456 ἀλλ’
2770 5405 2852 5458 ἵνα
2881 5402 3043 5456 πλέον
3078 5409 3421 5481 ὲργάσωμαι.
3459 5415 3538 5467 Τὰ
3568 5415 3680 5486 γὰρ

2094 5488 2193 5558 τῆς
2226 5490 2409 5555 φιλίας
2441 5493 2732 5559 ὀφλήματα
2762 5492 2852 5547 διὰ
2878 5495 2977 5563 τῆς
3024 5498 3286 5564 ὲκτίσεως
3327 5502 3568 5570 αὒξεται.
3603 5509 3678 5560 Τὸ

2096 5581 2282 5648 μέντοι
2315 5581 2410 5633 καὶ
2459 5583 2610 5652 ἡμᾶς
2661 5582 2773 5635 τῶν
2803 5585 2902 5657 τῆς
2948 5594 3316 5658 συκοφαντίας
3368 5596 3678 5652 ἀπολαῦσαι

2092 5673 2342 5743 καρπῶν,
2374 5668 2524 5725 οὐδὲν
2547 5674 2793 5740 ἀπεικός.
2833 5679 3153 5750 Ἄνθρωπον
3184 5685 3292 5756 γὰρ
3318 5687 3464 5751 ὄντα,
3496 5707 3676 5745 παν-τα

2239 5805 2282 5836 ⁹⁹
2311 5803 2484 5860 Exod.
2513 5823 2662 5876 xxm,
2692 5808 2765 5880 2.⁵
2845 5815 2858 5841 ³
2897 5812 2997 5866 lsa.
3044 5830 3229 5882 xxxiii,
3266 5815 3348 5870 15.
