4056 6460
245 461 271 523 ι
279 462 387 525 297

1626 459 1987 521 EPISTULA
2027 464 2163 525 CIV.

3380 473 3517 540 1298

233 571 323 624 δεῖ
354 570 684 641 προσδοκᾷν.
716 570 920 624 Τούτου
945 571 1009 642 δὴ
1035 572 1194 643 χάριν
1219 572 1331 633 τοῖς
1358 569 1667 639 φιλοσοφεῖν
1695 570 1832 623 δεδι-

1936 574 2023 639 iis,
2051 576 2145 645 qui
2177 577 2555 649 philosophari
2577 580 2896 646 didicerint,
2928 580 3158 637 ferenda
3196 582 3513 654 hujusmodi

231 663 540 734 δαγμένοις
586 664 656 717 τὰ
708 663 935 718 τοιαῦτα
970 665 1151 718 πάντα
1200 663 1320 715 ἐστὶ
1367 661 1616 733 φορητά’
1670 660 1729 714 ἓν
1771 661 1829 714 δὲ

234 754 406 824 μόνον
430 754 673 824 ἀνιαρὸν,
698 754 762 807 τὸ
781 753 962 826 λώϐης
980 753 1125 817 τινὸς
1150 752 1473 825 μεταλαχεῖν
1495 753 1594 823 τὴν
1623 752 1824 823 ψυχήν.

228 888 363 945 PA'.
410 919 484 929 ——
527 889 844 957 Φλαόιανῷ
887 888 1204 1011 satiandum
1256 889 1829 942 Κωνσταντινουπό-

954 998 971 1011 .
997 975 1125 1011 εωρ.

954 975 1125 1023 .ιεως.

302 1073 427 1127 Καὶ
476 1073 576 1144 ήδη
630 1089 725 1125 σου
777 1070 876 1144 τὴν
938 1071 1202 1141 ἁγιότητα
1250 1071 1317 1125 δι’
1372 1069 1573 1143 ἐτέρων
1617 1068 1831 1134 ἐδίδαξα

224 1165 610 1236 γραμμάτων,
660 1164 738 1228 ὡς
791 1164 1054 1233 ἄντικρυς
1100 1164 1252 1233 ἡμᾶς
1292 1161 1719 1231 συκοφαντοῦσιν
1779 1162 1829 1215 οι

226 1257 336 1328 τῆς
364 1257 647 1327 ἡμετέρας
696 1254 1130 1328 κατηγοροῦντες
1176 1253 1559 1317 διδασκαλίας’
1605 1255 1703 1308 καὶ
1735 1254 1828 1307 νῦν

225 1349 285 1400 δὲ
313 1347 588 1411 ὡσαύτως
610 1347 699 1401 διὰ
730 1345 839 1400 τῶν
872 1345 1301 1415 θεοφιλεστάτων
1331 1347 1646 1423 ἐπισκόπων
1674 1344 1830 1398 τοῦτο

227 1437 405 1502 ποιῶ,
430 1436 527 1491 καὶ
561 1437 759 1499 αὐτοὺς
786 1437 1074 1508 μάρτυρας
1105 1435 1243 1506 ἔχων
1280 1436 1379 1507 τῆς
1409 1436 1518 1489 τῶν
1542 1435 1829 1506 δογμάτων

226 1530 554 1601 ὀρθότητος,
587 1529 685 1581 καὶ
730 1529 927 1601 ἑτέρας
959 1529 1162 1596 πολλὰς
1196 1527 1467 1599 μυριάδας
1498 1526 1826 1599 ἀνθρώπων,

224 1622 277 1674 οἳ
322 1620 440 1674 τῶν
493 1621 780 1690 ἡμετέρων
830 1623 888 1675 ὲν
933 1623 1055 1684 ταῖς
1107 1620 1250 1674 κατὰ
1289 1619 1390 1690 τὴν
1440 1618 1582 1690 ἑῴαν
1633 1618 1829 1689 ἐκκληρ

228 1710 386 1773 aiat;
438 1710 692 1763 ἐπαΐουσι
737 1709 948 1778 λόγων
1007 1712 1104 1765 καὶ
1154 1712 1261 1783 πρὸ
1311 1711 1555 1777 τούτων,
1602 1710 1664 1763 τὸ
1705 1727 1829 1763 συν-

225 1802 401 1866 ειδὸς,
430 1802 530 1856 καὶ
554 1802 647 1856 τὸν
681 1802 775 1855 τοῦ
812 1803 1112 1866 συνειδότος
1149 1803 1449 1875 Ἐπόπτην.
1487 1799 1617 1857 Οἶδα
1649 1802 1706 1857 δὲ
1734 1804 1829 1857 καὶ

1934 675 2066 720 sunt
2090 669 2295 723 omnia.
2325 670 2507 726 Unum
2541 671 2809 728 duntaxat
2834 681 2918 729 est
2942 675 3256 741 molestum,
3293 674 3340 730 si
3382 675 3515 746 quid

1931 757 2119 814 damni
2144 759 2213 815 ad
2240 761 2477 817 animam
2501 763 2838 833 pervenerit.

2070 893 2204 951 CIV.
2225 926 2294 935 —
2312 895 2572 951 Flaviano
2598 899 2839 969 epiawpo
2866 897 3369 971 Constantinopolis.

2002 1071 2070 1126 Et
2107 1072 2229 1128 aliis
2264 1074 2378 1144 jam
2422 1073 2624 1130 litteris
2653 1075 3003 1131 sanctitatem
3035 1084 3185 1130 tuam
3217 1077 3513 1132 certiorem

1929 1160 2058 1225 feci,
2082 1171 2270 1233 aperte
2309 1164 2366 1218 in
2408 1180 2510 1220 nos
2536 1165 2866 1220 calumniari
2904 1181 3003 1222 eos
3048 1166 3142 1237 qui
3199 1165 3512 1221 doctrinam

1929 1260 2174 1307 nostram
2214 1254 2539 1309 insimulant
2565 1274 2577 1308 :
2614 1264 2672 1310 et
2703 1271 2853 1310 nunc
2882 1272 3076 1311 rursus
3114 1272 3211 1326 per
3239 1256 3352 1312 Deo
3379 1256 3514 1312 cha-

1930 1342 2179 1399 rissimos
2207 1344 2496 1415 episcopos
2528 1345 2741 1417 1173
2769 1345 2915 1401 idem
2940 1346 3104 1412 facio,
3162 1361 3289 1402 cum
3342 1355 3518 1402 recto-

1929 1451 2050 1490 rum
2073 1435 2390 1513 dogmatum
2415 1446 2471 1493 et
2501 1438 2652 1508 ipsos
2674 1448 2845 1495 testes
2880 1439 3138 1503 habeam,
3184 1447 3241 1494 et
3279 1438 3515 1493 aliorum

1929 1528 2214 1583 hominum
2266 1545 2562 1585 numerum
2608 1530 2908 1596 inﬁnitum,
2935 1531 3032 1601 qui
3067 1530 3123 1584 in
3148 1529 3392 1585 Orientis
3424 1545 3519 1584 ec-

1929 1616 2109 1678 clesiis
2132 1637 2419 1678 sermones
2468 1633 2692 1679 nostros
2733 1623 2993 1688 audiunt,
3031 1631 3198 1693 atque
3243 1621 3518 1677 ante'hos

1928 1728 2121 1768 omnes
2164 1713 2582 1779 conscientiam,
2627 1723 2685 1769 et
2728 1706 3103 1784 lnspectOrem
3136 1711 3513 1767 conscientiae.

1929 1804 2056 1860 Scio
2098 1803 2246 1858 enim
2280 1803 2530 1859 divinum
2571 1820 2794 1875 quoque
2838 1804 3162 1875 Apostolum
3196 1803 3515 1860 testimonio

224 1894 325 1946 τὸν
380 1892 525 1946 θεῖον
563 1894 885 1949 Ἀπόστολον
936 1895 1196 1959 πολλάκις
1247 1898 1314 1967 τῇ
1374 1896 1469 1951 τοῦ
1529 1896 1827 1960 συνειδότος

1935 1912 2177 1968 persaepe
2202 1913 2361 1952 usum
2411 1912 2535 1953 esse
2582 1897 2973 1955 conscientiae:
3029 1916 3048 1949 ι
3087 1896 3275 1953 Gloria
3323 1902 3515 1950 nostra

231 1985 525 2056 μαρτυρίᾳ
554 1988 919 2058 χρησάμενον.
946 2007 962 2038 ι
986 1987 1050 2040 Ἢ
1078 1987 1186 2058 γὰρ
1209 1987 1475 2058 καύχησις
1501 1989 1657 2057 ἡμῶν
1686 1987 1827 2053 αὕτη

227 2075 380 2139 ἐστὶ,
422 2073 485 2127 τὸ
536 2075 840 2147 μαρτύριον
887 2075 987 2145 τῆς
1042 2075 1398 2148 συνειδήσεως
1447 2075 1624 2147 ἡμῶν.
1654 2094 1674 2127 ι
1718 2077 1829 2130 Καὶ

229 2163 404 2217 πάλιν
428 2180 443 2195 ο
470 2184 489 2217 ι
529 2164 811 2235 ’Δλήθειαν
861 2164 1006 2233 λέγω
1038 2167 1096 2218 ὲν
1141 2164 1384 2236 Χριστῷ,
1424 2166 1485 2219 οὑ
1541 2165 1826 2236 ψεύδομαι,

231 2254 750 2327 συμμαρτυρούσης
781 2273 872 2327 μοι
901 2255 1001 2327 τῆς
1039 2254 1398 2328 συνειδήσεώς
1430 2273 1531 2327 μου
1565 2259 1624 2311 ὲν
1658 2255 1829 2311 Πνεύ-

234 2365 374 2418 ματι
394 2347 562 2417 ἁγίῳ.
591 2365 612 2400 ι

307 2462 479 2515 ’ίστω
509 2462 690 2516 τοίνυν
721 2463 754 2535 ή
789 2462 909 2533 ἱερά
945 2478 1039 2515 σου
1072 2463 1164 2516 καὶ
1197 2461 1449 2533 θεοφιλὴς
1475 2462 1710 2534 κεφαλὴ,
1746 2464 1827 2528 ὼς

226 2551 411 2615 οὐδεὶς
432 2551 593 2622 ἡμῶν
621 2552 825 2623 ἀκήκοε
857 2550 1079 2607 πώποτε
1110 2552 1204 2606 δύο
1238 2552 1621 2624 κηρυττόντων
1648 2553 1822 2618 υἱούς.

230 2644 327 2713 Τῷ
349 2644 468 2697 ὄντι
494 2644 601 2716 γάρ
628 2662 718 2715 μοι
743 2644 988 2715 μυσαρὸν
1014 2646 1107 2699 καὶ
1135 2644 1396 2709 δυσσεϐὲς
1422 2646 1540 2699 τόδε
1567 2646 1626 2700 τὸ
1649 2646 1828 2717 δόγμα

226 2734 403 2788 δοκεῖ.
457 2730 553 2798 Εἷς
603 2738 712 2807 γὰρ
752 2734 959 2805 Κύριος
1011 2734 1221 2807 Ἰησοῦς
1261 2737 1516 2807 Χριστὸς,
1559 2737 1627 2790 δι’
1656 2731 1718 2791 οὗ
1760 2736 1830 2792 τὰ

232 2826 443 2879 πάντα.
480 2825 685 2880 Τοῦτον
719 2825 830 2895 ἐγὼ
872 2827 969 2880 καὶ
997 2827 1131 2881 Θεὸν
1183 2828 1514 2900 προαιώνιον
1551 2825 1690 2892 οἶδα,
1732 2830 1831 2883 καὶ

232 2918 531 2989 ἄνθρωπον
576 2918 662 2971 ἐπ’
707 2919 938 2989 ἐσχάτου
977 2918 1087 2972 τῶν
1146 2920 1392 2992 ἡμερῶν,
1444 2922 1540 2974 καὶ
1588 2921 1719 2992 μίαν
1755 2922 1832 2986 ὡς

229 3009 543 3076 Μονογενεῖ
586 3009 883 3081 προσφέρω
928 3010 1322 3081 προσκύνησιν.
1379 3012 1589 3079 Σαρκὸς
1645 3013 1831 3083 μέντοι

1932 1990 2050 2045 haec
2093 1995 2198 2055 est,
2246 1988 2624 2045 testimonium
2669 1988 3025 2044 conscientiae
3072 1986 3354 2052 nostrae';
3404 2004 3424 2039 ι
3458 1996 3517 2040 ct

1931 2095 2149 2135 rursum
2184 2096 2199 2133 :
2249 2078 2267 2131 ὁ
2296 2079 2599 2135 Veritatem
2652 2083 2670 2103 ‘
2718 2080 2844 2135 dico
2872 2079 2927 2134 in
2958 2078 3202 2144 Christo,
3223 2094 3334 2133 non
3359 2091 3516 2133 men-

1930 2172 2062 2235 tior,
2094 2171 2475 2226 testimonium
2495 2172 2636 2227 mihi
2663 2171 2994 2243 perhibente
3028 2168 3370 2227 conscientia
3395 2182 3516 2224 mea

1932 2263 1990 2318 in
2018 2262 2230 2334 Spiritu
2261 2273 2452 2319 sancto
2478 2264 2525 2317 ³.
2555 2274 2575 2315 ι

2002 2465 2154 2521 Sciat
2188 2480 2324 2537 ergo
2350 2481 2577 2521 sacrum
2603 2466 2831 2535 Deoque
2868 2465 3101 2520 charum
3142 2470 3309 2534 caput
3336 2471 3514 2529 tuum,

1930 2554 2211 2610 neminem
2263 2569 2368 2609 nos
2401 2570 2642 2625 unquam
2685 2554 2827 2610 duos
2851 2554 2995 2609 ﬁlios
3024 2553 3391 2624 praedicantes
3414 2568 3517 2607 au-

1932 2645 2121 2702 diisse.
2154 2645 2362 2701 Revera
2401 2646 2548 2701 enim
2572 2645 2971 2701 exsecrandum
3011 2644 3150 2699 mihi
3178 2645 3285 2699 hoc
3317 2643 3515 2715 dogma

1931 2747 1990 2793 et
2036 2737 2269 2809 impium
2319 2737 2561 2793 videtur.
2618 2737 2775 2793 Unus
2821 2736 3096 2806 siquidem
3138 2745 3225 2790 est
3251 2734 3517 2789 Dominus

1931 2828 2101 2884 Iesus
2121 2829 2396 2893 Christus,
2428 2845 2535 2900 per
2550 2843 2719 2899 quem
2734 2828 2940 2882 omnia.
2963 2826 3122 2882 Hunc
3142 2841 3245 2897 ego
3263 2834 3322 2880 et
3341 2826 3514 2879 Deum

1934 2929 2060 2976 ante
2106 2922 2306 2977 saecula
2349 2921 2501 2986 novi,
2559 2928 2619 2976 et
2662 2921 2943 2975 hominem
2995 2919 3055 2973 in
3114 2917 3223 2973 line
3273 2917 3517 2979 dierum,

1933 3028 2210 3083 unamque
2240 3023 2503 3084 tanquam
2527 3010 2824 3083 Unigenito
2846 3010 3226 3065 adorationem
3257 3008 3518 3064 exhibeo.

234 3101 337 3154 καὶ
367 3100 626 3170 θεότητος
654 3101 716 3154 τὸ
740 3101 999 3173 διάφορον
1043 3103 1360 3173 ἐδιδάχθηνο
1390 3105 1698 3176 ἀσύγχυτος
1721 3108 1832 3179 γὰρ

1935 3104 2131 3161 Carnis
2158 3115 2339 3162 tamen
2363 3114 2421 3161 et
2441 3104 2749 3160 divinitatis
2775 3102 3078 3157 discrimen
3113 3100 3345 3157 edoctus
3373 3114 3518 3155 sum:

234 3193 273 3260 ἡ
340 3192 558 3255 ἓνωσις.
599 3191 759 3246 Οὕτω
818 3194 960 3248 κατὰ
1003 3195 1105 3265 τῆς
1160 3196 1369 3267 ’Δρείου
1416 3198 1511 3251 καὶ
1563 3199 1829 3270 Εὑνομίου

1936 3196 2226 3252 inconfusa
2285 3196 2489 3267 quippe
2530 3203 2616 3250 est
2666 3193 2818 3248 unio.
2863 3191 2979 3248 Hoc
3029 3192 3196 3247 modo
3253 3191 3522 3246 adversus

234 3284 719 3356 παραταττόμενοι
745 3284 964 3357 λύττης,
996 3288 1169 3358 ῥᾷστα
1216 3288 1323 3359 τὴν
1355 3289 1497 3343 κατὰ
1526 3290 1621 3344 τοῦ
1655 3293 1832 3345 Μονο-

1935 3288 2050 3344 Arii
2094 3298 2151 3344 et
2196 3262 2454 3343 Ευιὶοιίιῖί
2504 3287 2713 3341 rabiem
2758 3284 3037 3345 instructi.
3067 3290 3278 3338 temere
3306 3280 3522 3336 abillis

230 3374 435 3442 γενοῦς
488 3377 621 3447 παρ’
653 3376 837 3430 αὐτῶν
878 3378 1236 3451 τολμωμένην
1272 3380 1628 3453 διελέγχομεν
1660 3383 1831 3453 βλασ-

233 3466 480 3537 φημίαν,
513 3467 580 3521 τὰ
619 3468 888 3533 ταπεινῶς
933 3471 1201 3541 εἰρημένα
1246 3473 1375 3543 περὶ
1406 3473 1500 3526 τοῦ
1534 3475 1828 3542 Δεσπότου,

236 3559 339 3612 καὶ
392 3561 460 3629 τῇ
511 3557 779 3632 ληφθείσῃ
827 3560 987 3632 φύσει
1031 3562 1378 3634 προσφνόρως,
1424 3564 1500 3628 ὡς
1549 3565 1831 3640 ἀνθρώπῳ

231 3650 679 3722 προσάπτοντες,
712 3653 806 3705 καὶ
843 3648 908 3707 αὖ
947 3654 1107 3716 πάλιν
1137 3654 1211 3717 ὡς
1255 3653 1375 3726 Θεῷ
1414 3655 1483 3709 τὰ
1516 3656 1829 3730 θεοπρεπῆ,

232 3746 335 3799 καὶ
365 3744 466 3814 τῆς
494 3745 708 3814 φύσεως
739 3746 956 3819 ἐκείνης
975 3749 1252 3819 δηλωτικὰ
1275 3767 1289 3782 ο
1316 3751 1418 3805 οὐκ
1442 3753 1523 3815 εἰς
1548 3751 1641 3805 δύο
1664 3753 1835 3823 πρόσ-

231 3853 369 3890 ωπα.
397 3836 756 3909 διαιροῦντες,
786 3838 923 3893 ἀλλὰ
960 3838 1038 3910 τῷ
1071 3839 1153 3893 ἑνὶ
1183 3842 1485 3910 Μονογενεί
1529 3844 1624 3898 καὶ
1658 3842 1835 3897 ταῦτα

234 3931 473 3982 κάκεῖνα
498 3932 799 4001 προσήκειν
832 3931 1209 3997 διδάσκοντεςο
1239 3934 1307 3987 τὰ
1336 3934 1435 4004 μὲν
1460 3934 1535 3999 ὡς
1567 3934 1708 4007 Θεῷ,
1738 3937 1834 3990 καὶ

235 4020 474 4090 Ποιητῇ,
496 4020 592 4073 καὶ
614 4022 857 4093 Δεσπότῃ
897 4022 1006 4077 τῶν
1044 4023 1204 4089 ὅλων,
1240 4024 1310 4078 τὰ
1345 4026 1403 4078 δὲ
1445 4025 1521 4088 ὡς
1558 4026 1834 4097 ἀνθρώπῳ

232 4110 306 4163 δι’
331 4112 482 4181 ἡμᾶς
510 4113 810 4184 γενομένῳ.
843 4114 1171 4185 Ἄνθρωπον
1192 4115 1250 4169 δὲ
1278 4116 1441 4169 αὐτὸν
1466 4116 1499 4185 ἡ
1536 4115 1656 4171 θεία
1684 4116 1835 4186 λέγει

234 4203 578 4273 γεγενῆσθαι
601 4205 817 4277 Γραφὴ,
846 4207 907 4260 οὐ
935 4208 1035 4278 τῆς
1060 4207 1317 4278 θεότητος
1343 4210 1670 4281 τραπείσης,
1698 4210 1834 4264 ἀλλὰ

233 4297 345 4366 τῆς
378 4295 728 4369 ἀνθρωπίνης
767 4296 985 4367 φύσεως
1015 4299 1083 4350 ἐκ
1109 4299 1425 4371 σπέρματος
1453 4300 1709 4372 Ἀϐραὰμ
1737 4300 1833 4371 λη-

236 4387 498 4459 φθείσης.
552 4388 724 4444 Τοῦτο
781 4391 891 4461 γὰρ
931 4394 959 4446 ὁ
1004 4391 1146 4455 θεῖος
1197 4383 1523 4458 Ἆπόστολος
1574 4393 1834 4462 ἄντικρυς

239 4473 370 4545 βοᾷ,
419 4474 593 4545 λέγων
616 4492 631 4506 ·
668 4496 687 4529 ι
729 4479 813 4532 Οὐ-
851 4478 959 4549 γὰρ
1010 4479 1184 4550 δήπου
1236 4481 1489 4550 ἀγγέλων
1524 4482 1834 4553 ἐπιλαμϐά-

1934 3379 2205 3451 prolatam
2241 3388 2435 3434 contra
2451 3378 2810 3449 Unigenitum
2832 3374 3235 3446 blasphemiam
3257 3372 3518 3428 facillime

1934 3472 2336 3537 convincimus,
2386 3485 2452 3525 ea
2508 3485 2631 3541 quae
2683 3468 2972 3524 humiliter
3019 3466 3088 3521 de
3119 3465 3355 3520 Domino
3383 3478 3512 3518 con-

1934 3573 2304 3638 gruenterque
2327 3570 2622 3633 assumptae
2647 3570 2858 3616 natura).
2898 3559 3047 3614 dicta
3102 3565 3251 3621 sunt,
3308 3562 3370 3609 ut
3414 3554 3521 3608 lio-

1933 3657 2069 3712 mini
2101 3656 2445 3726 adaptantcs,
2477 3662 2535 3710 et
2569 3660 2630 3708 ut
2671 3654 2783 3708 Deo
2808 3651 2901 3706 illa
2946 3647 3189 3704 vicissim
3238 3660 3362 3716 qua:
3406 3644 3522 3699 Deo

1936 3750 2099 3821 digna
2146 3758 2294 3813 sunt,
2326 3758 2384 3805 et
2423 3759 2680 3803 naturam
2724 3745 2875 3801 illam
2926 3743 3353 3799 demonstrant:
3407 3753 3519 3793 non

1936 3840 1993 3894 in
2045 3839 2187 3894 duas
2236 3852 2503 3909 personas
2550 3835 2884 3899 dividentes,
2921 3832 3017 3901 sed
3067 3830 3365 3901 Unigenito
3400 3836 3519 3883 tum

1936 3933 2075 3997 haec,
2136 3940 2252 3985 tum
2316 3930 2408 3984 illa
2464 3927 2761 3984 convenire
2805 3925 3114 3980 docentes:
3163 3921 3269 3976 alia
3296 3919 3522 3990 quidem

1936 4033 2197 4093 tanquam
2226 4022 2342 4077 Deo
2387 4030 2446 4077 et
2481 4019 2679 4075 factori
2729 4025 2788 4073 et
2841 4017 3077 4072 Domino
3114 4014 3520 4075 universorum,

1936 4116 2044 4170 alia
2092 4123 2352 4184 tanquam
2407 4112 2622 4167 homini
2680 4116 2907 4180 propter
2954 4122 3060 4162 nos
3092 4106 3259 4161 facto.
3295 4104 3521 4159 Factum

1936 4215 2120 4263 autem
2162 4206 2444 4260 hominem
2479 4204 2636 4258 illum
2675 4202 2863 4257 divina
2886 4201 3172 4270 Scriptura
3195 4195 3383 4260 tradit,
3408 4209 3533 4249 non

1935 4299 2225 4354 divinitate
2254 4304 2485 4361 mutata,
2521 4294 2619 4350 sed
2647 4302 2926 4364 assumpta
2949 4292 3018 4346 de
3046 4288 3256 4345 semine
3285 4286 3533 4342 Abrahar

1936 4392 2178 4446 humana
2200 4396 2421 4443 natura.
2453 4385 2572 4442 Hoc
2616 4383 2833 4457 1174
2876 4381 3026 4438 enim
3075 4386 3265 4450 aperte
3316 4378 3523 4432 clamat

1938 4481 2161 4537 divinus
2191 4478 2510 4550 Apostolus,
2556 4476 2749 4532 dicens
2780 4492 2799 4529 :
2856 4492 2875 4525 ι
2902 4473 3185 4541 Nusquam
3227 4468 3376 4524 enim
3420 4483 3524 4523 an-

237 4582 421 4633 νεται,
469 4567 605 4621 ἀλλὰ
678 4570 992 4641 σπέρματος
1061 4570 1313 4643 ’Δϐραὰμ
1366 4573 1830 4644 ἐπιλαμϐάνεται’

1940 4573 2089 4645 gelos
2141 4569 2394 4637 assumit,
2437 4567 2537 4624 sed
2584 4578 2774 4625 semen
2796 4563 3031 4621 Abrahae
3063 4559 3339 4647 assumit;
3374 4557 3526 4614 unde

236 4658 371 4712 ὅθεν
391 4659 624 4728 ὤφειλεν
648 4663 791 4716 κατὰ
821 4663 1000 4717 πάντα
1018 4665 1130 4727 τοῖς
1152 4663 1404 4734 ἀδελφοῖς
1424 4664 1779 4736 ὁμοιωθῆναι.
1810 4684 1829 4717 ι

1940 4664 2136 4720 debuit
2159 4677 2260 4733 per
2279 4659 2466 4716 omnia
2486 4656 2755 4713 fratribus
2775 4652 3007 4711 similari
3032 4651 3076 4707 ⁸.
3111 4671 3131 4704 ι
3166 4649 3236 4706 Et
3259 4663 3480 4704 rursum
3507 4664 3539 4703 :.

236 4750 360 4804 Καὶ
392 4751 553 4805 πάλιν
580 4770 594 4783 ο
635 4772 654 4805 ι
673 4752 762 4824 Τῷ
786 4753 843 4807 δὲ
880 4753 1133 4826 Ἀϐραὰμ
1174 4756 1481 4827 ἐρρέθησαν
1506 4757 1563 4810 αἱ
1593 4758 1839 4826 ἐπαγγε-

236 4840 383 4904 λίαι,
418 4842 513 4895 καὶ
561 4842 641 4914 τῷ
675 4846 954 4917 σπέρματι
1000 4844 1189 4898 αὐτοῦ.
1232 4847 1307 4899 Οὐ
1352 4846 1525 4916 λέγει,
1573 4849 1684 4902 Καὶ
1727 4852 1840 4914 τοῖς

241 4932 586 5003 σπέρμασιν,
615 4935 691 5000 ὡς
741 4938 834 4990 ἐπὶ
866 4937 1098 5003 πολλῶν,
1147 4937 1260 4991 ἀλλ’
1295 4938 1371 5003 ὡς
1409 4940 1494 5011 ἐφ’
1543 4941 1683 5006 ἑνὸς,
1726 4941 1842 4995 Καὶ

239 5021 321 5092 τῷ
359 5024 638 5095 σπέρματί
667 5044 784 5096 σου,
816 5029 875 5093 ὃς
901 5031 1017 5083 ἐστι
1050 5030 1304 5102 Χριστός.
1349 5050 1367 5082 ι

314 5110 510 5165 Ταῦτα
537 5115 632 5168 καὶ
671 5116 741 5169 τὰ
772 5118 998 5171 τοιαῦτα
1029 5119 1129 5190 τῆς
1161 5118 1312 5183 θείας
1353 5119 1577 5192 Γραφῆς
1611 5121 1838 5192 περικό-

240 5203 455 5272 ψαντες
486 5203 686 5273 Σίμων,
724 5209 817 5262 καὶ
852 5210 1190 5280 Βασιλείδης,
1228 5212 1321 5265 καὶ
1355 5212 1693 5278 Βαλεντῖνος,
1738 5216 1835 5269 καὶ

242 5294 637 5365 Βαρδησάνης,
669 5300 762 5349 καὶ
787 5301 1073 5373 Μαρκίων,
1105 5304 1200 5358 καὶ
1217 5307 1245 5358 ὁ
1264 5304 1367 5375 τῆς
1399 5304 1600 5374 μανίας
1623 5304 1838 5359 ἐπώνυ-

244 5400 375 5455 μος,
408 5383 571 5453 μόνον
602 5384 734 5439 Θεὸν
775 5387 1107 5446 ἀποκαλοῦσι
1137 5394 1229 5447 τὸν
1263 5394 1542 5465 Δεσπότην
1572 5395 1837 5466 Χριστὸν,

238 5474 406 5529 οὐδὲν
431 5473 770 5546 ἀνθρώπειον
795 5479 1013 5549 ἔχοντα,
1049 5481 1185 5536 ἀλλὰ
1215 5485 1487 5557 φαντασία
1507 5485 1602 5539 καὶ
1622 5486 1840 5557 δοκήσει

238 5565 499 5636 φανέντα.
538 5570 649 5631 τοῖς
699 5569 1010 5640 ἀνθρώποις
1055 5571 1131 5637 ὡς
1187 5573 1493 5646 ἄνθρωπον.
1551 5579 1612 5630 0i
1670 5577 1726 5630 δὲ
1775 5577 1845 5632 τὶς

252 5656 481 5727 Ἀρείου
516 5660 611 5711 καὶ
652 5661 916 5733 Εὐνομίου
958 5664 1310 5735 φρονοῦντες,
1342 5668 1503 5739 σῶμα
1544 5670 1703 5739 μόνον
1747 5672 1842 5725 ἀν-

1944 4777 1962 4809 ι
1996 4755 2234 4811 Abrahae
2255 4753 2417 4809 dictae
2439 4758 2569 4807 sunt
2589 4747 3070 4820 repromissiones,
3092 4753 3149 4801 et
3169 4742 3365 4799 semini
3383 4742 3527 4813 ejus.

1935 4848 2057 4904 Non
2078 4846 2215 4902 dicit
2239 4863 2253 4900 :
2278 4845 2348 4900 Et
2372 4842 2701 4908 seminibus,
2734 4839 2894 4911 quasi
2918 4838 2976 4892 in
3000 4835 3211 4903 multis,
3238 4834 3337 4891 sed
3361 4833 3541 4905 quasi

1937 4940 1996 4996 in
2021 4953 2177 4995 uno:
2205 4938 2276 4993 Et
2303 4936 2502 4993 semini
2527 4943 2643 5002 tuo;
2667 4933 2764 5004 qui
2790 4941 2885 4988 est
2902 4928 3161 4986 Christus
3179 4927 3223 4980 ⁸.
3255 4945 3275 4978 ι

2014 5119 2155 5175 Haec
2186 5125 2242 5173 et
2297 5116 2405 5171 alia
2461 5110 2779 5186 huiusmodi
2820 5124 2852 5164 e
2878 5108 3067 5164 divina
3094 5106 3526 5176 Scriptura-am-

1944 5217 2204 5283 putantes
2233 5194 2445 5273 Simon,
2478 5216 2534 5261 et
2556 5203 2841 5268 Basilides,
2877 5209 2935 5255 et
2957 5199 3303 5262 Valentinus,
3321 5203 3379 5250 et
3398 5194 3536 5249 Bar-

1946 5302 2200 5366 desanes,
2220 5308 2277 5355 et
2297 5298 2560 5363 Marcion,
2582 5303 2639 5351 et
2662 5294 2757 5365 qui
2789 5293 2858 5348 ah
2892 5291 3106 5347 insania
3137 5303 3336 5345 nomen
3364 5285 3531 5340 habet

1947 5392 2204 5467 (Manes),
2257 5392 2432 5446 Deum
2482 5384 2866 5443 tantummodo
2917 5383 3197 5454 appellant
3247 5376 3530 5467 Christum

1947 5465 2263 5551 Dominum,
2295 5483 2392 5554 qui
2422 5479 2649 5537 humani
2682 5478 2886 5534 habeat
2906 5473 3069 5539 nihil,
3103 5470 3199 5527 sed
3242 5465 3529 5539 phantasia

1947 5585 2006 5633 ct
2058 5576 2243 5646 Specie
2289 5574 2442 5628 velut
2490 5571 2656 5627 homo
2706 5562 3026 5639 apparuerit
3051 5557 3390 5616 hominibus.
3424 5554 3523 5621 Qui

1950 5645 2101 5726 vero
2139 5668 2328 5723 Arium
2385 5674 2671 5723 sectantur
2700 5671 2757 5718 et
2789 5654 3142 5715 Eunomium.
3176 5652 3352 5707 Deum
3386 5645 3526 5704 Ven

342 5857 362 5887 ³
396 5855 441 5909 ll
462 5856 591 5911 Cor.
619 5876 655 5926 ι,
698 5861 778 5916 l2.
858 5865 876 5893 ³
902 5865 1059 5919 [luit].
1090 5883 1163 5933 ix,
1196 5868 1243 5921 l.
1324 5870 1341 5902 ⁸
1368 5869 1533 5927 llehr.
1571 5889 1625 5939 η,
1656 5873 1738 5927 16.
1816 5875 1832 5905 ⁵

1935 5872 2041 5927 dat.
2069 5887 2148 5936 nt,
2180 5870 2264 5925 16.
