4056 6426
329 305 478 371 1301

666 419 786 473 PZ’.
816 449 884 461 —-
912 420 1176 485 Θεοδότῳ
1211 426 1638 495 πρεσϐυτέμρυ

415 532 533 585 Οὐκ
564 531 754 587 ἔλαθον
782 535 831 587 oi
859 535 957 605 τῆς
986 535 1086 605 σῆς
1119 535 1392 620 φιλοθεΐας
1415 539 1647 608 ἀγῶνες,
1680 542 1771 608 οὒς
1798 545 1937 615 ὑπὲρ

328 624 454 678 τῶν
503 625 876 693 ἀποστολικῶν
929 630 1163 697 ἀνεδέξω
1217 632 1503 703 δογμάτων
1528 649 1542 663 ’
1584 632 1701 687 ἀλλ’
1754 635 1937 705 ᾄδουσι

328 714 568 781 τούτους
592 717 655 770 ού
696 718 855 789 μόνον
887 722 935 773 οί
959 722 1127 794 πείρᾳ
1154 724 1561 793 μεμαθηκότες,
1594 725 1734 779 ἀλλά
1759 728 1855 780 καὶ
1885 730 1934 780 οί

336 808 503 879 παρὰ
526 808 731 863 τούτων
761 811 1081 881 ἀκηκοότες.
1110 814 1273 885 Ἔχου
1297 816 1497 881 τοίνυν,
1533 809 1578 868 ὦ
1606 815 1733 885 φίλη
1768 833 1939 885 κεφα-

330 898 436 970 λὴ,
492 899 600 953 τῶν
651 900 897 968 ἀγώνων,
956 905 1050 957 καὶ
1100 904 1209 958 τῶν
1258 905 1527 976 πατρῴων
1563 907 1938 978 ύπεράθλησον

326 990 655 1064 δογμάτων.
699 993 870 1064 ’Υπὲρ
891 986 967 1050 ὧν
994 996 1090 1049 καὶ
1110 998 1273 1067 ἡμεῖς
1304 997 1632 1068 πολλαχόθεν
1671 997 1938 1069 βαλλόμε-

332 1082 439 1148 θα,
495 1084 717 1148 καὶτὰς
757 1086 1054 1157 τρικυμίας
1104 1088 1386 1159 δεχόμενοι
1436 1090 1529 1143 τὸν
1582 1090 1938 1162 κυϐερνήτην

328 1173 734 1245 ἀντιϐολοῦμεν
773 1176 806 1246 ἢ
861 1176 1072 1238 νεῦσαι.
1120 1180 1217 1230 καὶ
1261 1178 1353 1231 τὸν
1395 1178 1642 1232 κλύδωνα
1678 1178 1858 1245 λῦσαι,
1902 1179 1934 1250 ἢ

332 1270 462 1330 τοῖς
495 1267 972 1339 κλυδωνιζομένοις
1002 1270 1224 1340 ἀνδρίαν
1258 1270 1608 1341 χαρίσασθαι.

666 1380 795 1435 PH’.
831 1411 903 1422 —
946 1382 1200 1446 Ἀκακίῳ
1219 1385 1615 1454 πρεσϐυτέρῳ.

432 1497 666 1568 Ἀληθὴς
698 1499 807 1570 ἄρα
844 1502 877 1571 ἡ
915 1501 1016 1571 τῆς
1069 1504 1360 1573 Δαυῖτικῆς
1408 1504 1674 1575 μελῳδίαις
1704 1506 1937 1577 ὑπόσχε-

335 1606 435 1653 σις
459 1604 473 1618 ·
504 1590 568 1641 τὸ
591 1590 699 1661 γάρ
725 1592 947 1661 Πνεῦμα
969 1595 1067 1663 τῆς
1098 1593 1355 1664 ἀληθείας
1387 1594 1457 1648 δι’
1486 1597 1695 1649 ἐκείνου
1734 1597 1938 1668 ταύτην

240 1713 244 1716 ι
337 1683 719 1752 προσενήνοχε
757 1686 869 1746 τοῖς
900 1685 1280 1739 πιστεύουσινο
1321 1705 1339 1737 ι
1391 1688 1768 1759 ’Δποκάλυψον
1801 1690 1939 1761 πρὸς

1722 324 2081 387 EPISTULA
2118 329 2266 388 CIX.

3501 316 3637 384 1302

2381 433 2538 489 CVII:
2570 464 2638 472 ——-
2667 428 2927 487 Theodoto
2961 427 3279 503 presbytero.

2115 543 2231 597 Non
2255 545 2441 614 jacent
2474 544 2529 598 in
2559 544 2803 599 tenebris
2833 544 3158 607 certamina,
3187 558 3309 612 quae
3336 540 3513 613 pietas
3535 549 3629 597 tua
3654 540 3721 614 if

2041 651 2145 704 pro
2172 636 2492 705 apostolicis
2519 636 2869 707 dogmatibus
2900 635 3167 691 sustinuit
3193 652 3206 689 :
3239 635 3335 691 sed
3367 634 3458 689 illa
3491 650 3624 705 prae-
3667 634 3683 702 ξ

2043 726 2231 781 dicant
2261 743 2370 782 non
2404 728 2441 781 ii
2475 727 2657 792 modo,
2693 728 2789 797 qui
2826 726 3005 795 reipsa
3035 725 3250 795 experti
3286 734 3436 788 sunt,
3470 723 3563 777 sed
3591 723 3628 777 ii

2044 816 2210 871 etiam
2240 818 2332 887 qui
2361 834 2428 873 ex
2458 818 2570 873 illis
2601 818 2914 873 audierunt.
2941 817 3136 872 Insiste
3162 817 3350 887 igitur,
3375 831 3408 871 0
3431 814 3625 879 amice,
3675 814 3715 851 λε

2043 908 2102 963 in
2151 910 2566 973 certaminibus,
2611 918 2667 964 et
2713 910 2889 979 patria
2932 908 3166 964 defende
3213 908 3485 977 dogmata.
3522 907 3629 961 Pro

2044 1001 2249 1070 quibus
2272 1009 2328 1055 et
2357 1016 2460 1055 nos
2485 1000 2616 1055 hinc
2647 999 2775 1054 inde
2797 998 3156 1069 percutimur,
3178 996 3629 1068 gravissimisque

2042 1093 2240 1164 agitari
2277 1094 2537 1163 procellis
2574 1093 2998 1163 gubernatorem
3039 1104 3282 1155 oramus,
3313 1097 3374 1144 ut
3404 1089 3491 1143 vel
3525 1105 3623 1143 an-

2044 1191 2180 1239 nuat
2215 1184 2480 1253 sedetque
2512 1190 2918 1252 tempestatem,
2948 1180 3032 1235 vel
3063 1186 3383 1248 tempestate
3413 1176 3628 1249 iactatis

2044 1274 2215 1329 animi
2244 1275 2395 1349 vires
2423 1275 2709 1345 largiatur.

2395 1386 2574 1441 CVIII.
2613 1415 2679 1424 —-
2712 1385 2902 1439 Acacio
2947 1383 3269 1454 presbytero.

2114 1498 2255 1552 Vera
2303 1505 2388 1552 est
2431 1498 2622 1566 utique
2673 1496 2920 1551 Davidici
2972 1502 3169 1549 cantus
3213 1488 3566 1561 repromissio
3613 1505 3627 1542 :

2045 1594 2191 1647 hanc
2223 1593 2372 1647 enim
2406 1608 2503 1662 per
2533 1592 2686 1645 illum
2720 1590 2962 1661 Spiritus
2992 1586 3240 1642 veritatis
3275 1582 3634 1639 credentibus

2046 1683 2277 1753 protulit
2307 1701 2319 1736 :
2362 1702 2379 1733 ι
2415 1682 2617 1737 Revela
2648 1680 2879 1736 Domino
2911 1678 3053 1732 viam
3091 1682 3260 1738 tuam,
3294 1681 3350 1727 et
3382 1687 3542 1741 spera
3576 1671 3633 1724 in

338 1772 558 1845 Κύριον
585 1775 684 1846 τὴν
720 1776 837 1830 ὁδόν
868 1794 983 1841 σου,
1013 1779 1107 1831 καὶ
1134 1777 1356 1833 ἐλπισον
1389 1781 1476 1833 ἐπ’
1502 1781 1689 1843 αὑτὸν,
1715 1784 1811 1835 καὶ
1841 1782 1941 1835 αὺ-

2056 1794 2133 1842 eo,
2165 1786 2221 1833 et
2254 1778 2372 1848 ipse
2408 1776 2594 1842 faciet,
2626 1785 2683 1830 et
2720 1774 2920 1830 educet
2957 1770 3111 1842 quasi
3144 1768 3328 1823 lumen
3358 1765 3631 1837 justitiam

330 1865 445 1930 τὸς
491 1868 728 1937 ποιήσει,
782 1870 878 1921 καὶ
930 1868 1127 1933 ἐξοίσει
1173 1870 1250 1932 ὡς
1283 1869 1399 1939 φῶς
1448 1871 1547 1943 τὴν
1593 1871 1940 1946 δικαιοσύνην

339 1974 471 2022 σου,
498 1958 592 2010 καὶ
625 1958 686 2011 τὸ
714 1960 890 2029 κρῖμά
943 1977 1036 2013 σου
1071 1960 1146 2024 ὼς
1182 1960 1547 2033 μεσημϐρίαν.
1582 1981 1599 2012 ι
1637 1963 1809 2016 Τοῦτο
1847 1963 1941 2017 καὶ

341 2050 444 2103 ἐπὶ
508 2053 607 2120 τῆς
654 2051 752 2122 σῆς
794 2051 1101 2116 θεοσεϐείας
1157 2052 1526 2123 γεγενημένον
1587 2055 1939 2126 εὑρίσκομεν.

358 2140 598 2210 Ὀπόσην
624 2142 730 2213 γὰρ
759 2142 869 2194 τῶν
898 2143 1165 2212 ὀρφανίαν
1194 2142 1537 2214 ὀδυρομένων
1568 2148 1805 2199 ποιεῖται
1836 2164 1940 2217 κη’

336 2230 603 2300 δεμονίαν
632 2232 665 2301 ἡ
719 2231 785 2302 σὴ
833 2231 1133 2298 θεοσέϐεια,
1168 2234 1261 2286 καὶ
1298 2234 1447 2297 ὅπως
1482 2234 1621 2305 ὑπὲρ
1656 2235 1765 2288 τῶν
1804 2238 1941 2290 ἀπο-

344 2324 617 2378 στολικῶν
653 2326 896 2397 ἀγωνίζῃ
930 2326 1239 2397 δογμάτων,
1280 2326 1469 2398 ᾄδουσι
1509 2327 1736 2390 πάντες,
1766 2326 1942 2398 δήλων

340 2416 495 2469 κατὰ
530 2417 631 2487 τὴν
668 2417 1006 2489 προφητείαν
1047 2419 1155 2471 τῶν
1215 2417 1614 2488 κεκρυμμένων
1641 2418 1943 2489 γεγενημέ-

341 2525 478 2560 νων.
504 2508 708 2561 Τούτου
730 2508 795 2577 δὴ
825 2509 984 2580 χάριν
1015 2507 1171 2577 κάγὼ
1193 2510 1318 2572 τοὺς
1358 2508 1710 2574 ἁξιεπαίνους
1743 2509 1943 2573 πόνους

339 2601 453 2668 τῆς
500 2600 600 2669 σῆς
651 2598 926 2668 φιλοθεῖας
984 2600 1324 2671 μεμαθηκὼς
1367 2601 1586 2669 γράφω,
1634 2600 1729 2652 καὶ
1777 2617 1945 2669 προσ-

341 2688 723 2759 φθεγγόμενός
776 2706 859 2753 σε,
891 2689 1292 2759 θεοφιλέστατε,
1344 2691 1438 2743 καὶ
1481 2689 1815 2760 παρακαλῶν
1842 2690 1943 2742 αὑ-

343 2780 516 2848 ξῆσαι
561 2780 620 2833 τὸ
654 2781 810 2844 κλέος
851 2785 917 2853 τῇ
968 2781 1260 2853 προσθήκῃ
1305 2781 1414 2836 τῶν
1453 2782 1652 2844 πόνων,
1706 2782 1802 2835 καὶ
1841 2782 1946 2853 τῆς

344 2870 721 2940 εὐαγγελικῆς
750 2872 1143 2944 ὑπερμαχῆσαι
1183 2871 1557 2935 διδασκαλίας,
1600 2872 1688 2925 ῐνα
1719 2871 1816 2926 καὶ
1852 2873 1945 2925 τὸν

2048 1880 2230 1934 tuam,
2280 1879 2336 1924 et
2383 1869 2652 1939 judicium
2704 1874 2855 1921 tuum
2896 1873 3157 1932 tanquam
3206 1857 3563 1914 meridiem".
3606 1873 3626 1906 ι

2048 1962 2164 2017 Hoc
2199 1968 2255 2016 et
2299 1961 2355 2015 in
2399 1961 2605 2031 pietate
2636 1968 2729 2014 tua
2777 1956 2982 2011 factum
3024 1953 3323 2010 cernimus.
3361 1948 3632 2016 Quantam

2046 2053 2195 2109 enim
2233 2052 2527 2107 orbitatem
2561 2049 2869 2122 lugentium
2902 2048 3080 2118 pietas
3108 2054 3198 2100 tua
3229 2054 3418 2098 curam
3457 2046 3631 2112 gerat,

2047 2154 2104 2201 ct
2134 2160 2243 2216 quo
2284 2152 2444 2215 pacto
2486 2158 2589 2213 pro
2628 2139 2944 2212 apostolicis
2984 2135 3333 2208 dogmatibus
3364 2132 3631 2191 decertet,

2049 2240 2106 2292 in
2150 2254 2249 2293 ore
2284 2247 2372 2291 est
2402 2236 2672 2301 omnium,
2708 2231 3035 2293 manifestis,
3069 2231 3221 2300 juxta
3265 2224 3633 2297 prophetiam,

2049 2330 2210 2385 factis
2242 2329 2310 2385 iis
2344 2344 2469 2399 quae
2511 2327 2731 2383 occulta
2771 2334 2952 2380 erant.
2998 2322 3152 2377 lianc
3177 2320 3248 2374 ob
3275 2334 3493 2373 causam
3535 2331 3636 2386 ego

2049 2437 2271 2492 quoque
2305 2422 2401 2491 qui
2433 2419 2742 2474 laudabiles
2770 2417 2986 2471 labores
3021 2421 3145 2468 tuos
3175 2410 3398 2476 edidici,
3432 2407 3633 2469 scribo,

2045 2520 2101 2566 et
2135 2511 2369 2565 salutem
2420 2509 2635 2579 1177
2670 2506 2862 2561 dicens
2901 2504 3020 2569 tibi,
3048 2503 3161 2557 Deo
3201 2499 3543 2560 charissime,
3582 2504 3639 2550 et

2045 2602 2366 2665 exhortans,
2402 2612 2463 2654 ut
2488 2600 2739 2653 laborum
2763 2594 3079 2651 accessione
3101 2594 3328 2666 gloriam
3363 2589 3635 2653 cumules,

2042 2700 2097 2745 et
2123 2707 2222 2761 pro
2246 2689 2565 2761 evangelica
2614 2686 2863 2742 doctrina
2892 2685 3142 2750 dimices,
3175 2690 3234 2737 ut
3260 2690 3316 2736 et
3348 2687 3636 2751 paternam

2046 2782 2422 2838 hmreditatem
2478 2781 2742 2835 intactam
2789 2793 3095 2842 servemus,
3130 2788 3187 2831 et
3237 2774 3497 2829 talentum
3530 2771 3638 2825 Do-

2049 2872 2202 2926 mino
2228 2886 2354 2926 cum
2393 2869 2594 2939 insigni
2629 2881 2841 2938 quiestu
2874 2866 3191 2921 oﬂeramus.

344 2958 610 3029 πατριξὺον
642 2960 846 3032 κλῆρον
895 2960 1227 3032 φυλάξωμεν
1266 2962 1482 3027 ἄσυλον,
1522 2960 1617 3014 καὶ
1654 2962 1715 3014 τὸ
1778 2960 2039 3016 τάλαντον
2075 2961 2152 3033 τῷ
2178 2960 2424 3031 Δεσπότῃ
2485 2959 2625 3030 μετά
2661 2959 2760 3031 τῆς
2797 2957 2970 3029 καλῆς
3030 2954 3483 3027 προσενέγκωμεν
3545 2952 3637 3024 ἐρ-

348 3052 578 3121 γασίας.
658 3094 667 3099 .

545 3188 670 3243 PG’.
711 3214 770 3230 -·
803 3190 1074 3257 Εὐσεόίῳ
1097 3190 1411 3259 ἐπισκόπῳ
1448 3192 1751 3261 Ἀγκύρας.

427 3299 603 3353 Πολλά
638 3300 736 3370 μὲν
765 3301 832 3353 τὰ
854 3301 973 3354 καθ’
998 3302 1153 3371 ἡμῶν
1178 3304 1539 3373 τυρευόμενα,
1570 3305 1663 3357 καὶ
1691 3305 1758 3357 δι’
1780 3303 1943 3376 ἡμῶν

351 3389 502 3442 κατά
522 3388 620 3457 τῆς
647 3389 1010 3460 ἀποστολικῆς
1031 3392 1371 3462 καττυόμενα
1393 3393 1649 3457 πίστεως.
1676 3394 1950 3465 Ψυχαγω-

352 3482 449 3548 ys?
477 3480 535 3533 δὲ
576 3482 722 3551 ἡμᾶς
766 3482 847 3535 τὰι
886 3482 997 3535 τῶν
1034 3483 1205 3551 ἁγίων
1252 3484 1576 3555 παθήματα,
1626 3487 1946 3558 προφητῶν,

352 3573 695 3638 ἀποστόλων,
729 3573 1044 3645 μαρτύρων,
1076 3575 1172 3628 καὶ
1198 3575 1310 3628 τῶν
1338 3576 1397 3628 ὲν
1427 3580 1551 3641 ταῖς
1594 3577 1950 3648 Ἐκκλησίαις

353 3664 776 3735 διαπρεψάντων
810 3668 868 3719 ὲν
892 3666 971 3736 τῷ
994 3667 1143 3738 λόγῳ
1181 3667 1282 3736 τῆς
1304 3667 1525 3739 χάριτος
1544 3685 1557 3699 ·
1585 3669 1721 3740 πρὸς
1742 3669 1799 3723 δὲ
1829 3671 1953 3724 τού-

353 3771 478 3816 τοις
510 3756 605 3809 καλ⁸
625 3755 796 3809 αἰτοῦ
822 3755 960 3811 Θεοῦ
996 3758 1091 3811 καὶ
1114 3758 1368 3828 Σωτῆρος
1403 3758 1563 3829 ἡμῶν
1602 3759 1949 3829 ἐπαγγελίαι.

353 3843 531 3896 Οὐδὲν
569 3844 677 3915 γὰρ
720 3845 854 3916 ἡμῖν
899 3846 956 3899 ὲν
998 3844 1075 3916 τῷ
1113 3846 1344 3918 παρόντι
1388 3846 1489 3917 βίῳ
1531 3849 1784 3918 τερπνὸν,
1832 3848 1953 3903 οὐδὲ

353 3938 606 4006 ουιιῆρες
651 3936 940 4008 ὑπέσχετο,
993 3938 1131 3992 ἀλλά
1174 3938 1386 4009 θλίψεις
1443 3939 1540 3992 καὶ
1589 3940 1809 4004 πόνους,
1858 3942 1954 3995 καὶ

354 4031 640 4091 κινδύνους
665 4067 681 4094 ,
732 4029 829 4082 καὶ
876 4029 1153 4099 πολεμίων
1207 4028 1622 4092 ἐπαναστάσεις.
1687 4048 1707 4080 ι
1746 4030 1836 4083 Ἐν
1876 4030 1955 4101 τῷ

357 4120 554 4188 κόσμῳ
584 4120 712 4189 γάρ,
749 4120 904 4189 φησι,
951 4119 1129 4189 θλίψιν
1160 4119 1331 4189 ἔχετε.
1367 4137 1384 4170 ι
1442 4120 1552 4173 Καί
1594 4136 1608 4148 ·
1675 4137 1694 4171 ι
1747 4120 1814 4174 Et
1854 4121 1955 4191 ἐμὲ

358 4211 614 4275 ἐδίωξαν,
652 4212 746 4265 καὶ
777 4213 924 4282 ὑμᾶς
968 4211 1244 4278 διώξουσι.
1285 4230 1304 4263 ι
1354 4210 1494 4265 Καί·
1549 4229 1567 4263 ι
1599 4212 1661 4264 Εί
1692 4212 1782 4264 τὸν
1810 4214 1956 4265 οίκο-

358 4301 634 4372 δεσπότην
677 4300 1008 4367 Βεελζεὸοὺλ
1053 4301 1340 4365 ἐκάλεσαν,
1389 4299 1541 4371 πόσῳ
1590 4300 1790 4370 μᾶλλον
1828 4301 1956 4364 τοὺς

360 4392 675 4454 οἰκειακοὺς
704 4391 905 4457 abso-3;
955 4411 973 4443 ι
1014 4392 1165 4446 Καί·
1203 4410 1222 4444 ι
1258 4394 1519 4465 Ἔρχεται
1554 4394 1695 4466 ὥρα,
1735 4395 1822 4447 ἴνα
1849 4395 1959 4458 πᾶς

2325 3186 2465 3243 CIX.
2499 3216 2570 3226 —
2600 3186 2828 3240 Eusebio
2857 3186 3097 3257 episcopo
3126 3184 3369 3256 Ancyrw,

2120 3304 2289 3358 Multa
2318 3302 2542 3372 quidem
2584 3309 2714 3357 sunt
2754 3315 2877 3370 quae
2906 3311 3098 3356 contra
3132 3315 3234 3355 nos
3266 3301 3482 3356 occulte
3521 3300 3642 3372 agi-

2050 3403 2272 3458 tantur,
2332 3402 2390 3449 et
2446 3408 2547 3462 per
2592 3407 2696 3447 nos
2753 3391 3021 3446 adversus
3074 3391 3237 3445 fidem
3284 3394 3640 3462 apostolicam

2049 3491 2364 3537 struuntur.
2400 3481 2509 3538 Sed
2554 3490 2813 3536 recreant
2853 3495 2958 3536 nos
2999 3491 3317 3535 sanctorum
3357 3496 3638 3545 aerumnae,

2050 3575 2470 3647 prophetarum,
2517 3575 2917 3645 apostolorum,
2962 3583 3287 3646 martyrum,
3335 3588 3645 3643 eorumque

2051 3667 2147 3736 qui
2196 3665 2253 3721 in
2301 3664 2565 3720 Ecclesiis
2609 3664 2665 3719 in
2709 3664 2959 3720 doctrina
3002 3665 3190 3736 gratia:
3229 3663 3471 3720 illustres
3517 3663 3642 3720 fue-

2053 3763 2208 3812 runt.
2256 3756 2490 3826 Insuper
2533 3764 2721 3811 autem
2766 3762 2821 3810 et
2862 3754 2961 3809 Dei
3014 3754 3422 3825 Salvatorisque
3466 3756 3643 3811 nostri

2053 3851 2510 3921 pollicitationes.
2554 3848 2705 3904 Nihil
2746 3848 2893 3903 enim
2940 3847 3103 3903 nobis
3144 3848 3200 3902 in
3241 3847 3497 3918 praesenti
3532 3847 3645 3901 vita

2050 3941 2380 4013 jucundum,
2408 3940 2546 3996 nihil
2580 3955 2748 3996 suave
2780 3939 3035 4010 promisit
3063 3955 3076 3991 :
3104 3937 3199 3994 sed
3237 3938 3651 4003 tribulationes,

2055 4044 2112 4090 et
2145 4038 2161 4056 ‘
2197 4034 2448 4099 labores,
2491 4042 2549 4089 et
2593 4033 2837 4103 pericula
2858 4073 2872 4097 ,
2903 4040 2960 4087 et
2991 4030 3232 4086 hostium
3278 4030 3645 4085 incursiones.

2064 4144 2083 4178 ι
2115 4126 2176 4181 In
2211 4126 2419 4181 mundo
2439 4125 2608 4187 enim,
2640 4125 2737 4189 ait,
2760 4139 3080 4195 pressuram
3113 4123 3444 4177 habebitis'.
3471 4142 3490 4173 ι
3533 4122 3602 4177 Et
3629 4139 3647 4175 :

2065 4236 2085 4270 ς
2129 4218 2186 4274 Si
2223 4232 2311 4273 me
2362 4212 2642 4287 persecuti
2687 4224 2839 4279 sunt,
2868 4223 2925 4269 et
2960 4229 3060 4269 vos
3105 4221 3509 4284 persequentur
3537 4214 3580 4268 ’.
3620 4231 3641 4263 ι

2058 4310 2129 4365 Ει
2180 4327 2194 4363 :
2248 4328 2266 4360 ι
2321 4308 2378 4364 Si
2427 4306 2882 4378 patremfamilias
2931 4305 3221 4361 Beelzebul
3272 4311 3645 4370 vocaverunt,

2061 4410 2268 4474 quanto
2322 4400 2495 4470 magis
2541 4399 2879 4455 domesticos
2925 4399 3046 4469 ejus
3082 4398 3163 4451 ‘°?
3201 4417 3218 4448 ι
3272 4398 3387 4452 Ει;
3430 4416 3448 4448 ι
3484 4396 3654 4453 Venit:

361 4486 394 4536 ὁ
438 4482 765 4548 ἀποκτείνας
813 4484 958 4554 ὑμᾶς
1007 4482 1133 4558 δόξῃ
1181 4484 1440 4554 λατρείαν
1493 4485 1824 4555 προσφέρειν
1877 4484 1949 4568 τῷ

2061 4493 2218 4558 hora,
2257 4500 2319 4547 ut
2350 4491 2533 4546 omnis
2573 4489 2669 4560 qui
2712 4488 2973 4546 interﬁcit
3008 4505 3107 4543 vos
3146 4489 3450 4543 arbitretur
3483 4487 3648 4543 obse-

362 4570 507 4642 θεῷ.
540 4592 559 4624 ι
596 4574 703 4626 Καί
730 4591 744 4607 υ
776 4592 794 4625 ι
830 4574 996 4644 Στενὴ
1023 4576 1057 4645 ἠ
1084 4574 1246 4645 πύλη,
1281 4576 1376 4628 καὶ
1404 4575 1739 4646 τεθλιμμένη
1770 4577 1804 4644 ἡ
1830 4564 1953 4638 ὁδὸς

366 4666 404 4736 ἡ
430 4664 721 4731 ἀπάγουσα
751 4666 830 4728 εἰς
854 4665 949 4735 τὴν
977 4664 1144 4736 ζωήν.
1184 4684 1202 4716 ι
1244 4667 1351 4719 Καί
1376 4682 1388 4695 ·
1426 4687 1445 4720 ι
1479 4667 1649 4721 Ὅταν
1683 4665 1956 4721 διώκωσιν

367 4756 517 4824 ὑμᾶς
545 4757 603 4808 ὲν
633 4759 699 4827 τῇ
732 4756 882 4810 πόλει
922 4755 1119 4829 ταύτῃ,
1157 4758 1388 4827 φεύγετε
1422 4760 1502 4823 εἰς
1532 4759 1631 4830 τὴν
1682 4759 1900 4831 ἑτέραν.
1932 4776 1954 4811 ι

367 4846 483 4902 Καὶ
510 4848 610 4901 ὅσα
638 4847 846 4911 τούτοις
883 4849 1002 4902 ἐστὶ
1040 4850 1419 4921 παραπλήσια.
1462 4850 1680 4921 Συνῳδά
1723 4850 1781 4904 δέ
1827 4868 1962 4921 φησι

370 4937 470 4992 καὶ
495 4940 524 4990 ό
555 4939 694 5002 θεῖος
736 4940 1061 5004 Ἀπόστολος
1088 4957 1102 4972 ·
1164 4960 1181 4993 ι
1213 4942 1423 5005 Πάντες
1461 4944 1511 4996 οἱ
1567 4942 1815 5005 θέλοντες
1863 4942 1962 5014 ζῇν

370 5029 615 5093 εὐσεϐῶς
654 5030 712 5084 ἐν
757 5030 983 5102 Χριστῷ
1024 5032 1229 5103 Ἰησοῦ,
1269 5032 1698 5104 διωχθήσονται·
1734 5033 1964 5103 πονηροὶ

371 5121 434 5175 δὲ
462 5121 739 5191 ἄνθρωποι
769 5124 862 5176 καὶ
887 5122 1083 5193 γόητες
1121 5122 1487 5194 προκόψουσιν
1534 5124 1629 5176 ἐπὶ
1669 5123 1728 5175 τὸ
1759 5125 1963 5192 χεῖρον,

375 5212 692 5278 πλανῶντες
741 5214 835 5267 καὶ
866 5212 1229 5283 πλανώμενοι.
1263 5232 1282 5266 ι
1321 5211 1505 5266 Ταῦτα
1568 5213 1667 5283 μὲν
1701 5208 1794 5267 οὖν
1832 5214 1967 5283 ἡμῖν

377 5303 712 5376 παραψυχὴν
764 5308 821 5358 ὲν
888 5306 1017 5377 τῇδε
1072 5308 1136 5377 τῇ
1175 5305 1312 5378 ζάλῃ
1375 5304 1617 5377 παρέσχε
1681 5303 1965 5374 μεγίστην.

391 5394 615 5465 Ἐπειδὴ
648 5394 703 5447 δὲ
742 5395 889 5457 εἰκὸς
933 5396 1027 5450 καὶ⁵
1059 5397 1220 5466 μέχρι
1246 5395 1344 5466 τῆς
1378 5396 1475 5465 σῆς
1527 5394 1838 5465 ἁγιωσύνης
1868 5394 1968 5458 τάς

381 5485 505 5541 καθ’
537 5485 694 5557 ἡμῶν
717 5486 971 5556 διαϐῆναι
1013 5486 1396 5555 συκοφαντίας,
1426 5483 1728 5558 παρακαλῶ
1753 5502 1846 5539 σου
1869 5486 1969 5556 τὴν

455 5661 477 5693 ’
509 5661 651 5716 Psal.
689 5678 869 5725 xxxvn,
911 5663 961 5718 5.

378 5720 435 5811 ,⁸³
466 5732 655 5786 Matth.
694 5750 745 5800 χ,
784 5720 872 5787 ‘25.
955 5733 996 5765 ¹’⁶
1032 5732 1076 5788 ll
1098 5732 1338 5788 Timoth.
1370 5720 1450 5802 in,
1477 5731 1561 5786 12.

1041 5663 1062 5695 ⁸
1095 5662 1251 5717 Joan.
1278 5678 1386 5727 xw,
1413 5662 1502 5716 55.
1579 5662 1599 5692 ⁸
1625 5662 1779 5720 Joan.
1810 5663 1949 5729 “,2

2092 5662 2133 5696 ¹⁰
2162 5661 2350 5715 Matth.
2378 5677 2433 5726 κ,
2469 5660 2553 5715 15.
2632 5660 2670 5692 ³³
2696 5658 2979 5723 Joan.xvr,
3013 5655 3068 5709 2.

2062 4584 2254 4654 quium
2297 4598 2356 4638 se
2395 4590 2656 4651 pra:st
2690 4580 2806 4635 Deo
2834 4580 2899 4633 ¹¹.
2933 4598 2950 4631 ι
2990 4579 3099 4634 Ει;
3138 4598 3156 4629 ι
3188 4578 3433 4649 Angusta
3467 4587 3648 4648 porta,

2056 4682 2113 4727 et
2144 4681 2293 4727 arcta
2322 4672 2411 4725 via
2434 4678 2540 4735 est,
2564 4686 2688 4740 quae
2711 4669 2864 4725 ducit
2891 4669 2959 4723 ad
2992 4669 3159 4723 vitam
3182 4668 3246 4721 “.
3269 4688 3286 4719 ι
3325 4667 3393 4723 Et
3417 4685 3430 4721 :
3467 4686 3486 4718 ι
3511 4665 3650 4723 Cum

2060 4764 2339 4833 persecuti
2389 4778 2489 4818 vos
2537 4762 2747 4817 fuerint
2797 4761 2855 4815 in
2910 4760 3135 4815 civitate
3190 4759 3330 4824 ista,
3376 4758 3550 4829 fugite
3596 4757 3654 4812 in

2062 4858 2225 4911 aliam
2261 4857 2325 4911 ³³.
2358 4875 2376 4907 ι
2410 4855 2481 4910 Et
2508 4860 2785 4926 quotquot
2827 4852 2933 4907 alia
2968 4861 3098 4909 sunt
3130 4851 3218 4906 his
3252 4850 3476 4905 similia.
3506 4848 3655 4904 Con-

2066 4963 2202 5002 sona
2249 4946 2414 5001 etiam
2451 4944 2590 5000 dicit
2633 4942 2855 4998 divinus
2905 4939 3242 5010 Apostolus:
3276 4956 3293 4989 ι
3327 4935 3531 4992 Omnes
3560 4934 3655 5004 qui

2068 5038 2160 5107 pie
2201 5036 2394 5091 volunt
2424 5035 2613 5089 vivere
2658 5034 2713 5087 in
2751 5031 2973 5087 Christo
3007 5030 3169 5095 Jcsu,
3215 5027 3657 5099 persecutionem

2069 5125 2351 5195 patientur
2378 5141 2392 5176 :
2424 5121 2553 5176 mali
2582 5128 2766 5176 autem
2800 5119 3056 5174 homines
3085 5126 3141 5174 et
3174 5118 3495 5173 seductores
3527 5131 3656 5185 pro-

2070 5201 2278 5269 ﬁcient'
2302 5212 2360 5267 in
2410 5211 2590 5283 pejus,
2630 5219 2882 5266 errantes
2927 5220 2986 5266 et
3034 5212 3091 5266 in
3140 5225 3385 5266 errorem
3431 5208 3655 5262 mitten-

2072 5313 2155 5361 tes
2197 5303 2261 5358 “.
2297 5323 2316 5355 ι
2357 5302 2484 5358 Haec
2517 5301 2686 5373 igitur
2746 5301 3182 5357 consolationem
3241 5300 3402 5354 nobis
3452 5298 3509 5352 in
3554 5298 3658 5351 hac
3709 5320 3717 5328 -

2071 5401 2399 5463 tempestate
2430 5391 2725 5447 maximam
2757 5391 2975 5461 1178
2993 5390 3367 5461 praebuerunt.
3398 5384 3503 5441 Sed
3528 5385 3658 5454 quia

2074 5483 2378 5540 verisimile
2416 5490 2502 5539 est
2541 5482 2610 5538 ad
2653 5490 2801 5535 tuam
2844 5495 3018 5549 usque
3060 5477 3408 5534 sanctitatem
3458 5489 3661 5544 pervc«

3144 5654 3187 5685 υ
3223 5651 3413 5707 Matth.
3444 5665 3537 5718 vn,
3572 5649 3665 5708 Η.
3724 5648 3733 5654 ’
