4056 6426
408 323 429 386 1
441 326 546 389 303

1393 329 1879 390 THEODORETI
1923 328 2260 392 EPISCOPI
2302 335 2666 395 CYRENSIS

3536 328 3670 394 i304

403 447 552 494 nlsse
587 439 893 494 calumnias
931 440 1135 510 quibus
1170 456 1450 507 vexamur,
1491 460 1589 498 oro
1627 454 1789 515 atque
1825 445 1976 500 obte-

2087 446 2340 517 ὁσιότητα
2385 447 2508 518 μηδ’
2539 445 2676 507 ὅλως
2712 445 2967 514 ὑποσχεῖν
3009 445 3128 507 ταῖς
3168 443 3276 496 τῶν
3317 445 3670 513 συκοφαντῶν

403 546 520 590 Stor
558 550 628 590 ne
669 535 1127 591 calumniatorum
1173 538 1473 594 mendaciis
1515 541 1789 595 ullatenus
1824 556 1988 594 aures

403 626 689 682 adhibeas.
721 628 834 698 Ego
870 630 1017 683 enim
1065 645 1152 684 me
1193 631 1247 684 in
1293 631 1432 686 duos
1475 633 1809 687 credendum
1847 633 1988 686 ﬁlios

403 717 672 772 hactenus
693 719 946 774 docuisse
972 722 1228 776 conscius
1251 738 1359 776 non
1383 739 1524 779 sum.
1554 725 1612 779 ln
1640 741 1810 778 unum
1837 725 1985 779 enim

403 808 630 863 credere
651 809 818 863 didici
841 809 1191 880 Unigenitum
1219 813 1508 868 Dominum
1531 825 1778 869 nostrum
1797 815 1986 870 Jesutn

400 899 704 963 Christum,
734 900 1013 954 hominem
1046 901 1250 956 factum
1286 904 1457 957 Deum
1494 905 1756 958 Verbum.
1792 906 1986 960 Carnis

401 1005 530 1045 sane
566 991 981 1061 divinitatisque
1020 993 1316 1049 discrimen
1363 996 1512 1060 novi,
1551 1006 1607 1050 et
1648 997 1812 1066 impie
1850 998 1984 1051 mihi

400 1097 562 1150 agere
617 1083 899 1148 videntur,
941 1093 1060 1138 tum
1105 1086 1200 1155 qui
1250 1087 1304 1140 in
1357 1088 1496 1144 duos
1547 1088 1687 1144 ﬁlios
1729 1089 1985 1142 dividunt

403 1190 572 1229 unum
605 1176 899 1232 Dominum
927 1189 1180 1234 nostrum
1209 1182 1393 1237 Jesum
1421 1183 1723 1248 Christum,
1751 1194 1864 1238 tum
1890 1186 1983 1254 qui

399 1267 736 1321 contrariam
772 1269 859 1324 his
902 1270 1048 1324 viam
1101 1273 1352 1341 ingrcssi,
1399 1291 1561 1329 unam
1604 1287 1850 1330 naturam
1884 1294 1984 1330 vo-

399 1367 526 1411 cant
570 1358 917 1415 divinitatem
957 1360 1162 1416 Christi
1205 1364 1422 1417 Domini
1462 1374 1518 1418 et
1563 1365 1981 1420 humanitatem.

398 1446 662 1517 Opposita
706 1451 852 1504 enim
897 1452 1000 1506 sibi
1052 1463 1244 1507 mutuo
1295 1464 1423 1508 sunt
1465 1455 1579 1509 htec
1623 1457 1924 1526 prmeipitia
1965 1476 1978 1511 :

398 1537 580 1592 media
630 1540 814 1594 autem
863 1543 1308 1612 evangelieorum
1357 1545 1670 1615 dogmatum
1712 1547 1821 1611 via,
1855 1564 1982 1601 san-

397 1637 615 1684 ctorum
655 1634 1027 1700 apostolorum
1057 1637 1559 1707 prophetarumque
1594 1648 1784 1692 ornata
1812 1639 1981 1694 vesti-

397 1720 521 1789 giis,
557 1729 613 1775 et
655 1737 848 1777 eorum
889 1726 984 1793 qui
1036 1735 1160 1795 post
1211 1728 1335 1782 illos
1374 1728 1608 1783 docendi
1654 1731 1825 1799 gratia
1868 1732 1979 1784 cla-

397 1823 650 1868 ruerunt.
683 1814 984 1885 Cupicbam
1028 1827 1210 1873 autem
1257 1819 1403 1888 ipsas
1444 1821 1638 1874 horum
1680 1824 1982 1877 sententias

397 1901 454 1956 in
497 1905 740 1959 medium
792 1906 1010 1972 afferre,
1047 1917 1101 1962 et
1153 1909 1336 1963 sensui
1385 1920 1574 1965 nostro
1621 1911 1982 1981 suﬁragantes

395 1995 708 2051 ostendere.
760 1997 866 2052 Sed
906 1999 1160 2068 pluribus
1201 2000 1387 2055 verbis
1431 2018 1570 2072 opus
1618 2011 1780 2066 esset,
1818 2018 1979 2071 quam

395 2086 593 2141 modus
655 2086 797 2141 ferat
845 2089 1110 2159 epistolae.
1170 2089 1516 2160 Quapropter
1558 2092 1870 2145 sunnnatim
1919 2109 1982 2145 ea

395 2178 736 2247 complexus,
769 2196 889 2249 qua:
934 2180 1002 2234 de
1050 2181 1330 2251 Unigeniti
1369 2182 1744 2237 incarnatione
1788 2183 1984 2237 didici-

394 2283 540 2331 mus,
587 2270 655 2324 ad
703 2278 852 2324 tuam
889 2271 1130 2324 divinam
1167 2271 1546 2325 excellentiam
1589 2273 1732 2326 misi.
1777 2275 1982 2343 Scripsi

391 2364 602 2422 autem,
635 2373 746 2412 non
789 2367 852 2412 ut
891 2359 1031 2412 alios
1069 2359 1314 2419 doceam,
1350 2361 1444 2415 sed
1481 2372 1535 2414 ut
1573 2361 1842 2430 impositae
1888 2381 1982 2418 ca-

393 2448 618 2504 lumniae
665 2451 1046 2518 respondeam.
1085 2461 1141 2505 et
1189 2467 1408 2506 sensum
1458 2470 1637 2507 meum
1691 2455 1758 2508 iis
1803 2456 1980 2524 expli-

393 2553 512 2591 ecm
555 2539 649 2608 qui
694 2540 966 2610 ignorant.
1000 2541 1123 2595 llzec
1159 2542 1324 2612 igitur
1361 2544 1453 2597 ubi
1490 2545 1683 2614 legerit
1717 2547 1980 2600 sanctitas

391 2637 596 2693 vestra,
638 2629 683 2683 si
731 2630 954 2700 quidem
998 2633 1202 2702 scripta
1249 2643 1434 2688 nostra
1489 2652 1614 2689 cum
1665 2639 1981 2705 apostolicis

391 2715 744 2788 dogmatibus
791 2720 1105 2775 consentire
1154 2723 1453 2787 invenerit,
1489 2741 1590 2778 suo
1630 2725 1697 2778 ad
1743 2742 1843 2780 nos
1889 2743 1978 2782 re-

391 2826 594 2878 sponso
628 2827 851 2866 sensum
898 2823 1150 2867 nostrum
1194 2815 1501 2868 conﬁrmet.
1534 2817 1603 2870 At
1640 2818 1684 2872 si
1721 2818 1853 2887 quid
1892 2819 1977 2872 in-

390 2901 567 2955 ditum
590 2911 674 2956 est
696 2903 843 2972 quod
867 2920 990 2957 cum
1016 2903 1201 2958 divina
1223 2907 1237 2922 ⁴
1261 2906 1510 2960 doctrina
1545 2924 1651 2962 non
1685 2909 1975 2974 cohaereat,

390 2992 500 3047 hoc
527 2994 693 3048 etiam
737 3010 766 3048 a
810 2996 1098 3050 sanctitate
1135 3004 1224 3049 tua
1255 2997 1440 3051 doceri
1473 3001 1657 3068 cupio.
1686 3001 1799 3054 Etsi
1828 3003 1976 3055 enim

387 3083 613 3154 longum
643 3084 698 3138 in
727 3085 977 3140 docendo
1014 3095 1228 3155 tempus
1266 3089 1480 3158 1179
1509 3093 1972 3161 consumpsimus,
2003 3125 2050 3186 ο

391 3173 571 3230 adhuc
607 3184 787 3230 tamen
825 3178 1052 3232 doctore
1085 3179 1415 3249 indigemus.
1459 3201 1476 3232 ι
1515 3182 1592 3236 Ex
1632 3193 1783 3252 parte
1815 3201 1973 3239 nam-

390 3285 522 3337 que,
563 3279 624 3323 ut
664 3271 741 3324 ait
786 3271 1010 3326 divinus
1058 3274 1373 3342 Apostolus,
1416 3277 1798 3345 cognoscimus
1831 3280 1895 3332 ‘5.
1948 3299 1966 3331 ι

389 3359 535 3425 Quin
591 3370 647 3415 et
698 3363 899 3417 iterum
953 3363 1230 3420 dicentem
1277 3366 1636 3420 audivimus:
1687 3387 1704 3419 ι
1746 3369 1802 3424 Si
1849 3371 1974 3439 quis

390 3460 574 3506 autem
606 3467 664 3507 se
694 3453 972 3508 existimat
1001 3456 1143 3509 scire
1177 3456 1405 3524 aliquid,
1437 3458 1680 3510 nomium
1717 3462 1974 3529 cognovit

389 3538 854 3608 quemadmodum
900 3549 1153 3610 oporteat
1197 3557 1323 3594 eum
1367 3541 1508 3594 scire
1538 3542 1602 3593 ¹⁶.
1639 3562 1655 3592 ι
1707 3542 1880 3596 Simul
1919 3555 1975 3599 et

388 3645 582 3683 verum
617 3645 649 3683 a
684 3631 973 3684 sanctitate
1002 3639 1094 3684 tua
1124 3640 1182 3684 ut
1218 3631 1424 3685 discam
1464 3647 1582 3691 oro,
1615 3640 1669 3685 et
1705 3642 1760 3686 ut
1795 3634 1972 3687 eccle-

388 3720 622 3775 siasticae
659 3721 1073 3790 tranquillitatis
1117 3738 1303 3775 curant
1343 3738 1521 3793 geras,
1553 3730 1608 3778 et
1638 3739 1739 3793 pro
1771 3725 1973 3780 divinis

389 3811 738 3880 dogmatibus
798 3810 1048 3866 dimices.
1113 3811 1321 3866 Horum
1378 3813 1579 3882 quippe
1635 3816 1810 3885 gratia
1861 3817 1974 3872 Deo

387 3903 556 3956 etiam
604 3902 913 3956 charissimi
961 3903 1228 3973 episcopi,
1277 3913 1331 3958 et
1379 3903 1592 3960 itineris
1641 3906 1877 3971 labores,
1917 3917 1974 3962 et

387 3992 589 4047 hiemis
638 3996 991 4062 asperitatem
1037 4004 1473 4058 contemnentes,
1519 3995 1585 4050 ad
1629 3998 1833 4068 regiam
1874 4015 1971 4053 ur-

387 4085 513 4139 bem
555 4083 787 4154 profecti
823 4094 973 4149 sunt,
1016 4095 1076 4139 ut
1114 4085 1321 4140 exitum
1355 4087 1593 4157 aliquem
1631 4092 1973 4161 tempestatis

385 4179 700 4248 exquirant.
746 4179 814 4234 Et
859 4180 980 4235 illos
1029 4180 1196 4251 igitur
1243 4197 1469 4251 precum
1513 4193 1730 4239 tuarum
1770 4186 1971 4240 viatico

387 4269 683 4336 instruere,
727 4282 929 4327 etlnos
979 4271 1174 4327 iisdem
1222 4271 1440 4328 ﬁrmare
1491 4290 1555 4330 ac
1605 4276 1854 4331 stabilire
1901 4293 1970 4330 ne

385 4363 644 4429 graveris.

633 4472 747 4528 CX.
779 4505 848 4514 —--
885 4475 1090 4530 Damno
1126 4479 1364 4550 episcopo
1397 4482 1704 4536 Amice/tite.

454 4581 638 4636 Lectis
687 4583 888 4638 litteris
935 4586 1045 4641 tuis
1097 4589 1418 4646 recordatus
1467 4607 1587 4646 sum
1641 4591 1970 4648 beatissima:

393 4674 672 4738 ﬁusannte,
704 4690 828 4744 quae
858 4676 1098 4733 nefarios
1128 4679 1252 4735 illos
1282 4696 1535 4746 cernens,
1558 4691 1613 4737 et
1641 4683 1811 4736 Deum
1850 4686 1971 4738 uni-

389 4779 678 4818 versorum
710 4776 1036 4835 praesentem
1070 4770 1323 4834 credens,
1359 4773 1674 4840 prteclaram
1702 4773 1848 4827 illam
1877 4791 1972 4827 vo—

391 4870 506 4907 t-em
557 4855 788 4910 emisit:
832 4876 852 4908 ι
886 4858 1165 4931 Angustiae
1209 4871 1338 4916 sunt
1380 4863 1514 4916 mihi
1565 4865 1808 4934 undique
1843 4867 1905 4917 ".
1945 4887 1962 4918 ι

386 4944 456 5000 At
503 4955 686 5002 tamen
733 4949 786 5002 in
836 4951 1125 5008 calumnia
1182 4955 1406 5023 laqueos
1461 4954 1701 5008 incidere
1753 4957 1965 5021 maluit,

387 5052 553 5105 quam
594 5038 802 5108 justum
845 5042 1086 5113 judieem
1133 5054 1507 5098 contemnere.
1550 5045 1616 5098 Et
1660 5063 1826 5112 nunc,
1865 5048 1966 5101 do-

389 5126 560 5192 mine,
594 5129 740 5203 quod
782 5147 924 5202 Stepe
953 5134 1211 5198 diximus,
1238 5134 1349 5188 duo
1383 5144 1511 5189 sunt
1545 5137 1840 5206 proposita,
1874 5148 1967 5194 aut

387 5217 558 5272 Deum
583 5217 860 5276 oﬁ'endere
886 5230 941 5275 et
967 5223 1357 5277 conscientiam
1378 5225 1596 5290 laedere,
1621 5237 1716 5283 aut
1738 5229 1968 5300 injustas

387 5305 442 5360 in
491 5308 774 5364 hominum
816 5310 1115 5366 sententias
1160 5312 1463 5367 incurrere.
1506 5314 1636 5367 Mihi
1670 5332 1801 5370 vero
1833 5318 1969 5372 nihil

387 5393 582 5448 horum
623 5397 845 5465 penitus
883 5397 1026 5452 scire
1066 5399 1286 5454 videtur
1323 5401 1607 5470 piissimus
1647 5403 1967 5474 imperator.

383 5483 525 5550 Quid
564 5487 711 5540 enim
755 5488 1131 5557 prohibuisset
1177 5491 1329 5545 illum
1375 5493 1618 5548 scribere
1664 5496 1971 5553 ordinatio-

460 5621 501 5651 ³⁸
535 5622 706 5677 lCor.
731 5641 845 5690 xm,
875 5625 926 5680 9.
998 5627 1041 5657 ¹⁶
1068 5627 1089 5681 Ι
1121 5625 1249 5682 Cor.
1273 5644 1385 5694 vin,
1415 5631 1468 5684 2.
1552 5633 1593 5661 ¹⁷
1629 5633 1763 5687 Dan.
1801 5602 1914 5701 xm,
1941 5636 2029 5691 ‘22.

459 5735 571 5806 (66)
605 5738 956 5808 βεϐαιωσάτω
992 5745 1157 5816 Neap.

2089 537 2464 606 ψευδολογίαις
2487 537 2586 600 τὰς
2609 536 2796 612 ἀκοάς.
2833 534 2976 604 Ἐγὼ
2999 534 3108 606 γὰρ
3129 536 3228 588 ούκ
3247 531 3362 588 οἴδα
3387 535 3547 606 μέχρι
3574 537 3668 590 τοῦ

2090 630 2356 699 παρόντος
2401 630 2618 694 διδάξας
2663 629 2744 692 είς
2775 627 2867 680 δύο
2923 626 3200 681 πιστεύειν
3235 625 3402 690 υἱούς.
3440 628 3534 690 Εἰς
3571 628 3670 680 ἕνα

2087 719 2198 790 γὰρ
2228 719 2508 791 ἐδιδάχθην
2545 720 2822 773 πιστεύειν
2845 719 3124 786 Μονογενῆ
3153 719 3244 771 τὸν
3276 718 3481 789 Κύριον
3508 718 3670 788 ἡμῶν

2101 811 2307 881 Ἰησοῦν
2347 811 2603 881 Χριστὸν,
2635 810 2729 863 τὸν
2772 810 3273 882 ἐνανθρωπήσαντα
3310 810 3442 862 Θεὸν
3471 810 3664 877 Λόγον.

2085 903 2295 974 Σαρκὸς
2328 903 2510 972 μέντοι
2545 903 2638 954 ml.
2665 901 2919 972 θεότητος
2961 901 3260 970 ἐπίσταμαι
3288 900 3349 953 τὸ
3387 901 3669 970 διάφορον,

2085 995 2180 1046 καὶ
2203 993 2481 1046 δυστεϐεἰν
2516 1008 2606 1061 μοι
2634 990 2884 1044 δοκοῦσιν
2914 992 2964 1042 οἱ
2998 991 3079 1052 είς
3109 989 3202 1042 δύο
3233 990 3382 1051 υἱοὺς
3416 988 3670 1059 μερίζον-

2084 1100 2174 1147 τες
2199 1083 2288 1136 τὸν
2315 1082 2411 1135 ἕνα
2465 1081 2669 1152 Κύριον
2715 1081 2874 1152 ἡμῶν
2916 1079 3125 1150 Ἰησοῦν
3165 1079 3423 1150 Χριστὸν,
3475 1081 3570 1132 καὶ
3615 1081 3669 1132 οἱ

2083 1177 2183 1247 τὴν
2210 1175 2455 1228 ἐναντίαν
2489 1174 2698 1237 τούτοις
2719 1172 3014 1235 ὁδεύοντες,
3050 1172 3144 1224 καὶ
3181 1173 3309 1242 μίαν
3335 1171 3497 1239 φύσιν
3525 1173 3666 1224 ἀπο-

2085 1265 2376 1326 καλοῦντες
2418 1265 2516 1334 τὴν
2560 1263 2790 1333 θεότητα
2832 1260 2926 1315 τοῦ
2960 1262 3232 1313 Δεσπότου
3270 1259 3531 1330 Χριστοῦ,
3573 1261 3670 1314 καί⁵

2082 1355 2182 1425 τὴν
2235 1351 2646 1422 ἀνθρωπότητα.
2722 1349 2982 1403 Ἐναντίοι
3043 1349 3152 1419 γὰρ
3208 1348 3460 1419 ἀλλήλοις
3520 1341 3667 1402 οὗτοι

2085 1445 2353 1515 κρημνοί·
2401 1444 2539 1514 μέση
2584 1444 2641 1496 δὲ
2697 1444 2732 1513 ἡ
2783 1441 2892 1494 τῶν
2953 1440 3328 1509 εύαγγελικῶν
3382 1441 3670 1510 δογμάτων

2083 1536 2220 1602 ὁδὸς,
2276 1537 2390 1597 τοῖς
2436 1533 2546 1587 τῶν
2596 1532 2769 1601 ἁγίων
2829 1530 3123 1601 προφητῶν
3192 1531 3286 1584 καὶ
3353 1529 3668 1583 ἀποστόλων

2087 1628 2255 1698 ἴχνεσι
2292 1623 2662 1696 κοσμουμένη,
2691 1623 2786 1677 καὶ
2807 1623 2916 1675 τῶν
2957 1620 3096 1691 μετὰ
3128 1621 3353 1684 τούτους
3381 1623 3440 1673 ἐν
3476 1620 3553 1692 τῷ
3582 1621 3664 1674 δι-

2083 1717 2393 1789 δασκαλικῷ
2422 1715 2841 1786 διαπρεψάντων
2888 1714 3208 1785 χαρίσματι.
3253 1711 3583 1782 Ἐϐουλόμην
3609 1711 3670 1765 δὲ

2013 1797 2054 1851 Β
2084 1814 2179 1866 καὶ
2217 1811 2313 1874 τὰς
2347 1809 2550 1862 τούτων
2597 1806 2922 1878 παραθεῖναι
2972 1806 3214 1876 χρήσεις,
3261 1806 3355 1856 ml.
3382 1803 3551 1868 δεῖξαι
3587 1803 3671 1873 τῷ

2084 1903 2336 1975 ἡμετέρῳ
2387 1899 2771 1972 μαρτυρούσας
2817 1898 3149 1968 φρονήματι.
3203 1894 3361 1948 Ἀλλὰ
3409 1894 3672 1948 πλειόνων

2083 1997 2162 2049 δεῖ
2193 2014 2281 2066 μοι
2311 1995 2502 2062 λόγων,
2533 1993 2564 2063 ἢ
2596 1991 2733 2045 κατὰ
2759 1990 2954 2061 μέτρον
2975 1988 3280 2057 ἐπιστολῆς.
3313 1982 3386 2041 Οὗ
3413 1986 3477 2058 δὴ
3507 1987 3672 2058 χάριν

2084 2091 2141 2140 ἐν
2188 2087 2465 2156 κεφαλαίῳ
2500 2084 2738 2154 γράψας,
2780 2082 2815 2136 ἃ
2862 2083 2988 2152 περὶ
3031 2081 3132 2150 τῆς
3181 2079 3275 2131 τοῦ
3329 2079 3672 2147 Μονογενοῦς

2083 2179 2550 2248 ἐνανθρωπήσεως
2609 2174 3046 2245 μεμαθήκαμεν,
3099 2170 3398 2223 ἀπέστειλά
3458 2187 3549 2223 σου
3599 2172 3669 2241 τῇ

2083 2271 2224 2326 κατὰ
2249 2271 2378 2322 θεὸν
2417 2269 2732 2339 τελειότητι.
2769 2266 3025 2334 Ἔγραψα
3060 2265 3114 2317 δὲ
3144 2264 3244 2316 οὐκ
3280 2263 3460 2325 ἄλλοις
3493 2279 3668 2334 προσ-

2083 2364 2263 2432 φέρων
2289 2361 2654 2422 διδασκαλίαν,
2696 2359 2830 2412 ἀλλὰ
2865 2358 2997 2428 πρὸς
3031 2357 3129 2427 τὴν
3159 2358 3533 2427 γεγενημένην
3575 2373 3672 2408 συο

2084 2453 2376 2521 κοφαντίαν
2442 2450 2737 2516 ἀπολογίαν
2791 2449 3133 2518 ποιούμενος,
3184 2447 3278 2500 καὶ
3327 2448 3388 2499 τὺ
3423 2447 3667 2518 ἐμαυτοῦ

2083 2546 2337 2616 φρόνημα
2375 2545 2488 2605 τοῖς
2523 2540 2775 2610 ἀγνοοῦσι
2829 2539 2987 2592 τοῦτο
3027 2540 3262 2602 δεικνύς.
3329 2539 3669 2606 ’Λναγνοῦσα

2081 2637 2258 2690 τοίνυν
2285 2637 2316 2704 ἡ
2347 2633 2624 2703 ἁγιωσύνη
2662 2649 2777 2695 σου,
2811 2634 2858 2684 εἰ
2895 2632 2994 2702 μὲν
3027 2631 3178 2702 εὖροι
3203 2631 3270 2684 τὰ
3299 2631 3666 2702 γεγραμμένα

2080 2731 2190 2790 τοῖς
2237 2725 2613 2786 ἁποστολικοῖς
2663 2722 3028 2792 συμϐαίνοντα
3063 2723 3316 2791 δόγμασι,
3365 2723 3479 2784 τοῖς
3525 2720 3664 2788 πρὸς

2081 2821 2227 2891 ἡμᾶς
2249 2818 2600 2888 ἀντιγράφοις
2631 2815 2928 2886 βεδαιούτω
2958 2815 3071 2883 (66)
3104 2815 3163 2866 τὸ
3199 2813 3473 2883 φρόνημα.
3505 2813 3569 2866 Εἰ
3602 2813 3663 2866 δέ

2079 2929 2131 2964 τι
2165 2911 2272 2963 τῶν
2306 2907 2642 2979 ἐγκειμένων
2671 2909 2736 2978 τῇ
2773 2906 3091 2976 διδασκαλίᾳ
3131 2908 3197 2976 τῇ
3232 2905 3353 2976 θείᾳ
3408 2905 3486 2975 μὴ
3521 2921 3662 2974 συμ-

2081 3005 2267 3072 φωνεῖ,
2330 3002 2422 3053 καὶ
2475 3001 2633 3052 τοῦτο
2667 2997 2858 3067 μαθεῖν
2903 2998 3054 3068 παρὰ
3095 2997 3193 3067 τῆς
3244 2997 3340 3065 σῆς
3381 2996 3664 3064 ὁσιότητος

2079 3093 2233 3159 ἀξιῶ.
2269 3094 2374 3145 Καὶ
2404 3092 2509 3162 γὰρ
2540 3090 2706 3143 πολὺν
2740 3090 2798 3142 ἐν
2829 3092 2893 3159 τῇ
2925 3089 3245 3160 διδασκαλίᾳ
3282 3087 3662 3149 ἀναλώσαντες

2079 3187 2291 3257 χρόνον,
2332 3183 2410 3236 ἔτι
2462 3182 2695 3252 δεόμεθα
2735 3181 2829 3234 τοῦ
2867 3181 3226 3244 διδάσκοντος.
3266 3199 3285 3232 ι
3332 3181 3426 3233 Ἐκ
3457 3179 3661 3249 μέρους

2079 3279 2205 3349 γὰρ,
2263 3277 2426 3346 φησιν
2487 3277 2515 3328 ὁ
2588 3274 2729 3338 θεῖος
2810 3273 3154 3336 Ἀπόστολος,
3206 3271 3570 3342 γινώσκομεν.
3633 3288 3655 3320 ι

2090 3371 2434 3440 Ἦκούσαμεν
2487 3369 2542 3422 δὲ
2582 3367 2744 3420 αὑτοῦ
2788 3367 2950 3420 πάλιν
2995 3366 3281 3434 λέγοντος·
3325 3385 3343 3417 ‹
3369 3365 3432 3418 Εἰ
3475 3363 3532 3416 δέ
3577 3379 3662 3426 τις

2077 3464 2222 3516 δοκεῖ
2250 3461 2546 3529 ἐγνωκέναι
2572 3478 2643 3524 τι,
2675 3458 2884 3512 οὐδέπω
2908 3457 3049 3525 ἔγνω
3071 3457 3251 3520 καθὼς
3281 3457 3361 3509 δεῖ
3379 3455 3605 3524 γνῶναι.
3636 3473 3656 3506 ι

2077 3554 2188 3606 Καὶ
2217 3551 2448 3621 τάληθὲς
2495 3550 2674 3603 τοίνυν
2709 3549 2864 3620 παρὰ
2892 3549 2991 3619 τῆς
3025 3549 3124 3618 σῆς
3161 3549 3440 3618 ὁσιότητος
3483 3563 3663 3616 παρα-

2078 3642 2351 3712 καλοῦμεν
2381 3641 2595 3712 μαθεῖν,
2630 3639 2725 3692 καὶ
2756 3641 2854 3710 τῆς
2889 3638 3348 3709 ἐκκλησιαστικῆς
3378 3636 3663 3706 φροντίσαι

2076 3731 2339 3800 γαλήνης,
2404 3729 2498 3780 ml.
2544 3727 2657 3780 τῶν
2705 3725 2864 3780 θείων
2913 3727 3302 3797 ὑπερμαχῆσαι
3349 3725 3659 3794 δογμάτων.

2077 3821 2294 3873 Τούτων
2321 3819 2427 3889 γὰρ
2459 3819 2524 3888 δὴ
2559 3818 2740 3889 χάριν,
2786 3818 2882 3872 ml.
2910 3819 2959 3870 οί
2991 3817 3394 3885 θεοφιλέστατοι
3437 3815 3664 3868 ἐπίσκοο

2077 3928 2189 3975 ποι,
2214 3911 2307 3964 καὶ
2337 3909 2445 3963 τῶν
2468 3911 2568 3979 τῆς
2602 3907 2910 3978 ὁδοιπορίας
2939 3907 3137 3973 πόνων,
3165 3908 3258 3960 καὶ
3283 3907 3384 3976 τῆς
3413 3921 3664 3976 χειμερι-

2075 4006 2172 4072 νῆς
2213 4003 2724 4072 καταφρονήσαντες
2769 4000 2936 4072 ὥρας,
2993 4001 3086 4052 ἐπὶ
3116 3999 3213 4069 τὴν
3265 3998 3660 4068 βασιλεύουσαν

2075 4094 2342 4166 ὥρμησαν
2375 4094 2550 4158 πόλιν,
2587 4093 2740 4146 λύσιν
2774 4093 2895 4146 τινὰ
2919 4092 3139 4162 πορίσαι
3182 4091 3260 4161 τῷ
3300 4091 3526 4144 κλύδωνι
3553 4105 3657 4160 μη-

2075 4182 2397 4254 χανώμενοι.
2430 4183 2538 4236 Καὶ
2561 4183 2759 4246 αὐτοὺς
2785 4183 2964 4236 τοίνυν
2989 4181 3272 4251 ἐφοδιάσαι
3321 4184 3443 4245 ταῖς
3485 4196 3658 4251 προσ-

2074 4277 2282 4344 ευχαῖς,
2345 4275 2438 4327 καὶ
2497 4277 2642 4345 ἡμᾶς
2693 4274 2916 4336 ταύταις
2981 4274 3190 4344 ἐρεῖσαι
3249 4271 3658 4343 παρακλήθητι,

2071 4366 2323 4419 δέσποτα.

2251 4478 2348 4531 Pl'.
2399 4509 2468 4517 —
2496 4479 2698 4548 Δόμνφ
2730 4459 3046 4543 ἑπισκίίπφ
3091 4477 3482 4545 Ἀντιοχείας.

2160 4590 2452 4658 Ἀναγνοὺς
2484 4591 2552 4644 τά
2599 4591 2926 4662 γράμματα,
2963 4591 3062 4662 τῆς
3101 4590 3530 4662 μακαριωτάτης
3567 4589 3666 4642 άν-

2075 4682 2356 4753 εμνήσθην
2410 4683 2736 4752 Σουσάννης,
2794 4685 2828 4754 ἢ
2879 4683 3006 4747 τοῦς
3056 4683 3362 4754 ἀλάστορας
3416 4681 3659 4742 ἐκείνους

2075 4774 2282 4843 ὁρῶσα,
2313 4773 2404 4825 καὶ
2441 4774 2530 4826 τὸν
2557 4774 2664 4826 τῶν
2691 4774 2826 4828 ὅλων
2849 4775 2982 4827 Θεὸν
3013 4777 3270 4845 παρεῖναι
3303 4772 3657 4835 πιστεύουσα,

2075 4863 2175 4935 τὴν
2212 4864 2518 4934 θαυμασίαν
2559 4865 2774 4934 ἐκείνην
2810 4865 2989 4935 ἀφῆκε
3021 4867 3206 4934 φωνήν
3245 4881 3258 4896 ⁸
3310 4883 3329 4915 σ
3369 4861 3538 4915 Στενά
3567 4877 3660 4931 μοι

2079 4955 2360 5010 πάντοθεν.
2397 4974 2414 5006 ι
2468 4955 2605 5007 Ἀλλ’
2646 4956 2794 5025 ὅμως
2831 4957 3008 5008 εἵλετο
3044 4955 3242 5026 μᾶλλον
3272 4956 3393 5017 ταῖς
3430 4953 3530 5022 τῆς
3564 4966 3661 5002 συ·

2077 5049 2372 5116 κοφαντίας
2405 5049 2608 5116 πάγαις
2638 5052 2978 5117 περιπεσεῖν,
3025 5049 3057 5118 ἢ
3107 5047 3202 5100 τοῦ
3253 5046 3464 5099 δικαίου
3497 5059 3663 5096 κατα-

2076 5139 2347 5210 φρονῆσαι
2396 5138 2604 5209 κριτοῦ.
2637 5141 2747 5193 Καὶ
2777 5140 2893 5201 νῦν,
2923 5139 3180 5201 δέσποτα,
3222 5137 3316 5190 δύο
3347 5136 3656 5207 πρόκειται.

2075 5230 2246 5284 Τοῦτο
2277 5231 2334 5284 δὲ
2360 5231 2618 5295 πολλάκις
2653 5233 2958 5303 εἰρήκαμεν
2993 5246 3006 5260 ’
3043 5231 3075 5300 ἢ
3103 5229 3224 5300 Θεῷ
3254 5223 3656 5297 προσκροῦσαι,

2069 5323 2162 5374 καὶ
2192 5322 2389 5392 βλάψαι
2433 5322 2494 5375 τὸ
2525 5322 2782 5386 συνειδὶς,
2829 5322 2862 5392 ἢ
2896 5323 3016 5383 ταῖς
3058 5319 3264 5380 ἀδίκοις
3297 5317 3404 5370 τῶν
3445 5313 3659 5386 ἀνθρώ-

2071 5429 2190 5464 πων
2214 5411 2414 5481 ψήφοις
2439 5413 2773 5480 περιπεσεῖν.
2839 5411 2992 5480 Ἐμοὶ
3019 5409 3075 5461 δὲ
3111 5407 3232 5462 οὐδὲ
3263 5407 3409 5460 δοκεῖ
3448 5405 3657 5458 τούτων

2074 5502 2270 5555 εἰδέναι
2300 5520 2351 5556 τι
2377 5504 2466 5558 τὸν
2494 5503 2885 5557 εὐσεϐέστατον
2922 5502 3167 5571 βασιλέα.
3207 5502 3271 5556 Τί
3311 5500 3418 5571 γὰρ
3453 5497 3659 5552 ἐκώλυ·
