4056 6444
315 383 464 446 1305

1737 384 2099 445 EPISTOLA
2132 387 2248 448 CX.

3455 386 3592 451 1306

311 510 413 547 οεν
434 491 598 546 αὐτὸν
631 490 861 563 γράψαι,
913 491 1009 543 καὶ
1051 489 1340 562 ἐπιτρέψαι
1387 489 1721 561 χειροτονίαν
1750 488 1894 557 γενέ-

2005 506 2240 560 nemque
2283 491 2399 547 ﬁeri
2434 493 2652 562 jubere,
2686 493 2731 547 si
2776 508 2967 548 revera
3008 493 3114 548 hoc
3147 492 3223 548 illi
3261 494 3591 564 placuisset?

311 587 466 648 σθαι,
511 587 672 654 είπερ
713 584 929 652 ἀληθῶς
960 584 1123 639 αὐτὸν
1152 583 1451 654 ἐθεράπευε
1481 582 1670 646 τοῦτο;
1707 580 1772 633 Τί
1805 582 1902 650 δή-

307 692 451 728 ποτε
472 676 529 729 δὲ
552 674 749 739 ἔξωθεν
780 676 892 743 (67)
915 675 1197 729 ἀπειλοῦσι
1219 676 1315 727 καὶ
1341 673 1687 737 δεδίττονται,
1717 672 1901 740 γράμ-

311 782 471 835 ματα
506 764 565 817 δὲ
604 764 900 834 προφανῶς
941 765 1102 817 τοῦτο
1132 764 1425 818 κελεύοντα
1459 763 1519 817 ού
1551 763 1898 833 πέμπουσιν;

304 859 477 910 Δδοῖν
504 856 611 927 γὰρ
644 856 896 927 θάτερον,
940 857 973 928 ἢ
1017 858 1077 910 οὐ
1108 857 1356 911 πείθεται
1388 857 1595 928 γράψαι
1624 860 1652 910 6
1679 856 1901 910 εὐσεϐέ-

308 965 520 1012 στατος
575 947 850 1017 βασιλεὺς,
909 949 942 1018 ῆ
994 947 1464 1012 κατασκευάζουσι
1512 947 1900 1016 παρανομῆσαι

302 1040 490 1110 ἡμᾶς,
516 1040 610 1093 καὶ
637 1040 793 1102 δίκας
823 1041 916 1093 ὑπ’
944 1040 1125 1092 αὐτῶν
1153 1039 1381 1112 ὕστερον
1411 1040 1513 1109 τῆς
1554 1039 1898 1110 παρανομίας

301 1128 710 1201 ἀπαιτηθῆναι.
743 1132 1034 1200 Πρόκειται
1064 1130 1175 1202 γὰρ
1195 1132 1328 1201 ἡμῖν
1350 1130 1411 1183 τὸ
1437 1129 1579 1183 κατὰ
1600 1129 1689 1183 τὸν
1722 1129 1902 1199 μακά-

304 1239 433 1294 ριον
470 1222 792 1293 Πριγκίπιον
814 1222 1121 1292 ὑπόδειγμα
1144 1238 1158 1251 ·
1200 1224 1315 1274 ἐκεῖ
1351 1222 1445 1274 καὶ
1485 1221 1775 1291 ἐγγράφως
1809 1237 1901 1273 κεσ-

297 1313 628 1376 λεύσαντες,
667 1312 826 1375 δίκας
876 1312 1116 1383 ἀπῄτουν
1160 1311 1251 1364 τὸν
1296 1311 1703 1366 ὑπακούσαντα.
1746 1314 1813 1364 Ἀ
1841 1310 1898 1363 δὲ

297 1405 561 1473 ἀνέγνων
587 1405 709 1458 κατ’
736 1404 905 1475 αὐτὴν
947 1404 1044 1475 τὴν
1071 1405 1308 1475 ἡμέραν,
1345 1405 1465 1457 καθ’
1489 1405 1555 1476 ἥν
1597 1407 1624 1458 6
1655 1404 1903 1458 λεκτικὰ-

300 1513 433 1568 ριος
490 1496 749 1565 ἀφίκετο,
804 1498 1129 1567 γράμματα,
1184 1497 1402 1549 ἐναντία
1461 1497 1670 1560 τούτοις
1730 1496 1898 1550 ἐστίν.

301 1590 510 1658 Ἄγιος
533 1589 642 1658 γάρ
669 1605 752 1650 τις
790 1589 1038 1659 μοναζων
1070 1589 1178 1642 τῶν
1205 1589 1491 1659 ἐπισήμων
1522 1586 1727 1659 ἔγραψε
1762 1587 1901 1658 πρός

298 1699 457 1746 τινα,
493 1682 569 1746 ὼς
619 1681 838 1748 ἐδέξατο
865 1682 1174 1752 γράμματα
1216 1681 1311 1734 καὶ
1350 1680 1446 1733 τοῦ
1483 1680 1899 1751 μεγαλοπρεπε-

302 1773 514 1826 στάτου
556 1772 883 1843 σπαθαρίου,
933 1773 1029 1826 καὶ
1074 1771 1169 1825 τοῦ
1214 1770 1555 1836 ἐνδοξοτάτου
1589 1770 1697 1825 ἀπὸ
1734 1770 1896 1842 μαγί-

2009 582 2282 649 Quorsum
2318 601 2451 640 vero
2483 585 2762 639 minantur
2800 585 2967 640 etiam
3011 586 3166 649 foris,
3209 594 3586 657 terroremque

2009 676 2297 747 injiciunt,
2341 686 2396 732 et
2438 677 2649 732 litteras
2700 693 2823 747 quae
2870 688 3057 748 aperte
3109 679 3220 733 hoc
3270 680 3590 749 prmcipiant

2013 767 2228 837 1180
2263 782 2373 821 non
2411 769 2669 823 mittunt?
2706 770 2948 823 Duorum
2990 771 3140 823 enim
3179 781 3263 824 est
3301 772 3536 824 alterum
3570 789 3586 826 :

1986 859 2093 911 ‘vel
2122 859 2320 913 adduci
2351 875 2458 914 non
2491 868 2669 929 potest
2696 861 2978 931 piissimus
3007 862 3326 931 imperator,
3361 872 3423 917 ut
3448 863 3587 917 scri—

2006 949 2129 1016 bat;
2156 952 2240 1005 vel
2267 951 2372 1006 hoc
2392 961 2579 1022 agunt,
2602 961 2664 1006 ut
2688 954 2837 1023 leges
2859 953 3147 1018 violemus,
3176 961 3231 1007 et
3256 954 3356 1023 ipsi
3384 953 3586 1008 deinde

2007 1056 2038 1095 a
2069 1042 2232 1096 nobis
2258 1043 2444 1098 delicti
2477 1059 2668 1114 poenas
2702 1055 3009 1115 reposcant.
3048 1046 3310 1100 Versatur
3339 1046 3486 1099 enim
3512 1045 3585 1099 ob

2006 1135 2198 1189 oculos
2239 1135 2549 1205 exemplum
2596 1136 2744 1190 beati
2783 1136 3046 1206 Principii
3082 1155 3095 1189 :
3136 1136 3227 1190 ubi
3262 1152 3385 1190 cum
3417 1135 3583 1191 etiam

2006 1227 2212 1296 scripto
2237 1228 2550 1298 iussissent,
2582 1244 2774 1299 poenas
2798 1240 2980 1285 tamen
3012 1230 3081 1283 ab
3110 1246 3178 1285 eo
3208 1229 3302 1299 qui
3332 1236 3588 1299 paruerat

2004 1317 2317 1388 exigebant.
2354 1319 2527 1374 Porro
2551 1320 2770 1386 litterze,
2796 1336 2935 1390 quas
2963 1335 3030 1375 eo
3058 1321 3177 1390 ipso
3205 1319 3294 1374 die
3327 1319 3452 1390 legi,
3479 1336 3589 1389 quo

2004 1409 2319 1464 lecticarius
2363 1409 2618 1477 advenit,
2674 1412 2762 1466 his
2816 1420 2944 1467 sunt
2994 1412 3302 1466 contrariae.
3354 1410 3585 1478 Quidam

2005 1501 2151 1555 enim
2182 1510 2405 1557 sanctus
2432 1503 2735 1557 monachus
2760 1518 2824 1557 ex
2857 1502 3162 1558 illustribus
3198 1504 3415 1558 cuidam
3451 1505 3588 1558 scri-

2006 1592 2133 1661 psit,
2164 1592 2380 1647 litteras
2414 1608 2472 1648 se
2504 1594 2801 1663 accepisse,
2839 1602 2956 1647 tum
2986 1609 3015 1647 a
3046 1593 3587 1664 magniﬁcentissimo

2006 1682 2319 1751 spathario,
2368 1690 2482 1737 tum
2526 1698 2557 1737 a
2600 1683 2999 1753 gloriosissimo
3049 1683 3417 1752 exmagistro,
3464 1698 3589 1752 qua

2005 1773 2250 1829 indicant
2284 1790 2372 1828 res
2405 1775 2518 1830 Deo
2550 1774 2859 1829 cbarissimi
2900 1774 3144 1844 episcopi
3178 1776 3194 1795 ‘
3231 1773 3442 1827 domini
3475 1773 3591 1829 ire-

303 1882 518 1937 στρων,
556 1865 889 1935 σημαίνοντα
914 1864 989 1926 ὡς
1016 1863 1351 1936 διορθώσεως
1374 1864 1622 1931 τεύξεται
1653 1864 1724 1917 τὰ
1756 1864 1894 1918 κατὰ

2000 1866 2102 1920 mei
2142 1865 2370 1921 meliore
2405 1865 2529 1921 loco
2564 1865 2800 1930 futuras,
2835 1877 2997 1935 atque
3040 1865 3204 1936 hujus
3249 1864 3332 1919 sui
3377 1863 3587 1919 laboris

298 1957 405 2010 τὸν
448 1956 861 2026 θεοφιλέστατον
891 1957 1187 2011 ἐπίσκοπον
1224 1958 1316 2011 τὸν
1356 1956 1545 2029 κύριον
1571 1959 1895 2029 Εἰρηναῖονο

300 2050 409 2102 καὶ
451 2048 657 2119 ταύτης
692 2065 755 2118 γε
799 2048 899 2120 τῆς
934 2048 1170 2118 σπουδῆς
1198 2049 1497 2113 ἀντιδόσεις
1530 2049 1771 2120 ἀπῄτουν
1799 2049 1898 2114 τὰς

298 2142 457 2211 ὑπὲρ
484 2141 666 2194 αὐτῶν
695 2140 1024 2212 προσευχάς.
1073 2140 1215 2210 Ἐγὼ
1244 2141 1422 2194 τοίνυν
1459 2142 1665 2214 νομίζω
1701 2143 1897 2213 χρῆναι

298 2233 592 2305 γραφῆναι
628 2233 765 2303 πρὸς
787 2233 912 2296 τοὺς
947 2233 1294 2303 γεγραφότας
1322 2234 1431 2288 ἀπὸ
1452 2235 1551 2305 τῆς
1581 2233 1897 2302 βασιλευού-

297 2339 412 2392 σης
453 2323 662 2385 πόλεως
706 2322 1021 2395 κληρικοὺς,
1059 2325 1140 2378 ὅτι
1167 2323 1334 2395 ψήφῳ
1377 2325 1476 2393 μὲν
1500 2324 1610 2377 τῶν
1647 2326 1746 2396 τῆς
1777 2327 1899 2379 Φοι-

298 2413 471 2483 νίκης
505 2413 935 2482 θεοφιλεστάτων
964 2414 1280 2469 ἐπισκόπων
1320 2414 1585 2480 πεισθεὶς,
1622 2418 1895 2487 ἐχειροτό-

297 2523 455 2574 νησα
483 2507 574 2560 τὸν
603 2506 1017 2575 θεοφιλέστατον
1048 2506 1349 2559 ἐπίσκοπον
1376 2508 1663 2578 Εἰρηναῖον
1682 2525 1695 2538 °
1718 2509 1810 2562 τόν
1835 2526 1893 2561 τε

298 2599 499 2669 ζῆλον,
534 2598 629 2651 καὶ
655 2598 755 2668 τὴν
791 2597 1218 2667 μεγαλοψυχίαν,
1247 2598 1342 2650 καὶ
1371 2598 1472 2667 τὴν
1500 2597 1890 2669 φιλοπτωχίαν,

298 2690 407 2744 καὶ
433 2687 532 2752 τὰς
561 2687 727 2750 ἄλλας
754 2687 901 2758 αὐτῷ
936 2689 1192 2752 συνειδὼς
1225 2688 1450 2759 ἀρετὰς,
1480 2690 1573 2742 καὶ
1607 2690 1744 2761 πρὸς
1772 2691 1894 2744 τού-

295 2800 449 2846 τοις,
480 2781 579 2852 τὴν
608 2780 720 2834 τῶν
751 2781 1039 2852 δογμάτων
1071 2782 1359 2853 ὀρθότητα.
1392 2782 1506 2835 Ούκ
1536 2782 1757 2852 οἴδαμεν
1783 2782 1892 2854 γὰρ

295 2871 477 2926 αὐτὸν
506 2870 985 2942 παραιτησάμενον
1007 2868 1227 2923 πώποτε
1256 2871 1515 2925 Θεοτὸκον
1541 2873 1769 2926 καλέσαι
1792 2872 1891 2944 τὴν

298 2961 475 3031 ἁγίαν
504 2960 801 3031 Παρθένον,
830 2960 864 3032 ἢ
905 2960 1033 3014 ἄλλο
1064 2978 1117 3013 τι
1146 2962 1387 3014 ἐναντίον
1416 2963 1761 3032 φρονήσαντα
1780 2967 1892 3028 τοῖς

298 3054 685 3120 εύαγγελικοῖς
712 3051 996 3122 δόγμασιν.
1028 3052 1124 3116 Ei;
1151 3054 1209 3106 δὲ
1253 3055 1313 3107 τὸ
1346 3055 1445 3124 τῆς
1469 3056 1749 3127 διγαμίας,
1780 3059 1892 3121 τοῖς

1999 1959 2306 2013 mercedem
2361 1960 2606 2029 ipsorum
2654 1974 2849 2029 preces
2897 1958 3232 2029 ﬂagitabant.
3281 1956 3463 2024 Quare
3515 1957 3585 2011 ad

2000 2050 2233 2105 clericos
2270 2050 2364 2119 qui
2392 2065 2459 2104 ex
2486 2050 2627 2104 urbe
2661 2050 2809 2120 regia
2836 2034 3179 2119 scripserunt
3214 2047 3383 2102 scribi
3421 2062 3587 2117 opor-

2003 2151 2121 2197 tere
2177 2157 2412 2207 censeo,
2464 2141 2763 2196 adductum
2819 2156 2907 2195 me
2966 2141 3078 2194 Deo
3135 2140 3585 2196 cbarissimorum

2000 2234 2295 2291 Pbueniciae
2332 2235 2714 2304 episcoporum
2754 2232 3001 2297 decreto,
3042 2233 3155 2287 Deo
3200 2230 3586 2286 charissimam

1998 2327 2319 2397 episcopum
2347 2326 2611 2381 Irenaeum
2642 2325 2952 2389 ordinasse,
2978 2340 3103 2379 cum
3131 2324 3279 2377 illius
3304 2330 3360 2377 et
3382 2323 3583 2388 zelum,

1997 2428 2054 2473 et
2100 2418 2627 2488 magnanimitatem,
2679 2424 2736 2471 et
2787 2431 3030 2470 amorem
3087 2415 3144 2469 in
3196 2428 3488 2485 pauperes,
3529 2422 3588 2467 et

1996 2509 2132 2564 alias
2160 2510 2280 2579 eius
2306 2509 2542 2563 virtutes
2571 2515 2888 2577 perspectas
2912 2507 3198 2570 haberem,
3230 2522 3295 2560 ac
3318 2512 3586 2577 praeterea

1995 2598 2310 2670 dogmatum
2352 2597 2761 2653 rectitudinem.
2794 2596 2909 2651 Nec
2936 2595 3083 2650 enim
3111 2595 3316 2650 scimus
3341 2609 3583 2664 unquam

1997 2705 2278 2745 recusasse
2330 2689 2618 2760 Deiparam
2663 2687 2939 2758 appellare
2987 2693 3234 2741 sanctam
3273 2685 3579 2756 Virginem,

1995 2791 2089 2835 aut
2121 2781 2270 2835 aliud
2304 2780 2587 2850 quidpiam
2626 2794 2657 2833 a
2690 2778 2929 2833 decretis
2968 2777 3300 2848 evangelicis
3336 2776 3578 2837 alienum

1995 2876 2252 2929 sensisse.
2285 2873 2442 2940 Quod
2481 2887 2618 2927 vero
2646 2871 2714 2926 ad
2741 2871 3034 2941 digamiam
3059 2870 3276 2933 attinet,
3308 2869 3582 2939 majorum

1994 2967 2241 3037 vestigiis
2263 2966 2600 3021 inhzesimus.
2618 2965 2753 3020 Nam
2777 2973 2832 3019 et
2848 2965 3021 3019 beatae
3042 2971 3349 3031 sanctaeque
3373 2976 3582 3015 memo-

1996 3063 2092 3117 rim
2103 3061 2433 3125 Alexander,
2451 3060 2543 3131 qui
2563 3058 2916 3130 apostolicam
2934 3057 3076 3111 hanc
3090 3054 3272 3111 sedem
3293 3052 3451 3116 rexit,
3472 3067 3582 3107 una

299 3144 419 3215 πρὸ
453 3143 610 3213 ἡμῶν
637 3136 1105 3214 ἠκολουθήσαμεν.
1140 3144 1252 3197 Καὶ
1283 3144 1394 3215 γὰρ
1414 3147 1444 3198 6
1477 3146 1574 3218 τῆς
1612 3148 1891 3219 μακαρίας

1998 3172 2121 3211 cum
2147 3155 2468 3210 beatissimo
2501 3153 2701 3213 Acacio
2731 3152 2936 3206 Beroeaa
2975 3149 3232 3219 episcopo
3263 3147 3438 3202 beatae
3469 3160 3585 3201 me-

278 3234 405 3307 νκαὶ
431 3232 584 3296 ὁσίας
634 3233 857 3304 μνήμης
908 3233 1273 3305 Ἀλέξανδρος,
1315 3237 1343 3288 6
1396 3236 1487 3289 τὸν
1535 3238 1891 3292 ἀποστολικὸν

295 3323 499 3377 τοῦτον
544 3323 922 3394 διακοσμήσας
966 3324 1176 3395 θρόνον,
1232 3327 1329 3380 σὺν
1356 3323 1436 3394 τῷ
1486 3330 1890 3400 μακαριωτάτῳ

315 3415 561 3485 ’Δκακίῳ
605 3417 706 3486 τῆς
744 3415 972 3486 Βεροίας
1000 3416 1303 3487 ἐπισκόπῳ,
1344 3417 1433 3469 τὸν
1479 3419 1577 3487 τῆς
1614 3420 1891 3490 μακαρίας

308 3506 539 3576 μνήμης
564 3506 825 3577 Διογένην
864 3507 1277 3578 ἐχειροτόνησαν
1319 3508 1548 3580 δίγαμον
1585 3510 1713 3564 ὄντα
1739 3526 1752 3541 ·
1780 3511 1890 3564 ώσ-

295 3597 488 3660 αύτως
529 3597 587 3650 δὲ
635 3592 733 3651 καὶ
777 3599 806 3650 ό
858 3597 1128 3668 μακάριος
1161 3599 1451 3668 Πραΰλιος,
1498 3601 1754 3669 Δομνῖνον
1798 3600 1889 3656 τὸν

296 3687 645 3759 Καισαρείας
692 3688 922 3760 δίγαμον
965 3689 1113 3743 ὅντα.
1158 3689 1311 3743 ’Έθει
1358 3691 1538 3745 τοίνυν
1583 3693 1886 3765 ἠκολουθή-

298 3796 500 3850 σαμεν,
539 3782 633 3834 καὶ
664 3781 922 3853 ἀνδράσιν
956 3784 1267 3854 ἐπισήμοις,
1305 3785 1399 3838 καὶ⁸
1444 3786 1534 3837 ἐπὶ
1562 3786 1760 3854 γνώσει
1798 3788 1891 3841 καὶ

299 3872 409 3943 βίῳ
442 3871 918 3944 πολυθρυλλήτοις.
954 3875 1133 3928 Πολλά
1169 3876 1225 3929 δὲ
1265 3877 1360 3930 καὶ
1390 3877 1524 3930 ἄλλα
1553 3878 1779 3932 τοιαῦτα
1811 3880 1891 3932 δε-

292 3966 627 4036 διδαγμένος
653 3968 681 4020 ὁ
718 3970 817 4038 τῆς
857 3967 1131 4038 μακαρίας
1166 3971 1385 4041 μνήμης
1428 3970 1703 4042 Πρόκλος,
1737 3973 1767 4024 6
1794 3973 1891 4042 τῆς

282 4056 958 4114 Κωνσταντινουπολιτῶν
989 4060 1308 4126 ἐπίσκοπος,
1333 4063 1429 4116 καὶ
1463 4064 1622 4128 αὐτὸς
1652 4064 1752 4137 τὴν
1781 4083 1891 4135 χει-

300 4148 555 4219 ροτονίαν
577 4149 814 4215 ἐδέξατο,
862 4149 956 4202 καὶ
993 4148 1232 4222 ἔγραψεν
1281 4153 1521 4205 ἐπαινῶν
1561 4155 1654 4207 καὶ
1681 4155 1890 4225 θαυμά-

296 4240 436 4304 ζων.
471 4241 746 4306 Ὡσαύτως
770 4243 827 4295 δὲ
862 4243 956 4297 καὶ
979 4246 1026 4296 οί
1068 4245 1443 4312 πρωτεύοντες
1479 4246 1579 4317 τῆς
1614 4248 1888 4318 Ποντικῆς

295 4336 621 4405 διοικήσεως
662 4336 1064 4405 θεοφιλέστατοι
1116 4338 1438 4403 ἐπίσκοποι,
1481 4340 1576 4393 καὶ
1603 4342 1652 4393 οἱ
1688 4341 1888 4396 Παλαι-

299 4429 473 4480 στῖνοι
514 4427 736 4493 πάντες,
778 4427 873 4480 καὶ
913 4427 1141 4497 οὐδεμία
1184 4428 1482 4498 ἀμφιϐολία
1534 4430 1662 4500 περὶ
1697 4431 1886 4484 τούτου

1999 3247 2189 3302 ιηοτίω
2232 3247 2526 3316 Diogenem
2568 3244 2845 3314 digamum
2894 3240 3173 3295 ordinavit
3215 3256 3229 3292 :
3276 3238 3583 3307 eodemque

1998 3336 2162 3392 modo
2186 3336 2382 3390 beatus
2410 3333 2659 3403 Praylius
2688 3330 3021 3386 Domninum
3056 3328 3338 3391 Caesareae,
3371 3325 3464 3396 qui
3496 3325 3583 3380 di—

1996 3442 2189 3499 gamus
2214 3425 2343 3480 item
2364 3431 2502 3478 erat.
2521 3420 2990 3478 Consuetudinem
3016 3434 3146 3489 ergo
3169 3417 3343 3473 secuti
3364 3416 3577 3486 1181

1997 3532 2208 3582 sumus,
2245 3524 2301 3572 et
2337 3516 2487 3570 viros
2531 3514 2775 3568 illustres
2810 3512 3151 3580 scientiaque
3190 3518 3246 3563 et
3290 3508 3399 3562 vita
3437 3506 3582 3562 cele-

1996 3610 2291 3681 berrimos.
2335 3608 2413 3663 Ac
2453 3607 2624 3661 multa
2665 3606 2829 3659 etiam
2871 3604 2975 3658 alia
3011 3601 3325 3673 huiusmodi
3355 3598 3581 3654 minime

1997 3703 2255 3774 ignorans
2296 3701 2470 3755 beatae
2509 3695 2787 3753 memoriae
2829 3695 3076 3760 Proclus,
3116 3693 3580 3759 Constantinopo-

1997 3796 2293 3850 litanorum
2327 3795 2640 3864 episcopus,
2669 3799 2725 3846 et
2754 3789 3156 3844 ordinationem
3191 3785 3307 3855 ipse
3338 3781 3579 3843 admisit.

1997 3899 2052 3944 ct
2090 3888 2321 3944 laudans
2349 3896 2405 3943 et
2431 3885 2744 3956 approbatis
2783 3880 3085 3951 rescripsit.
3121 3878 3385 3933 Similiter
3412 3875 3580 3931 etiam

1999 3982 2237 4038 Pontica:
2288 3981 2592 4034 dimceseos
2641 3973 2891 4047 primarii
2938 3973 3054 4027 Deo
3099 3964 3409 4024 charissimi
3458 3965 3580 4035 epi-

1997 4072 2171 4142 scopi,
2206 4081 2262 4127 et
2293 4068 2570 4125 Palmstini
2602 4082 2796 4122 omnes
2829 4084 2841 4119 :
2869 4078 3049 4134 neque
3077 4062 3188 4116 ulla
3222 4068 3341 4114 orta
3366 4064 3452 4113 est
3476 4057 3582 4113 bac

1998 4163 2064 4216 de
2121 4177 2179 4216 re
2233 4156 2648 4222 controversia;
2702 4162 2756 4210 et
2806 4155 3056 4222 iniquum
3110 4148 3348 4203 dicimus
3397 4146 3580 4201 virum

1996 4254 2257 4308 damnare
2301 4248 2490 4303 multis
2538 4263 2601 4301 ac
2644 4244 2812 4300 variis
2853 4241 3087 4314 egregiis
3128 4237 3470 4294 facinoribus
3508 4237 3579 4291 il-

1995 4344 2243 4398 lustrem.
2280 4341 2408 4395 Haec
2443 4346 2499 4393 et
2537 4337 2626 4391 bis
2664 4335 2864 4391 similia
2897 4348 3017 4387 mea
3047 4328 3270 4400 quidem
3306 4327 3579 4383 sententia

1996 4435 2237 4491 scribere
2286 4437 2505 4502 oportet
2555 4446 2569 4482 :
2619 4427 2716 4482 sed
2762 4427 2810 4481 si
2857 4424 2989 4496 quid
3044 4420 3192 4476 aliud
3238 4420 3295 4473 in
3334 4424 3578 4473 mentem

294 4515 630 4587 γεγένηται·
672 4515 765 4568 καὶ
799 4514 1055 4580 δυσσεϐὲς
1101 4515 1395 4586 νομίζομεν
1434 4516 1496 4569 τὸ
1554 4520 1880 4588 κατακρίναι

1998 4526 2145 4583 venit
2171 4522 2447 4582 sanctitati
2480 4530 2608 4585 tuae,
2631 4518 2727 4574 ﬂat
2749 4516 2897 4589 quod
2926 4514 3225 4570 videbitur.
3258 4512 3371 4582 Ego
3402 4509 3574 4575 enim,

298 4604 475 4675 ἄνδρα
528 4603 744 4667 πολλοῖς
780 4606 874 4657 καὶ
913 4604 1272 4667 παντοδαποῖς
1311 4604 1701 4677 κατορθώμασι
1743 4608 1884 4678 λαμ·
1922 4632 1937 4647 ι

296 4695 659 4765 πρυνόμενον.
707 4693 893 4749 Ταῦτα
928 4695 1023 4749 καὶ
1059 4695 1128 4748 τὰ
1157 4693 1385 4751 τοιαῦτα
1417 4698 1562 4751 κατὰ
1601 4697 1698 4769 τὴν
1741 4700 1884 4771 ἐμὴν

293 4785 527 4857 γνώμην
552 4787 632 4840 δεῖ
649 4786 878 4858 γράψαι.
906 4786 970 4839 Εἰ
995 4786 1052 4839 δὲ
1078 4786 1208 4840 ἄλλο
1234 4803 1287 4839 τι
1315 4789 1515 4860 συνορᾷ
1546 4806 1638 4842 σου
1661 4791 1695 4861 ἠ
1733 4792 1887 4860 ἁγιό-

290 4895 421 4949 της,
448 4878 510 4930 τὸ
533 4878 724 4933 δοκοῦν
762 4878 1015 4948 γινέσθω.
1051 4879 1193 4949 Ἐγὼ
1231 4879 1339 4950 γὰρ
1375 4882 1468 4934 καὶ
1496 4882 1594 4954 τὴν
1623 4883 1773 4954 μίαν,
1808 4886 1886 4951 ὡς

292 4968 604 5040 νομίξουσι,
650 4972 920 5043 τιμωρίαν
975 4971 1289 5043 δεξάμενος,
1331 4973 1548 5045 ἕτοιμός
1602 4978 1740 5048 είμι,
1788 4978 1884 5032 τοῦ

291 5059 436 5112 θεοῦ
474 5077 566 5131 μοι
595 5059 939 5130 βοηθοῦντος,
972 5063 1226 5129 δέξασθαι
1254 5064 1348 5116 καὶ⁵
1387 5064 1700 5142 τὴνᾶλλην.
1737 5071 1799 5123 Ei
1827 5070 1884 5124 δὲ

295 5152 395 5204 καὶ
425 5152 616 5223 τρίτην
661 5153 961 5223 βούλονται,
1010 5155 1423 5227 καὶ“τετάρτην,
1454 5158 1556 5228 τῆς
1594 5160 1744 5224 θείας
1784 5162 1887 5233 χά-

1993 4620 2088 4691 qui
2113 4634 2240 4682 una,
2263 4626 2326 4672 ut
2350 4622 2565 4686 putant,
2588 4626 2748 4684 poena
2765 4625 2885 4665 sum
2906 4606 3155 4671 aii'ectus,
3178 4611 3400 4675 paratus
3430 4617 3575 4667 sum,

1993 4713 2107 4768 Deo
2136 4725 2223 4765 me
2245 4711 2494 4782 iuvante,
2516 4714 2574 4761 et
2596 4705 2829 4759 alteram
2848 4699 3037 4756 subire
3066 4716 3079 4752 :
3108 4696 3254 4768 quod
3278 4695 3324 4751 si
3354 4693 3576 4749 tertiam

1993 4819 2213 4877 quoque
2248 4802 2460 4863 volunt,
2483 4807 2539 4854 et
2564 4807 2839 4869 quartam,
2866 4793 3053 4849 divina
3087 4789 3347 4877 fulciente
3375 4786 3576 4858 gratia,

1992 4875 2256 4958 feremus,
2276 4892 2562 4959 Deumque
2589 4886 2957 4941 laudabimus.
2978 4878 3135 4948 Quod
3161 4878 3207 4934 si
3231 4875 3429 4948 probat
3445 4889 3575 4928 san-

1993 4989 2155 5045 ctitas
2181 4993 2296 5051 tua,
2321 4982 2609 5040 videamus
2633 4980 2797 5036 etiam
2820 4976 2953 5049 quid
2980 4992 3011 5031 e
3033 4971 3321 5030 Palzestina
3347 4984 3578 5039 respon-

1993 5081 2211 5144 deatur,
2244 5085 2301 5132 et
2342 5076 2476 5146 quid
2512 5074 2657 5129 facto
2691 5072 2762 5127 sit
2790 5085 2931 5141 opus
2970 5065 3284 5123 accuratius
3321 5058 3577 5117 conside-

1995 5174 2200 5228 rantes,
2238 5164 2313 5217 ita
2343 5159 2858 5230 Constantinopolin
2890 5156 3222 5212 scribamus.

299 5263 451 5316 ριτος
484 5249 869 5323 ἔπερειδούσης
916 5255 1157 5323 οἴσομεν,
1200 5253 1292 5306 τὸν
1335 5253 1615 5326 Δεσπότην
1649 5258 1983 5326 ὑμνοῦντες·
2054 5262 2102 5312 εἰ
2167 5258 2222 5311 δὲ
2280 5255 2566 5322 δοκιμάζει
2600 5272 2692 5307 σον
2729 5255 2761 5324 ὴ
2802 5252 3040 5323 ὁσιότης,
3106 5251 3305 5321 ἴδωμεν
3346 5247 3440 5301 καὶ
3475 5244 3575 5305 τὰς

290 5338 408 5391 ἀπὸ
450 5339 816 5412 Παλαιστίνης
860 5344 1208 5416 ἀποκρίσεις·
1257 5347 1349 5400 καὶ
1389 5347 1779 5420 ἀκριϐέστερον
1821 5351 1881 5405 τὸ
1916 5352 2189 5423 πρακτέον
2210 5350 2607 5419 σκοπήσαντες,
2632 5347 2775 5402 οὕτω
2816 5347 2910 5400 καὶ
2947 5344 3247 5416 γράψωμεν
3277 5340 3352 5402 είς
3417 5338 3575 5390 κωνο

298 5448 331 5482 ιτ
344 5432 764 5488 εαντινούπολιν.

367 5716 484 5783 {67)
516 5716 606 5800 Sic
632 5719 685 5774 in
716 5720 882 5800 δεον.
919 5733 979 5800 ct
1006 5723 1180 5800 Yatic.
1230 5724 1395 5798 apud
1421 5725 1737 5792 Baronium,
1783 5726 1876 5796 qui
1917 5728 1983 5784 ad
2015 5746 2065 5784 ιι.
2100 5730 2225 5797 M7,
2262 5737 2301 5783 t.
2366 5728 2453 5793 Vl,
2484 5744 2538 5800 p.
2582 5729 2649 5784 52
2704 5742 2819 5796 seq.
2886 5725 3027 5781 banc
3067 5720 3231 5777 habet
3261 5716 3552 5791 epistolam

294 5786 629 5843 Sirmoudus
663 5786 905 5847 ediderat
937 5795 983 5845 ot
1016 5793 1235 5856 ἔξωθεν.
