4056 6420
428 618 451 641 ς

488 334 621 399 1307

878 438 1012 495 CXI.
1048 469 1118 478 —-
1150 437 1399 492 Anatolio
1433 440 1676 508 patricio.

555 552 954 608 Beneﬁciorum
989 568 1119 622 erga
1163 567 1263 607 nos
1302 568 1529 607 suorum
1563 554 2067 622 compensationem

483 646 553 698 ab
585 646 966 699 universorum
995 644 1107 698 Deo
1153 644 1559 714 magniﬁcentia
1596 653 1778 700 vestra
1814 645 2064 716 recipiet.

484 734 760 803 Quidquid
795 734 941 787 enim
981 734 1131 788 illius
1166 733 1238 789 sit
1274 734 1468 804 gratia,
1501 738 1519 754 '
1550 736 1863 791 mercedem
1904 737 2069 792 habet

483 824 772 878 adnexam.
794 824 907 894 Ego
929 824 1152 893 quidem
1174 824 1633 879 calumniatorum
1658 826 2067 881 multitudinem

487 916 663 970 rideo.
689 915 931 985 Corpora
951 916 1181 981 etenim,
1207 932 1328 986 qua:
1352 917 1736 973 vehementius
1758 918 2065 983 caeduntur,

482 1006 733 1060 dolorem
763 1022 873 1060 non
900 1008 1165 1069 sentiunt,
1195 1017 1444 1061 emortua
1473 1009 1581 1078 jam
1621 1025 1785 1063 carne
1810 1025 1931 1078 qua:
1962 1025 2067 1063 caa-

480 1097 651 1151 ditur.
694 1097 949 1151 Attamen
980 1097 1406 1153 eﬁ‘renatissima
1441 1115 1533 1153 ora
1576 1101 1741 1155 falsos
1787 1116 2069 1155 sermones

482 1187 820 1257 proferentia
858 1186 1052 1242 deﬂeo.
1086 1188 1202 1253 Qua
1244 1191 1393 1243 enim
1435 1207 1465 1244 a
1509 1191 1667 1246 nobis
1710 1192 1909 1262 injuria
1953 1193 2065 1247 Ιαξεὶ

428 1305 434 1311 ε
479 1288 833 1334 accusatores
881 1279 988 1333 Ibze
1030 1280 1142 1333 Deo
1196 1281 1408 1351 1182
1461 1282 1769 1336 charissimi
1822 1283 2067 1354 episcopi

477 1371 603 1426 istis
637 1377 828 1425 contra
857 1387 958 1426 nos
996 1373 1299 1427 mendaciis
1332 1375 1597 1427 utuntur?
1629 1376 1874 1430 Primum
1900 1392 1931 1429 e
1963 1392 2067 1431 nu-

482 1463 892 1533 merojudicum
915 1479 1014 1533 ego
1037 1481 1145 1519 non
1164 1466 1264 1531 fui,
1285 1467 1486 1536 quippe
1507 1468 1599 1537 qui
1617 1468 1835 1538 Cyrrhi,
1860 1468 2066 1538 princi-

482 1555 565 1624 pis
590 1556 770 1625 jussu,
822 1556 1118 1611 haerebam.
1170 1558 1399 1623 Deinde,
1444 1566 1568 1613 uta
1612 1560 1801 1614 multis
1855 1560 2064 1629 accepi,

481 1645 785 1700 absentiam
816 1661 1034 1715 quoque
1063 1656 1308 1701 nostram
1341 1650 1569 1703 moleste
1605 1650 1878 1704 ferebant.
1930 1651 2065 1704 Nam

481 1746 541 1790 ut
570 1738 811 1808 mystica:
847 1739 1250 1793 communionis
1285 1756 1383 1809 per
1417 1741 1660 1795 salutare
1696 1742 1903 1797 Pascha
1937 1758 2066 1812 par-

481 1828 673 1896 ticipes
703 1827 894 1882 ﬁerent
923 1844 1026 1899 ego
1066 1831 1274 1893 curavi,
1311 1841 1365 1885 et
1402 1848 1543 1901 saepe
1574 1848 1931 1904 congressum
1966 1849 2056 1888 no-

478 1927 655 1971 strum
682 1934 804 1973 cum
833 1929 1177 1988 expeterent,
1212 1922 1427 1990 placide
1451 1923 1665 1991 excepi.
1691 1930 1747 1977 et
1773 1939 1895 1993 quae
1926 1938 2066 1993 opus

478 2019 641 2063 erant
664 2012 929 2081 suggessi.
963 2012 1034 2067 Ut
1068 2023 1250 2067 autem
1281 2014 1447 2069 etiam
1471 2031 1570 2084 pro
1596 2016 1708 2069 Deo
1739 2016 2066 2072 charissima

477 2101 741 2172 episcopo
794 2103 1019 2159 domino
1058 2107 1269 2160 Domno
1319 2108 1704 2175 respondeam,
1746 2109 1875 2177 quid
1913 2109 2065 2162 illum

480 2192 664 2249 facere
696 2196 1009 2263 oportebat,
1048 2197 1143 2265 qui
1183 2196 1262 2251 sic
1302 2206 1490 2267 aperte
1529 2199 1969 2268 oppugnabatur,
2009 2207 2067 2255 et

480 2282 742 2352 synodica
787 2285 1059 2338 sententia
1098 2286 1379 2355 depositos
1424 2286 1478 2339 in
1522 2288 1684 2341 aliam
1727 2288 2066 2357 provinciam

481 2373 682 2427 missos
719 2374 962 2440 videbat,
1014 2376 1199 2446 ibique
1240 2378 1611 2433 sacerdotium
1655 2387 1845 2435 contra
1885 2382 2067 2436 eccle-

482 2462 738 2519 siasticas
776 2465 926 2536 leges
962 2483 1262 2530 resumere,
1294 2477 1348 2521 et
1379 2484 1530 2523 sacra
1559 2486 1622 2525 ac
1654 2470 1840 2525 divina
1869 2472 1938 2525 ab
1965 2473 2067 2526 ho-

481 2555 662 2610 stibus
692 2557 937 2612 veritatis
961 2558 1129 2612 rideri
1161 2568 1217 2613 et
1242 2560 1483 2615 ludibrio
1507 2561 1740 2615 haberi?
1770 2562 2069 2631 Propterea

482 2653 545 2697 ut
578 2644 693 2700 hme
726 2647 1001 2716 cognovit,
1044 2648 1311 2718 judicium
1339 2651 1403 2704 ad
1442 2651 1578 2705 alios
1612 2652 1937 2716 transmisit,
1967 2669 2071 2707 nec

480 2736 551 2790 ad
586 2738 698 2792 Deo
725 2739 1109 2795 charissimum
1142 2742 1428 2796 dominum
1462 2744 1611 2797 lbam
1650 2745 1848 2808 solum,
1875 2759 2067 2799 verum

482 2831 649 2884 etiam
671 2832 736 2887 ad
767 2834 1172 2889 sanctissimum
1201 2835 1521 2905 episcopum
1554 2836 1763 2890 Amida:
1785 2837 2070 2890 dominum

485 2922 824 2987 Simeonem,
860 2936 921 2981 ut
953 2927 1187 2981 duarum
1215 2928 1628 2996 provinciarum
1666 2928 2071 2998 Metropolitani

486 3012 755 3083 integram
775 3031 953 3070 causa:
974 3018 1344 3087 cognitionem
1372 3018 1738 3087 susciperent.
1764 3018 1867 3085 Qui
1888 3026 2070 3073 autem

1475 332 1963 395 TIIEODORETI
2007 335 2346 395 EPISCOPI
2386 334 2751 395 CYBENSIS

3618 328 3758 393 1308

2425 444 2574 496 PlA'.
2604 472 2673 482 --
2712 441 3025 505 Ἀνατολίῳ
3048 441 3341 509 Πατρικίῳ
3368 438 3500 511 (68).

2251 556 2317 607 Ἦ
2350 556 2447 624 μὲν
2474 555 2717 626 ὑμετέρα
2754 554 3096 626 μεγαλοφυῒα
3140 553 3248 607 τῶν
3282 555 3361 617 εἰς
3396 553 3545 623 ἡμᾶς
3590 553 3758 624 εὐερ-

2171 646 2370 714 γεσιῶν
2394 646 2545 716 παρά
2570 646 2665 699 τοῦ
2695 644 2831 698 Θεοῦ
2860 646 2971 700 τῶν
2998 646 3134 699 ὅλων
3172 647 3447 715 κομιεῖται
3476 645 3573 709 τὰς
3598 646 3754 700 ἀντι-

2170 737 2365 801 δόσεις.
2431 739 2546 792 Πᾶν
2607 738 2716 809 γὰρ
2763 735 2943 792 ὁτιοῦν
3001 736 3170 791 αὑτοῦ
3215 736 3379 808 χάριν
3427 736 3748 806 γινόμενον,

2174 830 2365 900 μισθὸν
2398 830 2511 900 ἔχει
2537 829 2983 899 συνεζευγμένον.
3031 828 3176 896 Ἐγὼ
3221 828 3404 897 μέντοι
3439 827 3548 880 τῶν
3591 845 3755 881 συκο-

2172 920 2409 989 φαντιῶν
2441 920 2501 973 τὺ
2523 920 2726 989 πλῆθος
2758 919 2920 988 γελῶ.
2978 920 3087 973 Kal.
3124 919 3234 989 γὰρ
3276 917 3345 972 τὰ
3393 917 3753 988 σφοδρότερον

2172 1009 2493 1081 αἰκιζόμενοι
2513 1011 2757 1082 σώματα,
2778 1013 2879 1081 τῆς
2901 1011 3092 1082 ὀδύνης
3111 1012 3212 1065 οὐκ
3228 1009 3637 1076 ἐπαισθάνεται,
3664 1027 3754 1064 νε-
3784 998 3790 1029 ⁹

2171 1102 2678 1172 κρωθείσηςλοιπὺν
2712 1103 2809 1169 τῆς
2838 1100 3196 1171 οἰκιζομένης
3222 1102 3443 1170 σαρκός.
3473 1100 3670 1172 Θρηνῶ
3690 1099 3752 1154 δὲ

2169 1195 2319 1261 ὅμως
2346 1190 2414 1244 τὰ
2447 1190 2770 1259 ἀθυρώτατα
2800 1192 3044 1260 στόματα
3071 1190 3421 1260 ψευδολογίας
3443 1188 3747 1260 προφέρον-

2168 1298 2269 1335 τα·
2299 1281 2352 1334 τί
2385 1282 2493 1351 γὰρ
2524 1283 2653 1352 παρ’
2693 1282 2849 1352 ἡμῶν
2881 1282 3232 1351 ἀδικηθέντες
3279 1283 3329 1334 οἱ
3362 1280 3458 1333 τοῦ
3506 1278 3747 1348 θεοφιλε-

2173 1374 2367 1426 στάτου
2394 1374 2696 1427 ἐπισκόπου
2716 1373 2835 1425 Ἴϐα
2853 1374 3173 1443 κατήγοροι,
3197 1371 3422 1435 ταύταις
3443 1369 3565 1423 καθ’
3588 1372 3620 1441 ή
3630 1370 3747 1439 μῶν

2170 1468 2289 1529 ταῖς
2321 1465 2694 1534 ψευδολογίαις
2721 1467 3059 1535 ἐχρήσαντο;
3095 1463 3316 1533 Πρῶτον
3344 1461 3443 1532 μὲν
3477 1460 3584 1530 γὰρ
3622 1460 3752 1513 οὐδὲ

2171 1558 2277 1612 τῶν
2305 1557 2509 1627 κριτῶν
2540 1558 2688 1627 ήμην
2719 1557 2830 1624 ἐγώ
2851 1573 2863 1586 ⁸
2904 1555 3047 1608 κατὰ
3072 1554 3181 1623 γὰρ
3212 1554 3310 1623 τὴν
3337 1552 3622 1622 βασιλικὴν
3640 1551 3754 1621 ψῆ-

2172 1668 2269 1718 φον
2298 1652 2354 1701 ἐν
2380 1651 2445 1719 τῇ
2482 1648 2688 1719 Κύρρῳ
2717 1648 2924 1717 διῆγον.
2964 1648 3195 1699 Ἔπειτα
3236 1645 3313 1708 δὲ,
3344 1643 3418 1706 ὡς
3446 1643 3597 1714 παρά
3627 1642 3759 1695 πολ-ν

2102 1777 2141 1834 Β
2172 1739 2280 1792 λῶν
2304 1740 2537 1809 ἀκήκοα,
2565 1740 2657 1790 καὶ
2689 1737 3134 1807 δυσχεραίνοντες
3166 1735 3438 1789 διετέλουν
3480 1735 3575 1805 τὴν
3609 1736 3757 1803 ἡμε-

2174 1832 2337 1903 τέραν
2361 1831 2645 1899 ἀπόλειψιν
2667 1847 2679 1859 ·
2705 1830 2797 1884 καὶ
2820 1830 2929 1899 γάρ
2950 1829 3047 1899 τῆς
3078 1828 3344 1899 μυστικῆς
3368 1822 3562 1887 αὐτοὺς
3588 1828 3645 1878 ἐν
3676 1824 3762 1893 τῷ

2177 1924 2431 1995 σωτηρίῳ
2476 1924 2672 1992 Πάσχα
2726 1921 3051 1992 μεταλαχεῖν
3102 1918 3388 1981 κοινωνίας
3445 1916 3555 1985 ἐγὼ
3612 1934 3763 1987 παρ-

2175 2014 2450 2068 εσκεύασα
2469 2030 2482 2043 ·
2512 2014 2605 2066 καὶ
2634 2012 2895 2075 πολλάκις
2930 2012 3061 2081 ἡμῖν
3086 2010 3364 2076 συντυχεῖν
3391 2006 3763 2077 ἐθελήσαντας

2176 2106 2418 2177 εὐμενῶς
2471 2104 2761 2175 ἐδεξάμην,
2797 2104 2891 2156 καὶ
2947 2102 3331 2173 εἰσηγησάμην
3376 2101 3520 2170 άπερ
3564 2099 3757 2170 ἐχρῆν.

2176 2200 2295 2252 Ἵνα
2322 2198 2379 2251 δέ
2426 2199 2517 2251 καὶ
2560 2197 2699 2267 ὑπὲρ
2736 2195 2829 2248 τοῦ
2866 2194 3281 2264 θεοφιλεστάτου
3331 2193 3630 2245 ἐπισκόπου
3662 2191 3763 2244 τοῦ

2176 2288 2367 2360 κυρίου
2399 2290 2604 2358 Δόμνου
2650 2285 3124 2355 ἀπολογήσωμαι,
3177 2283 3230 2337 τί
3278 2284 3385 2337 ἔδει
3416 2282 3621 2353 πρᾶξαι
3668 2281 3765 2334 τὸν

2177 2382 2322 2436 οὕτω
2378 2380 2626 2452 φανερῶς
2676 2378 3081 2448 πολεμούμενον
3107 2419 3123 2440 ,
3174 2377 3267 2430 καὶ
3326 2375 3600 2446 θεώμενον
3631 2375 3767 2436 τοὺς

2175 2474 2340 2544 ψήφῳ
2373 2472 2624 2542 συνοδικῇ
2652 2468 3121 2541 καθαιρουμένους
3149 2470 3226 2532 εἰς
3261 2467 3453 2538 ἐτέραν
3490 2467 3763 2536 διοίκησιν

2178 2563 2592 2635 πεμπομένους,
2629 2562 2725 2615 καὶ
2769 2561 2920 2631 παρά
2971 2560 3098 2623 τοὺς
3143 2558 3632 2626 ἐκκλησιαστικοὺς
3670 2557 3764 2609 θε-

2179 2656 2350 2726 σμοὺς
2371 2653 2467 2723 τὴν
2497 2652 2797 2723 ἱερωσύνην
2832 2650 3339 2718 ἀπολαμϐάνοντας,
3372 2648 3467 2701 καὶ
3489 2646 3561 2699 τὰ
3587 2647 3767 2699 σεπτὰ

2177 2745 2273 2798 καὶ
2309 2743 2431 2796 θεῖα
2462 2742 2612 2813 παρὰ
2649 2740 2759 2794 τῶν
2789 2740 3001 2811 ἐχθρῶν
3045 2740 3143 2810 τῆς
3188 2737 3450 2809 ἀληθείας
3476 2737 3770 2806 γελώμενὰ

2178 2853 2236 2888 τε
2268 2837 2361 2888 καὶ
2404 2833 2845 2905 κωμῳδούμενας
2892 2831 3096 2885 Τούτου
3145 2832 3325 2903 χάριν,
3360 2829 3436 2893 ώς
3475 2829 3634 2896 ἔγνω,
3663 2826 3767 2897 τὴν

2180 2926 2361 2998 κρίσιν
2392 2925 2600 2995 ἑτέροις
2628 2923 2982 2995 παρέπεμψε,
3006 2923 3100 2976 καὶ
3132 2922 3194 2974 οὐ
3228 2921 3387 2993 μόνον
3411 2919 3491 2991 τῷ
3516 2920 3765 2987 050390.2-

2184 3020 2362 3089 στάτῳ
2385 3016 2462 3087 τῷ
2488 3016 2661 3086 κυρίῳ
2691 3015 2845 3085 ’16ᾳ,
2891 3015 3029 3069 ἀλλά
3068 3014 3163 3069 καὶ
3200 3013 3278 3084 τῷ
3322 3012 3614 3082 ἁγιωτάτῳ
3650 3012 3771 3063 ἐπι-

482 3116 704 3170 aequum
743 3112 829 3157 est
868 3105 1089 3159 eosdem
1129 3115 1184 3161 et
1230 3106 1571 3161 crudelitatis
1616 3115 1671 3161 et
1711 3108 2070 3162 humanitatis

2182 3110 2368 3180 σκόπῳ
2393 3108 2469 3179 τῷ
2500 3108 2674 3179 κυρίῳ
2705 3106 2774 3159 Συ
2784 3105 2953 3178 μεῶνι
2977 3107 3054 3177 τῷ
3099 3105 3346 3175 ’Δμίδης,
3370 3103 3511 3157 ὥστε
3537 3101 3650 3155 τῶν
3669 3100 3772 3155 δύο

486 3193 710 3248 nomine
726 3196 1007 3250 accusari?
1027 3196 1244 3251 Etenim
1271 3198 1316 3252 si
1340 3198 1611 3269 ejicimus,
1654 3200 2069 3269 periclitamur:

487 3285 675 3340 sinon
716 3288 989 3357 ejicimus,
1026 3289 1336 3358 perieulum
1377 3307 1488 3345 non
1529 3291 1838 3355 evadimus,
1878 3301 1935 3345 et
1970 3291 2072 3345 soli

486 3375 749 3431 omnibus
799 3377 856 3432 in
903 3380 1069 3433 terris
1117 3396 1521 3451 oppugnantur.
1571 3382 1638 3434 Et
1685 3381 1804 3435 aliae
1848 3380 2072 3450 quidem

488 3467 762 3525 dioeceses
789 3470 990 3539 quietrc
1023 3474 1242 3537 vivunt,
1271 3489 1371 3529 nos
1404 3490 1535 3529 vero
1572 3474 1675 3529 soli
1709 3474 2075 3528 calumniato-

489 3560 645 3616 ribus
677 3564 911 3633 expositi
938 3580 1130 3619 sumns
1161 3583 1173 3617 :
1203 3573 1367 3634 atque
1402 3581 1504 3637 ego
1534 3567 1828 3635 przecipue,
1858 3569 2076 3622 tametsi

487 3668 592 3709 nec
615 3670 721 3709 una
749 3656 1065 3726 judicarim,
1092 3668 1148 3711 et
1166 3656 1314 3709 omni
1349 3672 1578 3725 prorsus
1604 3656 1765 3725 culpa
1791 3672 2000 3711 vacem.

2183 3202 2461 3273 ἐπαρχιῶν
2493 3201 2619 3263 τοὺς
2653 3198 3055 3269 μητροπολίτας
3090 3194 3375 3250 διακοῦσαι
3414 3194 3523 3248 τῶν
3563 3191 3770 3246 ὑποθέ-

2186 3311 2341 3347 σεων.
2386 3292 2507 3355 Πῶς
2532 3292 2589 3345 δὲ
2620 3292 2831 3345 δίκαιον
2849 3290 2973 3352 τοὺς
2995 3288 3190 3351 αὐτοὺς
3217 3287 3477 3358 ὠμότητα
3521 3283 3615 3338 καὶ
3640 3281 3772 3351 φιλ-

2184 3388 2280 3441 ανθ
2288 3386 2497 3458 ρωπίαν
2516 3382 2972 3455 κατηγορεῖσθαι;
3004 3381 3114 3435 Kal.
3135 3381 3243 3452 γὰρ
3268 3378 3621 3440 ἐκϐάλλοντες
3643 3392 3769 3429 κινο

2184 3478 2494 3549 δυνεύομεν,
2551 3477 2644 3531 καὶ⁹
2682 3474 2757 3547 μὴ
2799 3474 3152 3535 ἐκϐάλλοντες
3200 3472 3329 3535 τοὺς
3377 3469 3657 3531 κινδύνους
3702 3468 3770 3520 οὐ

2184 3569 2547 3639 διαφεύγομεν
2570 3583 2584 3596 ’
2620 3566 2716 3621 καὶ
2766 3566 2918 3637 μόνοι
2957 3562 3345 3633 πολεμούμεθα
3395 3560 3546 3631 παρά
3582 3560 3772 3613 πᾶσαν

2186 3664 2285 3733 τὴν
2309 3660 2655 3729 οἰκουμένην.
2689 3658 2801 3712 Καὶ
2828 3660 2883 3710 αἱ
2915 3657 3013 3727 μὲν
3040 3656 3199 3712 ἀλλαι
3228 3655 3525 3725 διοικήσεις
3550 3654 3607 3705 ἐν
3633 3652 3774 3721 ἠσυ-

488 3744 584 3814 xi;
605 3744 884 3814 διάγουσιν
907 3763 921 3776 ⁶
954 3748 1115 3816 ἡμεῖς
1145 3746 1202 3798 δὲ
1230 3747 1379 3816 μόνοι
1403 3750 1517 3810 τοῖς
1546 3748 1915 3817 συκοφάνταις
1960 3755 2301 3826 προκείμεθα
2328 3772 2340 3785 ο
2379 3752 2489 3824 ἐγὼ
2525 3752 2581 3806 δὲ
2626 3750 3011 3822 διαφερόντως,
3077 3750 3256 3804 καίτοι
3317 3749 3454 3819 μήτε
3515 3745 3775 3799 συνδικά-

493 3851 614 3897 σας,
647 3834 742 3888 καὶ
777 3836 1056 3900 παντελῶς
1085 3837 1381 3901 ἀνεύθυνος
1411 3837 1507 3895 ῶν.
1790 3896 1797 3902 ,

562 3923 687 3979 llzec
720 3942 884 3995 porro
916 3936 976 3982 ut
1014 3929 1319 3985 scriberem
1350 3933 1510 3988 lectis
1544 3935 1939 4005 magnitudinis
1971 3946 2078 3993 tua:

491 4016 693 4071 litteris
726 4035 846 4073 sum
876 4030 1121 4087 coactus,
1163 4038 1287 4077 cum
1319 4040 1384 4079 ex
1418 4025 1526 4081 illis
1558 4026 1872 4083 didicissem
1903 4029 2077 4083 maxi-

493 4120 643 4158 mum
670 4120 895 4178 propter
926 4109 1029 4165 ista
1059 4112 1395 4167 concitatum
1432 4122 1640 4168 motum
1671 4115 1726 4169 in
1749 4132 1850 4171 nos
1883 4117 2073 4183 fuisse,

493 4196 745 4254 homines
781 4202 1070 4272 relegatos,
1098 4204 1311 4274 1183
1339 4213 1395 4258 et
1421 4205 1664 4274 quietem
1693 4208 1990 4277 amplexos,
2020 4218 2075 4264 et

490 4288 585 4358 qui
620 4306 723 4345 nec
766 4307 891 4346 cum
934 4296 1233 4364 provincia:
1272 4298 1382 4352 Deo
1414 4298 1777 4355 charissimis-
1801 4300 2077 4370 episcopis

491 4380 733 4437 solemus
761 4386 1079 4440 convenire.
1114 4386 1328 4441 Revera
1366 4389 1512 4443 enim
1540 4390 1685 4445 bina:
1705 4392 1819 4461 jam
1852 4391 1907 4445 in
1945 4407 2077 4461 pro-

489 4469 672 4523 vincia
701 4480 887 4526 nostra
911 4475 1302 4545 episcoporum
1334 4478 1712 4534 ordinationes
1742 4479 1900 4536 factae
1924 4490 2073 4549 sunt,

490 4560 696 4628 quibus
742 4578 850 4616 non
900 4564 1147 4619 interfui.
1179 4564 1337 4632 Quod
1375 4570 1418 4623 si
1463 4572 1613 4641 regio
1655 4573 1913 4629 mandato
1964 4591 2077 4629 non

491 4652 795 4720 detinerer,
846 4656 1056 4711 abirem
1100 4660 1384 4728 profecto,
1426 4671 1481 4717 et
1519 4674 1792 4720 remotum
1836 4665 2076 4735 aliquem

2259 3933 2444 3987 Ταῦτα
2488 3932 2843 4003 ἠναγκάσθην
2900 3931 3111 4003 γράψαι
3176 3934 3289 3995 τοῖς
3345 3930 3440 3987 τοῦ
3498 3933 3772 4005 ὑμετέρου

2190 4026 2458 4097 μεγέθους
2487 4025 2813 4095 γράμμασιν
2836 4023 3096 4094 ἐντυχὼν,
3120 4024 3216 4077 καὶ
3249 4023 3437 4093 μαθὼν
3466 4024 3536 4077 δι’
3562 4026 3770 4091 αὐτῶν,

2183 4117 2257 4181 ώς
2286 4116 2379 4170 καὶ
2400 4116 2485 4170 διὰ
2506 4115 2677 4169 ταῦτα
2707 4115 2920 4185 κίνησις
2960 4114 3195 4184 μεγίστη
3211 4115 3404 4184 γέγονε
3430 4115 3551 4170 καθ’
3582 4117 3615 4186 ἡ
3627 4116 3771 4186 μῶν,

2184 4208 2393 4278 ἀνδρῶν
2427 4207 2914 4279 περιορισθέντων,
2961 4206 3056 4259 καὶ
3095 4206 3326 4276 ἡσυχίαν
3360 4205 3626 4275 ἀγόντων,
3674 4207 3775 4260 καὶ

2184 4299 2303 4353 οὐδὲ
2340 4300 2451 4361 τοῖς
2499 4297 2600 4366 τῆς
2640 4296 2906 4367 ἐπαρχίας
2962 4294 3400 4363 θεοφιλεστάτοις
3447 4293 3775 4359 ἐπισκόποις

2172 4389 2634 4460 συνεδρευόντων.
2665 4386 2755 4457 Τῷ
2778 4386 2891 4440 ὄντι
2908 4387 3017 4456 γάρ
3040 4387 3122 4450 δίς
3150 4386 3250 4456 ἤδη
3285 4385 3624 4456 χειροτονίας
3647 4388 3776 4439 ἐπι-

2188 4480 2459 4550 σκοπικῆς
2510 4480 2567 4531 ἐν
2595 4480 2660 4548 τῇ
2697 4478 2936 4549 ἐπαρχίᾳ
2985 4481 3049 4548 τῇ
3085 4477 3336 4547 ἡμετέρα
3367 4477 3773 4548 γεγενημένης,

2129 4617 2148 4636 ,
2184 4573 2440 4643 οὐδεμιᾶς
2470 4570 2825 4641 ἐκοινώνησα.
2861 4572 2921 4622 Εἰ
2952 4570 3007 4622 δὲ
3045 4569 3121 4641 μὴ
3165 4569 3244 4639 τῷ
3287 4568 3550 4640 βασιλικῷ
3584 4586 3776 4623 κατει-

2185 4664 2361 4734 χὸμην
2394 4663 2577 4732 νόμῳ,
2608 4662 2714 4730 ἄρα
2747 4660 2813 4714 ἂν
2852 4662 3124 4732 ἀπέστην,
3160 4661 3253 4714 καί
3280 4677 3401 4714 τινα
3446 4657 3778 4715 καταλαϐὼν

492 4758 771 4798 secessum
796 4756 1009 4814 petens,
1041 4751 1055 4771 ‘
1080 4750 1155 4803 ibi
1188 4753 1431 4822 reliquos
1449 4755 1574 4810 vita:
1594 4756 1712 4811 dies
1736 4773 2070 4827 peragerem.

2185 4754 2465 4826 ἐσχατιάν,
2496 4755 2612 4806 ἐκεῖ
2638 4754 2735 4815 τὰς
2769 4753 3102 4823 λειπομένας
3145 4753 3357 4823 ἡμέρας
3394 4752 3603 4822 διῆγον.
3638 4751 3781 4805 Ἀπ-

493 4833 682 4888 Taedet
713 4837 860 4891 enim
888 4837 1141 4905 istorum,
1178 4859 1300 4913 qum
1329 4845 1385 4899 in
1409 4860 1493 4900 me
1516 4856 1829 4901 struuntur.
1857 4847 1990 4903 Nam
2022 4858 2078 4904 et

492 4924 802 4982 Edessenos
827 4930 961 4985 istos
995 4933 1239 4989 arbitror
1267 4952 1377 4991 non
1404 4954 1503 4993 sua
1529 4947 1734 5008 sponte
1760 4939 1904 4992 hanc
1942 4954 2076 4993 con-

493 5023 578 5069 tra
604 5030 704 5070 nos
736 5018 1066 5075 calumniam
1092 5026 1354 5093 texuisse,
1392 5026 1487 5080 sed
1521 5026 1588 5081 de
1630 5027 1788 5081 nobis
1820 5026 2079 5082 didicisse

490 5121 560 5159 ex
598 5105 725 5171 illis,
762 5109 855 5179 qui
891 5110 969 5166 ibi
1008 5124 1158 5181 sunt,
1211 5117 1533 5172 hominibus
1564 5118 1815 5173 veritatis
1843 5119 2079 5174 amanti-

491 5196 615 5253 bus.
641 5199 829 5258 Gratia
855 5214 1037 5261 autem
1061 5210 1307 5264 omnium
1327 5210 1630 5276 Servatori,
1655 5212 1801 5281 quod
1827 5228 1913 5268 me
1938 5212 2082 5267 indi-

492 5305 659 5357 gnum
687 5292 817 5349 licet
843 5299 1176 5369 evangelieis
1211 5301 1653 5357 beatitudinibus
1690 5303 1949 5373 dignatus
1974 5312 2078 5359 est.

493 5377 605 5435 liae
623 5382 691 5437 de
718 5401 881 5441 causa
901 5395 958 5442 et
979 5389 1369 5460 relegationem
1396 5408 1520 5447 cum
1539 5393 1818 5463 voluptate
1840 5393 2079 5461 suscepi,

496 5480 549 5526 et
568 5475 825 5531 exsilium
853 5489 1131 5549 exspecto,
1154 5490 1211 5536 et
1243 5484 1512 5555 quidquid
1555 5484 1761 5539 inferre
1799 5485 2081 5539 voluerint

570 5613 679 5695 (68)
710 5617 913 5695 Eadem
955 5623 1186 5695 epistola
1244 5622 1361 5677 Lat.
1395 5633 1479 5680 est
1506 5623 1650 5695 apud
1692 5624 1888 5679 Baron.
1922 5623 1989 5676 ad
2021 5638 2072 5676 a.

498 5681 787 5760 4484091.
818 5690 909 5756 Vl,
943 5681 1008 5760 p.‘
1029 5694 1097 5747 70
1127 5709 1184 5748 se

571 5709 622 5747 δ,
654 5709 787 5741 ιυιιι.
830 5709 909 5756 VI,
943 5709 997 5760 p.
1031 5709 1097 5747 'lU
1127 5709 1184 5748 se
1230 5734 1241 5744 .

571 5757 680 5828 (69)
712 5756 837 5815 Sive
883 5762 954 5831 μή
1010 5709 1324 5820 addentium
1355 5774 1460 5832 est,
1504 5765 1619 5822 sive
1671 5765 1776 5820 hoc
1818 5761 2069 5832 φιλαλήθ.

2188 4848 2387 4918 είρηκα
2421 4845 2529 4914 γὰρ
2569 4845 2706 4915 πρὸς
2731 4844 2800 4896 τὰ
2836 4847 2959 4897 κατ’
2981 4844 3116 4915 ἐμοῦ
3141 4845 3501 4915 τυρευόμενα.
3525 4843 3635 4897 Kal.
3658 4842 3780 4913 γὰρ

2186 4937 2412 4999 τούτους
2443 4936 2641 4998 αὐτοὺς
2676 4937 2801 4998 τοὺς
2846 4936 3160 5005 Ἐδεσηνοὺς
3198 4936 3297 4989 οὐκ
3332 4934 3484 5007 οἶμαι
3529 4935 3781 5005 αὐτομά-

2188 5044 2296 5089 τως
2326 5025 2529 5096 ταύτην
2562 5024 2683 5077 καθ’
2719 5024 2876 5094 ἡμῶν
2899 5024 2997 5094 τὴν
3023 5025 3387 5092 συκοφαντίαν
3412 5025 3631 5095 ὑφῆναι,
3653 5023 3775 5077 ἀλλ’

2191 5119 2297 5174 ὑπὸ
2334 5119 2440 5171 τῶν
2494 5115 2681 5170 αὐτόθι
2738 5114 3049 5186 φιλαλήθων
3084 5114 3196 5185 (69)
3246 5114 3552 5186 ἀνθρώπων
3596 5112 3778 5168 ταῦτα

2190 5212 2311 5266 καθ’
2351 5209 2508 5281 ἡμῶν
2537 5206 2869 5278 διδαχθῆναι.
2923 5207 3032 5259 Καὶ
3077 5207 3237 5277 χάρις
3286 5206 3365 5275 τῷ
3403 5205 3615 5272 Σωτῆρι
3658 5204 3779 5258 τῶν

2188 5304 2347 5366 ὅλων,
2380 5303 2462 5354 ὅτι
2512 5317 2578 5371 με
2609 5297 2824 5362 ἀνάξιον
2858 5296 2987 5352 ὄντα
3017 5296 3126 5351 τῶν
3173 5296 3547 5365 εὐαγγελικῶν
3571 5296 3781 5364 ἠξίωσε

2193 5392 2576 5464 μακαρισμῶν.
2606 5390 2704 5443 Διά
2731 5405 2811 5440 τοι
2832 5386 2989 5439 τοῦτο
3022 5387 3229 5440 καὶτὸν
3262 5386 3622 5457 περιορισμὸν
3650 5386 3779 5457 μεθ’

2189 5484 2380 5554 ἡδονῆς
2416 5482 2707 5549 ἐδεξάμην,
2736 5479 2829 5531 καὶ
2857 5477 2954 5548 τὴν
2986 5477 3201 5548 ἐξορίαν
3236 5478 3603 5548 προσδέχομαι
3629 5494 3643 5508 ·
3676 5478 3783 5531 καὶ

2186 5622 2391 5677 ironice
2440 5615 3075 5695 ac_cipiend_um,_quali_a
3119 5630 3281 5695 quam
3319 5613 3781 5695 'plulinia‘sunt,

2186 5708 2309 5748 cum
2341 5692 2407 5746 de
2440 5682 2677 5744 inimicis
2719 5682 2982 5758 loquitur,
3035 5686 3090 5739 in
3138 5682 3384 5756 epistolis
3414 5682 3783 5740 Theodoreti.
