4056 6422
374 381 524 449 i309

1800 391 2168 454 EPISTULA
2202 394 2382 454 CXII.

3510 393 3647 459 1310

371 495 492 548 πᾶν
517 495 658 567 ὅπερ
685 494 752 548 ἂν
774 493 1078 564 ἐπαγαγεῖν
1107 495 1386 561 ἐθέλωσιν,
1413 498 1708 563 ἀσπαστῶς
1739 500 1968 572 δέχομαι

2083 513 2294 574 propter
2324 501 2623 574 repositam
2643 517 2796 572 spem
2815 501 3054 557 libenter
3078 502 3396 572 amplector.
3419 503 3526 558 Pro
3553 512 3646 558 tua

365 586 466 640 διὰ
497 586 598 658 τὴν
617 586 991 658 ἀποκειμένην
1025 587 1235 642 ἐλπίδα,
1271 588 1384 658 Τῆς
1405 589 1462 643 δὲ
1486 591 1758 662 ὑμετέρας
1793 611 1964 662 μεγα-

366 675 608 745 ingenia;
667 674 933 745 διηνεκῶς
987 677 1399 748 ὑπερεύχομαι,
1455 681 1551 733 καὶ
1600 682 1725 747 τοὺς
1777 683 1964 752 ἁγίους

369 769 631 832 ἅπαντας
662 771 938 822 κοινωνεῖν
974 781 1066 840 μοι
1101 769 1208 822 τῶν
1241 769 1417 840 εὐχῶν
1455 771 1703 826 ἱκετεύω.

447 881 601 936 PIB'.
637 911 706 923 —-
737 883 944 950 Δόμνῳ
987 883 1303 947 ἐπισκόπῳ
1354 883 1725 954 Ἀντιοχείας
1754 885 1892 958 (70).

461 993 805 1066 Ἦλπίσαμεν
830 995 1143 1051 πεπαῦσθαι
1170 996 1239 1050 τὰ
1271 998 1574 1070 σκυθρωπὰ
1593 1039 1606 1064 ,
1638 999 1799 1053 τινῶν
1833 1001 1966 1072 ἡμῖν

373 1085 783 1154 μεμηνυκότων
817 1087 894 1150 ὼς
922 1087 1156 1157 ἐσϐέσθη
1187 1089 1284 1158 μὲν
1313 1091 1344 1157 ἠ
1379 1089 1484 1146 ,τοῦ
1531 1088 1838 1142 καλλινίκου
1871 1091 1968 1160 βα-

371 1175 576 1239 σιλέως
601 1177 960 1250 μικροψυχία,
991 1179 1334 1248 καταλλαγαὶ
1358 1179 1416 1232 δὲ
1442 1180 1642 1250 μεταξὺ
1681 1181 1846 1234 αὑτοῦ
1873 1181 1967 1234 καὶ

367 1266 472 1319 τοῦ
499 1266 913 1336 θεοφιλεστάτου
941 1270 1240 1324 ἐπισκόπου
1268 1271 1607 1339 γεγένηνται,
1639 1271 1729 1326 καὶ
1753 1272 1966 1326 πέπαυ-

370 1375 472 1411 ται
510 1358 608 1428 μὲν
630 1360 664 1429 ἡ
697 1359 796 1429 τῆς
819 1361 1038 1413 συνόδου
1083 1362 1292 1432 κλῆσις,
1323 1367 1354 1436 ἡ
1387 1367 1444 1419 δὲ
1476 1365 1587 1419 τῶν
1629 1368 1966 1436 Ἐκκλησιῶν

375 1448 688 1516 ἐπανῆλθεν
719 1451 932 1520 εἰρήνη.
961 1451 1042 1504 Τὰ
1061 1452 1118 1505 δέ
1139 1452 1233 1506 νῦν
1257 1457 1408 1526 παρὰ
1429 1457 1526 1524 τῆς
1561 1457 1662 1526 σῆς
1691 1459 1968 1528 ὁσιότητος

374 1542 665 1611 γραφέντα
705 1542 910 1613 σφόδρα
937 1543 1086 1613 ἡμᾶς
1103 1546 1344 1614 ἠνίασεν.
1387 1548 1551 1601 Οὐδὲν
1583 1550 1692 1618 γάρ
1725 1549 1871 1602 ἔστιν
1903 1552 1965 1604 ἐκ

371 1633 483 1700 τῆς
505 1631 914 1702 θρυλλουμένης
949 1636 1168 1689 συνόδου
1214 1639 1582 1709 προσδοκῆσαι
1625 1642 1880 1710 χρηστὸν,
1919 1644 1968 1696 εἰ

377 1721 464 1792 μὴ
495 1722 604 1792 ἄρα
633 1725 662 1776 ό
685 1722 1068 1795 φιλάνθρωπος
1103 1728 1378 1796 Δεσπότης
1403 1769 1415 1789 ,
1450 1733 1516 1800 τῇ
1552 1730 1770 1800 συνήθει
1810 1733 1969 1801 κηδε-

2071 611 2203 649 vero
2233 594 2634 666 magnificentia
2658 593 2776 648 sine
2801 593 3212 649 intermissione
3235 610 3428 664 preces
3453 594 3644 658 fundo,

2070 695 2128 740 et
2153 695 2374 742 sanctos
2410 701 2602 744 omnes
2634 695 2694 742 ut
2725 687 2782 740 in
2811 686 3258 741 communionem
3293 701 3516 756 precmu
3550 700 3646 740 vc-

2071 779 2228 838 niant
2255 794 2372 834 oro.

2313 887 2473 944 CXII.
2505 921 2576 929 —
2597 889 2800 943 Damno
2831 890 3067 960 episcopo
3089 888 3396 962 ᾼηιίοεΙιὶιε.

2143 1001 2398 1057 Cessassc
2423 1001 2601 1056 tristia
2628 1003 2991 1072 speravimus,
3027 1017 3150 1056 cum
3186 1001 3522 1056 indicassent
3551 1015 3651 1054 no-

2073 1093 2161 1148 bis
2202 1093 2427 1164 quidam
2471 1093 2800 1148 exstinctam
2849 1107 2971 1148 esse
3027 1093 3255 1148 victoris
3300 1093 3651 1163 imperatoris

2074 1185 2478 1256 impotentiam,
2513 1184 2824 1254 factamque
2855 1185 2999 1239 inter
3021 1185 3196 1255 ipsum
3225 1195 3282 1240 ct
3302 1187 3414 1241 Deo
3437 1186 3650 1241 charis-

2075 1275 2275 1330 simam
2309 1275 2628 1344 episcopum
2660 1262 3184 1340 reconciliationem,
3209 1291 3272 1332 ac
3305 1275 3498 1346 synodi
3525 1277 3641 1346 quii

2075 1368 2200 1422 dem
2265 1367 2718 1422 convocationem
2765 1367 3030 1432 desiisse,
3088 1367 3463 1422 Ecclesiarum
3521 1381 3654 1421 vero

2074 1475 2265 1530 pacem
2318 1459 2566 1514 rediisse.
2621 1459 2727 1514 Sed
2774 1475 2896 1528 qute
2941 1458 3108 1512 modo
3148 1476 3178 1514 a
3225 1459 3515 1514 sanctitate
3561 1466 3654 1512 tua

2075 1552 2279 1621 scripta
2314 1561 2442 1605 sunt
2469 1550 2708 1620 graviter
2737 1567 2838 1604 nos
2869 1551 3288 1606 eontristarunt.
3323 1551 3472 1606 Nihil
3505 1551 3656 1605 enim

2074 1640 2203 1695 boni
2231 1657 2298 1694 ex
2321 1641 2523 1711 iactata
2548 1639 2758 1710 synodo
2781 1639 2994 1710 1184
3015 1647 3334 1710 exspectare
3373 1640 3522 1702 licet,
3547 1639 3654 1694 nisi

2075 1731 2390 1787 misericors
2419 1731 2705 1794 Dominus,
2755 1729 2912 1784 solita
2943 1745 3080 1783 usus
3118 1729 3487 1798 providentia,
3529 1737 3651 1782 tur-

377 1813 550 1883 μονίᾳ
573 1815 938 1885 χρησάμενος,
960 1817 1068 1870 τῶν
1091 1818 1422 1890 ταραχωῧών
1441 1820 1706 1891 δαιμόνων
1727 1822 1966 1878 διαλύσει

2083 1823 2427 1877 bulentorum
2457 1821 2766 1874 dzemonum
2803 1818 3088 1872 machinas
3122 1817 3388 1871 destruat.
3428 1817 3564 1870 Nam
3596 1823 3652 1870 et

375 1905 488 1966 τὰς
517 1907 785 1976 μηχανάς.
819 1907 929 1960 Καὶ
958 1907 1065 1978 γάρ
1093 1909 1151 1962 ἐν
1191 1912 1256 1980 τῇ
1290 1911 1501 1983 μεγάλῃ
1537 1913 1736 1983 συνόδῳ
1759 1955 1773 1978 ,
1803 1917 1868 1984 τῇ
1910 1916 1968 1966 ἐν

377 1997 598 2068 Νικαίᾳ
621 1997 1073 2070 συναθροισθείσῃ
1094 2002 1259 2072 φημὶ,
1280 2003 1714 2073 συνεψηφίσαντο
1740 2007 1840 2076 μὲν
1857 2008 1972 2071 τοῖς

375 2091 692 2161 όρθοδόξοις
712 2095 759 2145 οξ
781 2093 879 2163 τῆς
913 2093 1125 2164 Ἀρείου
1155 2097 1485 2167 συμμορίας,
1520 2098 1616 2150 καὶ
1643 2101 1708 2170 τῇ
1738 2101 1970 2152 ἀποστο-

378 2184 513 2254 λικῇ
560 2183 648 2236 διὰ
675 2183 784 2236 τῶν
829 2185 1028 2256 χειρῶν
1063 2187 1277 2240 ἐκθέσει
1311 2187 1613 2248 συνέθεντο.
1657 2191 1972 2244 Διετέλεσαν

379 2275 444 2327 δὲ
473 2277 538 2345 τῇ
560 2275 786 2346 ἀληθεία⁵
811 2277 1192 2346 πολεμοῦντες,
1219 2279 1324 2342 ἕως
1351 2279 1409 2332 τὸ
1433 2281 1592 2350 σῶμα
1614 2282 1713 2351 τῆς
1740 2283 1972 2355 Ἐκκλη-

382 2365 516 2428 σίας
561 2367 872 2438 διέρρηξαν.
917 2369 1026 2420 Καὶ
1079 2369 1376 2438 τριάκοντα
1408 2371 1508 2440 μὲν
1545 2371 1638 2440 ἔτη
1669 2373 1974 2428 διετέλεσαν

380 2457 778 2521 κοινωνοῦντες
803 2459 1074 2530 ἀλλήλοις,
1115 2459 1170 2512 οἵ
1207 2477 1262 2512 τε
1297 2462 1406 2516 τῶν
1452 2463 1822 2516 ἁποστολικῶν
1852 2466 1976 2518 ἀντι

381 2547 643 2618 σχόμενοι
681 2550 992 2616 δογμάτων,
1027 2551 1120 2604 καὶ
1151 2551 1200 2604 οἱ
1246 2551 1342 2622 τὴν
1385 2553 1593 2624 Ἀρείου
1629 2554 1974 2625 βλασφημίαν

381 2641 696 2704 νοσοῦντες.
735 2643 825 2695 Ἑν
885 2644 1183 2714 Ἀντιοχείᾳ
1228 2644 1283 2696 δὲ
1317 2643 1417 2713 τῆς
1472 2645 1704 2718 ἐσχάτης
1756 2648 1972 2702 συνόδου

381 2734 787 2806 γεγενημένης,
821 2734 909 2787 ὅτε
939 2735 1029 2787 τὸν
1062 2735 1156 2788 τοῦ
1195 2734 1328 2788 Θεοῦ
1359 2735 1644 2806 ἄνθρωπον
1666 2738 1758 2805 τὸν
1804 2739 1975 2809 μέγαν

383 2825 656 2879 Μελέτιον
693 2828 806 2888 τοῖς
851 2826 1232 2890 ἀποστολικοῖς
1272 2827 1502 2891 ἐκείνοις
1553 2829 1840 2901 ἐνίδρυσαν
1870 2830 1975 2884 θὼ-

384 2911 674 2978 κοις,”εἷτα
707 2916 824 2986 μετ’
855 2916 1044 2984 ὀλίγας
1069 2919 1234 2970 αὐτὸν
1267 2919 1480 2989 ἡμέρας
1514 2920 1602 2972 διὰ
1641 2923 1740 2992 τῆς
1771 2921 1980 2990 βασιλιι

384 3006 496 3076 κῆς
535 3005 788 3070 ἐξέϐαλον
839 3007 1192 3070 δυναστείας,
1238 3008 1548 3080 προεϐλήθη
1602 3009 1698 3080 μὲν
1743 3007 1980 3076 Εὑζώϊος

385 3097 649 3168 προφανῆ
677 3099 776 3166 τὴν
819 3098 1026 3168 Ἀρείου
1071 3100 1457 3170 περικείμενος
1502 3099 1702 3170 λύμην,
1735 3101 1978 3172 ἀπέστη-

2074 1915 2129 1970 in
2178 1929 2370 1984 magna
2411 1911 2618 1984 synodo
2660 1912 2874 1982 (Nicaea:
2903 1918 3282 1982 congregatam
3311 1907 3457 1979 dico)
3481 1949 3496 1973 ,
3532 1908 3651 1964 suf-

2073 2005 2270 2076 fragati
2299 2004 2524 2074 quidem
2557 2011 2687 2057 sunt
2713 2001 3038 2057 orthodoxis
3059 2001 3118 2066 ii,
3147 2001 3242 2072 qui
3270 1999 3387 2056 Arii
3413 1999 3651 2070 partium

2075 2107 2254 2160 erant,
2291 2102 2346 2148 et
2374 2093 2688 2164 apostolicae
2722 2091 2850 2144 fidei
2883 2089 3214 2160 expositioni
3245 2089 3505 2143 manibus
3537 2089 3655 2144 suis

2077 2201 2382 2242 assensere.
2413 2186 2788 2239 Perrexerunt
2835 2189 3016 2234 tamen
3056 2179 3274 2234 veritati
3324 2179 3532 2234 bellum
3569 2177 3656 2232 in-

2075 2279 2242 2344 ferre,
2265 2276 2446 2347 quoad
2477 2273 2737 2329 Ecclesia:
2763 2287 2964 2340 corpus
2991 2271 3425 2340 discerpserunt.
3457 2269 3528 2324 Et
3553 2268 3656 2323 tri-

2076 2372 2227 2442 ginta
2275 2367 2500 2438 quidem
2547 2381 2646 2434 per
2688 2380 2863 2419 annos
2897 2364 3043 2418 inter
3091 2377 3148 2417 se
3190 2361 3660 2416 communicantes

2077 2463 2461 2533 perstiterunt,
2495 2469 2610 2513 tum
2639 2459 2732 2527 qui
2765 2455 3084 2526 apostolicis
3111 2453 3460 2525 dogmatibus
3491 2453 3661 2508 inhae-

2077 2555 2295 2616 rebant,
2325 2561 2438 2606 tum
2463 2551 2557 2622 qui
2589 2550 2704 2604 Arii
2727 2547 3069 2617 blasphemia
3098 2545 3440 2600 laborabant.
3469 2545 3662 2598 Antio-

2077 2646 2214 2700 chize
2252 2660 2410 2710 vero,
2456 2650 2734 2713 postrema
2771 2637 2981 2710 synodo
3026 2645 3267 2708 peracta,
3303 2635 3526 2704 quando
3562 2633 3658 2688 Dei

2077 2737 2356 2792 hominem
2385 2749 2642 2804 magnum
2667 2731 2946 2786 Meletium
2980 2728 3037 2782 in
3068 2727 3370 2798 apostolica
3407 2725 3498 2781 illa
3530 2723 3661 2779 sede

2077 2831 2440 2894 collocarunt,
2466 2843 2528 2882 ac
2559 2825 2750 2896 paucis
2773 2831 2894 2894 post
2926 2820 3122 2877 diebus
3152 2817 3299 2888 regia
3332 2815 3663 2870 auctoritate

2079 2923 2233 2976 illum
2260 2921 2562 2990 ejecerunt,
2595 2923 2884 2987 promotus
2915 2912 3138 2984 quidem
3168 2917 3253 2965 est
3283 2907 3524 2962 Euzoius
3543 2906 3664 2961 Arii

2083 3013 2209 3068 tabe
2254 3011 2464 3081 liquido
2512 3007 2771 3072 infectus,
2823 3018 3098 3060 recessere
3134 3009 3319 3056 autem
3359 3014 3390 3054 e
3429 2996 3665 3067 vestigio

2085 3104 2178 3175 qui
2224 3102 2535 3168 evangelica
2573 3101 2825 3169 dogmata
2864 3093 3306 3167 propugnabant,
3352 3087 3666 3158 mansitque

389 3209 498 3246 cav
547 3191 604 3246 δὲ
649 3193 967 3264 παραυτίκα
1024 3194 1075 3246 οἱ
1137 3194 1246 3248 τῶν
1285 3195 1657 3263 εὖαγγελικῶν
1698 3196 1980 3266 δογμάτων

2083 3212 2152 3252 ex
2183 3195 2278 3248 illo
2314 3204 2558 3262 tempore
2589 3190 2807 3245 divisio.

389 3282 884 3354 ὕπερασπίζοντες,
919 3285 1012 3339 καὶ
1047 3285 1104 3352 ἐξ
1130 3285 1340 3338 ἐκείνου
1368 3285 1678 3357 μεμένηκεν
1704 3288 1737 3358 ἡ
1775 3286 1980 3358 διαίρε-

390 3392 502 3438 σις.

465 3468 564 3532 Εἰς
611 3469 793 3523 ἐκεῖνα
830 3469 1090 3540 ἀφορῶσα
1135 3468 1230 3522 καὶ
1269 3469 1339 3522 τὰ
1393 3471 1552 3538 ὃμοια
1600 3467 1889 3538 προορῶσα
1945 3470 1976 3538 ἠ

391 3558 561 3612 ἀθλία
585 3559 732 3631 ψυχή
772 3577 872 3630 μου
928 3559 1101 3613 στένει
1137 3560 1232 3613 καὶ
1271 3559 1542 3630 ὀδύρεται,
1569 3559 1718 3612 οὐδὲν
1749 3548 1982 3629 καραδο-

393 3650 570 3704 κοῦσα
617 3651 872 3722 χρηστόν.
911 3649 1044 3703 Οὐδὲ
1093 3648 1202 3720 γὰρ
1235 3649 1416 3702 ἴσασιν
1471 3650 1521 3701 οἱ
1570 3651 1634 3701 ἐκ
1667 3649 1775 3701 τῶν
1809 3647 1984 3700 ἄλλων

393 3744 718 3814 διοικήσεων
763 3743 854 3796 τὸν
905 3741 1220 3812 ἐγκείμενον
1270 3743 1382 3801 τοῖς
1416 3741 1624 3794 δώδεκα
1669 3740 1984 3808 κεφαλαίοις

399 3839 522 3892 ίόν⁶
565 3837 702 3890 ἀλλὰ
749 3839 814 3908 τῇ
877 3835 1210 3908 περιφανείᾳ
1265 3834 1360 3888 τοῦ
1409 3834 1586 3887 ταῦτα
1645 3834 1986 3904 γεγραφότος

397 3930 785 4000 προσέχοντες,
819 3929 971 3983 οὐδὲν
999 3926 1366 3982 ὑποπτεύουσι
1407 3925 1647 3996 φλαῦρον
1671 3941 1684 3956 ⁸
1717 3925 1812 3978 καὶ
1831 3921 1986 3995 οἶμαι

395 4021 475 4086 ὡς
499 4023 528 4074 ὁ
551 4022 642 4075 τὸν
669 4023 877 4075 ἐκείνου
901 4021 1284 4090 διαδεξάμενος
1311 4018 1498 4090 θρόνον
1529 4020 1708 4072 πάντα
1735 4035 1991 4088 πραγματ

394 4114 642 4178 τεύεται,
670 4115 812 4168 ὥστε
841 4115 1074 4185 δευτέρᾳ
1121 4111 1294 4165 ταῦτα
1343 4109 1610 4180 κρατῦναι
1661 4109 1884 4180 συνόδῳ.
1928 4109 1985 4160 ’0

399 4205 514 4276 γὰρ
540 4203 600 4268 ἐξ
647 4205 1024 4275 ἐπιτάγματος
1077 4202 1300 4256 τοιαῦτα
1355 4199 1466 4269 (71)
1505 4198 1694 4270 πρώην
1727 4197 1984 4268 γράψας,

321 4307 328 4312 ’
405 4299 499 4352 καὶ
523 4297 926 4367 ἀναθεματίσας
953 4297 1079 4359 τοὺς
1102 4294 1311 4356 τούτοις
1340 4292 1602 4362 ἐμμένειν
1637 4289 1712 4361 μὴ
1734 4289 1990 4359 βουλομέ-

402 4405 551 4449 νους,
591 4387 644 4440 τί
687 4389 786 4441 οὐκ
834 4387 900 4442 ἂν
949 4387 1206 4458 πράξειεν
1241 4385 1593 4454 οίκουμενικῇ
1649 4380 1988 4452 προκαθίσας

407 4478 646 4549 συνόδῳς
701 4479 810 4532 Καὶ
839 4473 898 4531 εὗ
947 4477 1074 4541 ἴσθι,
1109 4477 1370 4537 δέσποτα,
1409 4475 1483 4537 ὡς
1522 4473 1696 4536 οὐδεὶς
1745 4471 1856 4526 τῶν
1889 4471 1987 4541 τὴν

2152 3464 2280 3520 Haec
2319 3467 2542 3519 intuens
2569 3472 2626 3519 et
2661 3463 2860 3518 similia
2892 3461 3240 3532 prospiciens
3269 3458 3456 3514 infelix
3483 3457 3666 3513 anima

2084 3575 2227 3622 mea,
2279 3557 2550 3628 suspirat,
2598 3557 2896 3627 lugetque,
2949 3554 3088 3609 nihil
3130 3561 3456 3623 exspectans
3507 3550 3666 3606 boni.

2083 3649 2274 3720 Neque
2307 3647 2452 3702 enim
2489 3645 2716 3700 insitum
2757 3645 2812 3698 in
2855 3644 3147 3699 duodecim
3191 3641 3462 3712 capitibus
3494 3655 3667 3695 vene-

2086 3755 2217 3794 num
2261 3745 2468 3792 norunt
2497 3739 2515 3758 ⁹
2549 3735 2645 3806 qui
2688 3735 2918 3790 aliarum
2961 3740 3090 3790 sunt
3136 3731 3460 3788 diceeesium
3510 3747 3524 3783 :
3569 3730 3670 3785 sed

2085 3831 2204 3901 ejus
2219 3829 2312 3900 qui
2330 3830 2419 3884 illa
2441 3827 2661 3899 scripsit
2676 3827 2978 3882 claritatem
2993 3825 3360 3887 attendentes,
3379 3822 3515 3877 nihil
3537 3821 3670 3876 sini-

2089 3907 2668 3994 strum'suspicantur:
2691 3927 2748 3976 ct
2763 3921 2856 3992 qui
2879 3922 2999 3992 ejus
3017 3919 3135 3974 sedi
3158 3915 3443 3979 successit,
3463 3915 3670 3977 omnia,

2089 4015 2305 4086 opinor,
2341 4025 2544 4080 movet,
2578 4029 2640 4069 ut
2669 4015 2842 4069 altera
2878 4011 3088 4084 synodo
3117 4011 3207 4065 illa
3233 4007 3543 4063 confirmet.
3567 4005 3671 4073 Qui

2089 4106 2235 4159 enim
2271 4121 2381 4174 pm.
2397 4105 2629 4174 imperio
2652 4119 2830 4172 nuper
2853 4102 2981 4156 talia
3013 4099 3252 4168 scripsit,
3288 4107 3345 4152 et
3366 4097 3432 4151 iis
3455 4097 3551 4168 qui
3577 4111 3671 4151 ac-

2090 4197 2376 4266 quiescere
2397 4193 3014 4250 hisnollent‘anathcma
3035 4191 3194 4254 dixit,
3215 4188 3348 4258 quid
3372 4185 3672 4258 praesidens

2091 4284 2329 4338 concilio
2386 4299 2500 4338 non
2551 4283 2712 4353 aget?
2761 4282 2833 4336 At
2883 4280 3046 4342 scito,
3105 4278 3347 4343 domine,
3390 4275 3670 4330 neminem

2089 4391 2280 4430 eorum
2317 4375 2408 4444 qui
2447 4374 2664 4428 insitam
2699 4373 2756 4426 in
2791 4371 2878 4426 his
2916 4369 3151 4424 haeresin
3185 4374 3412 4432 norunt,
3458 4362 3674 4434 1185

2093 4468 2392 4522 adductum
2422 4465 2491 4520 iri
2521 4475 2581 4518 ut
2611 4481 2673 4519 ea
2711 4463 2961 4533 recipiat,
3003 4460 3254 4532 quamvis
3281 4459 3450 4528 duplo
3479 4457 3674 4527 plures

405 4569 736 4640 ἐγκειμένην
766 4571 949 4632 αὐτοῖς
987 4569 1200 4640 αἵρεσιν
1220 4566 1538 4634 ἐγνωκότων
1577 4565 1821 4631 ἀνέξεται
1850 4561 1980 4617 αὐτά

2094 4558 2413 4612 decernant.
2443 4557 2559 4612 Jam
2589 4554 2834 4624 quidem,
2872 4551 3087 4607 etiamsi
3117 4551 3306 4621 plures
3334 4556 3544 4602 temere
3573 4545 3676 4598 ista

404 4661 684 4728 δέξασθαι,
717 4663 822 4717 κᾶν
843 4665 923 4727 εἰς
955 4663 1200 4716 τοσοῦτοι
1223 4661 1588 4732 ψηφίσωνται.
1613 4659 1726 4712 Καὶ
1754 4659 1861 4729 γὰρ
1889 4657 1990 4728 ἤδη

405 4757 504 4810 καὶ
533 4755 791 4809 πλειόνων
834 4755 910 4818 ὡς
961 4754 1118 4824 ἔτυχε
1165 4751 1340 4807 ταῦτα
1385 4752 1826 4823 βεϐαιωσάντων,
1864 4751 1994 4804 ἀντ-ο

405 4846 648 4917 έστημεν
671 4845 728 4898 ὲν
769 4846 1000 4916 Ἐφέσῳ,
1034 4845 1126 4899 καὶ
1157 4846 1218 4898 οὐ
1260 4845 1524 4916 πρότερον
1551 4843 1993 4913 έκοινωνήσαμεν

405 4934 488 5006 τῷ
517 4934 690 4988 ταῦτα
715 4935 1040 5005 γεγραφότι,
1085 4934 1191 4997 ἕως
1213 4937 1325 4996 τοῖς
1357 4933 1488 5004 παρ’
1533 4931 1692 5003 ἡμῶν
1727 4931 1994 4986 ἐκτεθεῖσι

409 5026 760 5098 συνθέμενος,
791 5027 1081 5096 σύμφωνον
1105 5025 1286 5087 αὐτοῖς
1309 5024 1658 5076 διδασκαλίαν
1686 5023 1998 5092 προσήρμο-

409 5135 526 5183 σεν,
577 5119 836 5189 οὐδεμίαν
868 5119 978 5170 τῶν
1013 5115 1324 5186 κεφαλαίων
1359 5113 1587 5167 ἐκείνων
1629 5113 1995 5182 ποιησάμενος

412 5212 658 5284 μνήμην.
690 5210 801 5265 Καὶ
828 5209 982 5264 τοῦτο
1019 5209 1197 5280 ῥᾴδιον
1224 5205 1427 5275 γνῶναι
1448 5206 1548 5274 τὴν
1587 5202 1686 5274 σὴν
1713 5203 1992 5272 ὁσιότητα,

410 5301 752 5356 κελεύσασαν
775 5299 1075 5372 ζητηθῆναι
1115 5298 1182 5351 τὰ
1221 5295 1606 5366 πεπραγμένα.
1653 5292 1994 5344 ’Δπόκεινται

388 5373 522 5463 νγὰρ
545 5391 784 5453 πάντως,
819 5388 961 5443 κατὰ
981 5388 1043 5442 τὸ
1065 5385 1553 5458 παρακολουθῆσαν
1576 5383 1716 5445 ἔθος,
1747 5383 1846 5452 τῆς
1869 5397 1994 5434 συν-

409 5482 532 5536 όδου
555 5481 650 5545 τὰς
677 5480 1004 5552 ὑπογραφάς
1032 5477 1246 5549 ἔχοντα.
1277 5477 1434 5529 Ἐστι
1465 5475 1522 5528 δὲ
1561 5474 1780 5527 πλείονα
1803 5473 1835 5544 ἢ
1865 5489 1994 5525 πεν-

410 5575 652 5644 τήκοντα
675 5571 950 5637 συνοδικά,
974 5571 1072 5643 τὴν
1105 5568 1438 5638 κατηγορίαν
1458 5566 1564 5619 τῶν
1595 5563 1802 5617 δώδεκα
1827 5581 1997 5634 κεφα-

507 5799 568 5854 7i

627 5797 718 5854 Sic
747 5797 914 5866 Neap.
951 5795 1112 5850 Sirm.
1144 5791 1337 5850 ταῦτα.

2091 4649 2420 4713 sanxissent,
2447 4647 2749 4702 restitimus
2773 4645 2917 4715 apud
2941 4645 3218 4714 Ephesum
3247 4659 3258 4694 :
3286 4655 3388 4694 nec
3414 4637 3569 4708 prius
3595 4635 3676 4690 illi
3725 4705 3729 4708 _

2091 4739 2186 4808 qui
2215 4739 2334 4793 haec
2361 4738 2657 4806 scripserat
2679 4733 3232 4796 communicat-imus,
3267 4744 3432 4801 quam
3459 4728 3527 4783 iis
3554 4743 3676 4796 quae

2093 4843 2524 4900 exposueramus
2567 4826 2875 4881 asscntiens
2907 4838 3205 4879 consonam
3243 4821 3332 4875 his
3366 4816 3676 4873 doctrinam

2095 4919 2552 4983 accommodavit,
2610 4904 2818 4973 nullam
2877 4915 3122 4985 capitum
3185 4912 3408 4966 illorum
3470 4907 3678 4962 faciens

2096 5013 2453 5069 mentionem.
2516 5010 2674 5078 Quod
2737 5009 2960 5080 quidem
3009 5003 3285 5061 sanctitati
3351 5011 3460 5056 tua:
3519 4997 3678 5054 facile

2094 5104 2261 5160 fuerit
2279 5104 2609 5172 perspicere,
2628 5101 2672 5155 si
2699 5107 2820 5155 acta
2855 5096 3106 5167 conquiri
3129 5095 3322 5166 jubeat
3349 5110 3363 5146 :
3395 5103 3682 5146 asservan-

2096 5204 2190 5250 tur
2217 5195 2364 5248 enim
2395 5209 2626 5264 prorsus
2653 5207 2721 5246 ex
2749 5205 2904 5246 more
2937 5204 3062 5244 cum
3094 5186 3288 5260 synodi
3319 5179 3682 5249 subscriptio-

2094 5285 2278 5339 nibus.
2320 5285 2549 5339 Exstant
2598 5289 2783 5337 autem
2821 5280 3084 5352 synodica
3129 5279 3252 5349 plus
3294 5288 3458 5344 quam
3512 5268 3678 5340 quin—

2095 5375 2388 5446 quaginta,
2449 5389 2570 5443 qua
2617 5372 2910 5446 duodecim
2971 5370 3211 5438 capitum
3272 5358 3680 5418 accusationem

2097 5469 2496 5524 demonstrant.
2526 5466 2663 5521 Nam
2695 5473 2751 5519 et
2783 5440 3102 5534 priusquam
3137 5457 3414 5524 Ephesum
3449 5451 3675 5508 iremus,

2097 5561 2292 5616 beatus
2322 5560 2562 5616 Joannes
2591 5557 2658 5612 ad
2689 5558 2800 5612 Deo
2831 5551 3186 5609 charissimos
3218 5545 3512 5615 episcopos
3542 5536 3681 5596 scri—

483 5724 598 5864 ’70}
630 5726 896 5814 liamnius
922 5725 1070 5810 adn.
1101 5721 1162 5779 C.
1195 5722 1320 5801 45.9,
1352 5731 1483 5776 tom.
1511 5718 1600 5784 Vl,
1635 5733 1758 5791 pag.
1789 5717 1877 5784 78,
1900 5715 1988 5784 79,
2030 5715 2279 5774 eamdem
2307 5715 2594 5786 epistolam
2620 5711 2809 5768 Latine
2837 5719 3050 5765 versam
3079 5699 3326 5774 protulit.

507 5799 568 5854 7i
627 5797 718 5854 Sic
747 5797 914 5864 Neap.
951 5795 1112 5850 btrm.
1144 5808 1337 5850 ταυτα.
