4056 6468
366 441 498 505 13H

1350 446 1840 507 THEODORETI
1880 444 2220 506 EPISCOPI
2260 440 2622 503 CYRENSIS

3473 434 3612 498 1312

360 554 493 623 psit,
528 551 857 608 Eutherium
895 553 1227 625 Tyanorum,
1271 555 1514 610 Firmum
1555 557 1839 621 Caesareae,
1881 565 1934 610 et

2037 554 2203 608 λαίων
2239 552 2540 606 δεικνύντα.
2570 548 2683 620 ῐιρδ
2717 546 2813 618 μὲν
2836 544 2944 617 γάρ
2969 545 3067 615 τῆς
3100 545 3179 609 εἰς
3211 546 3446 615 Ἔφεσον
3472 547 3610 600 ἀπο-

362 641 706 696 'l'hcodotum
748 641 994 713 Ancyrae,
1037 643 1372 712 Apollinaris
1412 644 1714 701 doctrinam
1757 646 1935 715 capita

361 731 481 787 hac
521 731 820 802 appellans.
887 732 956 786 Et
1011 732 1163 802 apud
1209 733 1512 803 Ephesum,
1573 734 1934 790 Alexandrini

277 834 284 839 ·
362 822 731 891 Ephesinique
751 820 1135 889 depositionis,
1162 838 1325 891 quam
1351 823 1604 888 fecimus,
1637 839 1801 878 causa
1835 823 1937 877 fuit

362 912 603 980 capitum
627 911 858 965 istorum
882 912 1156 982 expositio
1179 922 1234 966 et
1265 914 1630 970 conﬁrmatio.
1666 914 1935 985 Synodica

360 1018 526 1072 porro
558 1003 758 1072 Ephesi
785 1004 956 1058 multa
987 1012 1101 1058 tum
1130 1006 1194 1059 ad
1228 1006 1491 1061 victorem
1526 1008 1933 1077 imperatorem,

361 1099 476 1144 tum
543 1092 611 1146 ad
669 1108 914 1148 summos
970 1095 1322 1165 magistratus
1369 1097 1436 1152 de
1490 1098 1684 1151 iisdem
1735 1097 1936 1166 scripta

356 1189 504 1243 sunt,
551 1181 793 1252 itemque
831 1182 899 1237 ad
945 1184 1209 1253 populum
1245 1184 1934 1257 Conslantinopolitanum,

357 1278 415 1322 et
436 1269 502 1323 ad
532 1272 1057 1328 reverendissimum
1081 1276 1311 1329 clerum.
1335 1275 1645 1341 Quinetiam
1670 1275 1939 1331 Constan-

359 1362 629 1430 tinopolin
669 1364 916 1429 evocati,
968 1366 1311 1435 cognitiones
1359 1375 1630 1436 praesente
1676 1367 1796 1436 ipso
1830 1367 1936 1421 im-

357 1460 611 1520 peratore
640 1454 836 1522 quinas
864 1455 1177 1520 habuimus,
1199 1466 1254 1510 et
1281 1467 1393 1512 tres
1424 1459 1663 1527 posthaec
1692 1459 1758 1511 ad
1785 1473 1939 1512 eum—

365 1540 490 1593 dem
533 1543 957 1610 protestationes
992 1543 1265 1598 misimus.
1301 1545 1376 1600 De
1414 1546 1500 1600 his
1531 1547 1696 1600 etiam
1732 1546 1800 1599 ad
1839 1547 1936 1601 Dei

366 1632 772 1687 amantissimos
837 1636 1127 1704 episcOpos
1204 1634 1551 1703 Occidentis,
1624 1635 1935 1704 Mediolani,

363 1722 645 1792 Aquileiae,
696 1734 752 1779 et
799 1725 1075 1781 Ravenna!
1113 1727 1453 1798 scripsimus,
1499 1731 1938 1801 Apollinarisque

365 1815 625 1869 novitatis
674 1816 835 1885 plena
885 1833 1005 1872 esse
1046 1819 1354 1874 docuimus.
1395 1820 1501 1875 Sed
1555 1832 1611 1877 et
1650 1822 1716 1876 ad
1759 1824 1935 1892 ipsum

2036 646 2267 717 δημίας,
2298 645 2326 697 6
2357 643 2626 714 μακάριος
2644 639 2921 710 γέγραφεν
2956 635 3204 708 Ἰωάννης
3228 639 3339 701 τοῖς
3370 636 3498 708 περὶ
3520 638 3614 690 τὸν

2037 734 2447 805 θεοφιλέστατον
2475 732 2776 786 ἐπίσκοπον
2806 729 3069 800 Εὺθήριον
3100 727 3205 781 τῶν
3244 729 3493 792 Τυάνων,
3518 732 3615 784 καὶ

2035 828 2233 898 Φίλμον
2257 825 2346 877 τὸν
2380 821 2738 892 Καισαρείας,
2768 819 2860 873 κα)⁴
2889 818 3145 872 Θεόδοτον
3177 816 3269 870 τὸν
3313 817 3615 890 Ἀγκύρας,

2051 915 2425 984 Ἀπολιναρίου
2461 910 2812 965 διδασκαλίαν
2843 909 2912 963 τά
2942 908 3215 979 κεφάλαια
3241 907 3418 962 ταῦτα
3453 909 3616 962 καλέ-

2038 1026 2156 1072 σας.
2204 1008 2316 1061 Kal
2365 1007 2423 1059 ἐν
2467 1004 2680 1075 Ἐφέσῳ
2727 1002 2783 1057 δὲ
2836 1003 3030 1074 ἧπαρ*
3074 1001 3231 1072 ήμῶν
3269 1002 3615 1073 γεγενημένη

2038 1098 2353 1169 καθαίρεσις
2404 1095 2498 1149 τοῦ
2555 1113 2616 1148 τε
2666 1095 2768 1164 τῆς
2815 1092 3210 1164 Ἀλεξανδρέων
3256 1094 3349 1146 xal
3390 1092 3485 1145 τοῦ
3514 1092 3618 1161 τῆς

2049 1190 2332 1259 Ἐφεσίων,
2392 1188 2572 1242 αίτίαν
2616 1187 2730 1258 ἔχει
2786 1186 2883 1256 τὴν
2910 1185 3019 1239 τῶν
3057 1185 3369 1252 κεφαλαίων
3411 1184 3619 1239 τούτων

2039 1282 2253 1336 ἔκθεσιν
2290 1282 2386 1335 καὶ
2427 1278 2734 1351 βεϐαίωσιν.
2784 1278 2908 1331 Kal
2958 1275 3210 1330 συνοδικά
3244 1275 3305 1329 δέ
3353 1275 3524 1329 πολλὰ
3557 1277 3615 1330 ἐν

2049 1373 2260 1443 Ἐφέσῳ
2294 1371 2430 1442 πρός
2452 1387 2513 1423 τε
2539 1369 2632 1423 τὸν
2667 1367 2977 1421 καλλίνικον
3017 1365 3248 1436 βασιλέα
3269 1404 3287 1430 ,
3335 1364 3430 1419 καὶ
3479 1366 3619 1437 πρὸς

2035 1467 2159 1528 τοὺς
2187 1463 2458 1535 μεγάλους
2485 1462 2752 1533 ἄρχοντας
2776 1459 2905 1530 περὶ
2935 1457 3141 1512 τούτων
3172 1456 3387 1529 ἐγράφη
3406 1475 3420 1489 ’
3447 1457 3618 1510 ὡσαύ-

2036 1536 2144 1618 τως
2171 1555 2227 1608 δὲ
2257 1555 2350 1608 καὶ
2382 1554 2517 1624 πρὸς
2542 1553 2634 1606 τὸν
2663 1552 2721 1604 ὲν
2743 1549 3315 1605 Κωνσταντινουπόλει
3344 1548 3492 1615 λαὸν,
3520 1548 3621 1602 καὶ

2040 1648 2174 1718 πρὸς
2212 1647 2303 1701 τὸν
2336 1645 2727 1698 εὐλαϐέστατον
2758 1644 2976 1714 κλῆρον.
3019 1641 3130 1695 Kal
3180 1642 3277 1712 μὲν
3303 1641 3367 1711 δὴ
3411 1642 3503 1695 καὶ
3535 1642 3617 1703 εἰς

2038 1739 2135 1811 τὴν
2175 1737 2742 1792 Κωνσταντινούπολιν
2765 1734 3079 1804 κληθέντες,
3100 1732 3260 1786 πέντε
3294 1730 3616 1800 διαγνώσεις

2040 1831 2127 1883 ἐπ’
2158 1829 2323 1883 αὐτοῦ
2353 1827 2444 1882 τοῦ
2485 1818 2749 1897 βασιλέως
2780 1812 3116 1896 ἐσχήκαμεν,
3146 1822 3237 1877 καὶ
3273 1824 3421 1893 τρεῖς
3460 1819 3619 1874 ὕστε-

371 1904 586 1976 1186
614 1907 810 1960 horum
840 1917 1122 1963 auctorem
1161 1926 1260 1981 per
1290 1911 1511 1967 beatum
1543 1914 1769 1969 Paulum
1802 1917 1934 1970 scri-

2047 1937 2137 1992 ρον
2159 1919 2307 1988 αὑτῷ
2333 1916 2731 1988 διαμαρτυρίας
2766 1913 3116 1985 ἐπέμψαμεν.
3147 1913 3259 1966 Kal
3293 1915 3407 1975 τοῖς
3434 1910 3619 1978 θεοφι-

367 1996 502 2049 ltens
538 1995 732 2051 beatus
764 1998 1023 2064 Joannes,
1054 2010 1241 2069 aperte
1274 2003 1362 2057 illa
1392 2003 1688 2074 redarguit,
1713 2004 1938 2060 eodem-

365 2100 473 2154 que
517 2087 679 2141 modo
716 2097 772 2143 et
819 2088 994 2144 beatae
1029 2093 1309 2147 memoria:
1349 2095 1580 2149 Aeacius
1619 2113 1632 2148 :
1668 2105 1833 2165 atque
1878 2105 1939 2151 ut

360 2180 686 2249 compendio
710 2198 823 2235 rem
846 2182 1029 2236 videat
1052 2184 1315 2239 sanctitas
1339 2194 1459 2249 tua,
1477 2188 1784 2257 exemplum
1815 2188 1937 2242 misi

362 2280 477 2325 tum
506 2272 750 2341 epistola:
786 2274 931 2328 beati
966 2275 1173 2339 Aeacii,
1212 2286 1325 2331 tum
1363 2279 1511 2332 illius
1545 2295 1708 2349 quam
1743 2281 1938 2335 beatus

360 2360 599 2416 Joannes
631 2362 699 2417 ad
733 2364 955 2418 beatum
985 2363 1245 2436 Cyrillum
1278 2368 1516 2437 scripsit,
1549 2380 1610 2424 ut
1641 2384 1938 2440 cognoscas

361 2451 505 2514 illos,
538 2460 653 2507 tum
705 2457 871 2509 etiam
920 2472 1045 2511 cum
1093 2457 1163 2511 de
1208 2459 1585 2528 pacificatione
1634 2464 1650 2480 ‘
1694 2460 1761 2515 ad
1809 2477 1936 2515 eum

360 2543 684 2610 scriberent,
717 2547 895 2616 capita
930 2549 1031 2602 ista
1064 2548 1431 2604 insimulasse.
1466 2550 1584 2621 Ipse
1610 2550 1779 2605 etiam
1802 2552 1935 2606 bea-

359 2644 449 2690 tus
495 2635 749 2709 Cyrillus,
808 2655 932 2693 cum
976 2639 1044 2693 ad
1084 2639 1305 2694 beatum
1346 2641 1603 2695 Acacium
1645 2642 1931 2707 scriberet,

356 2728 722 2797 capitulorum
792 2731 1022 2785 istorum
1066 2747 1291 2802 scopum
1359 2733 1642 2797 indicavit,
1697 2733 1930 2789 dicens:

365 2839 383 2871 ι
407 2818 531 2874 Haec
559 2821 821 2875 adversus
860 2822 1023 2892 hujus
1048 2824 1321 2878 novitates
1348 2825 1688 2893 scripsimus,
1713 2833 1769 2880 et
1802 2842 1934 2896 pace

353 2907 493 2963 facta
524 2908 976 2964 deelarabuntnr.
1005 2931 1024 2962 ›
1066 2912 1185 2981 Ipsa
1209 2928 1341 2982 ergo
1364 2912 1612 2968 defensio
1633 2917 1936 2971 accusatio-

350 3014 476 3053 nem
504 3000 812 3054 confirmat.
857 3002 979 3056 Misi
1015 3013 1198 3058 autem
1243 3004 1462 3059 illorum
1499 3023 1619 3077 qua:
1647 3008 1716 3063 ab
1739 3009 1933 3064 eodem

351 3089 753 3157 pacificationis
800 3098 1043 3162 tempore
1084 3095 1288 3165 scripta
1337 3107 1464 3152 sunt
1501 3100 1832 3169 exemplum,
1875 3108 1935 3155 ut

350 3195 669 3250 cognoscas,
702 3181 944 3247 domine,
970 3184 1178 3238 nullam
1231 3186 1430 3240 horum
1469 3190 1806 3244 mentionem
1850 3190 1933 3246 fe-
1963 3234 2001 3251 ,.

350 3271 493 3327 cisse
524 3291 538 3325 :
567 3281 623 3327 et
647 3273 797 3343 quod
820 3283 1070 3344 oporteat
1097 3277 1219 3332 illos
1248 3278 1343 3347 qui
1376 3279 1444 3333 ad
1472 3282 1738 3351 synodum
1770 3283 1933 3353 profi-

349 3359 635 3417 ciscuntur
655 3379 719 3418 ea
742 3379 866 3433 qua:
886 3364 1284 3434 pacificationis
1311 3376 1555 3437 tempore
1582 3371 1782 3441 scripta
1804 3380 1932 3425 sunt

351 3452 620 3521 proferre,
655 3461 710 3508 et
738 3464 927 3524 aperte
943 3455 1142 3510 'diccre
1169 3472 1419 3525 quaenam
1452 3458 1745 3513 discidium
1782 3459 1929 3515 fece—

355 3539 465 3595 rint
488 3550 545 3596 et
575 3557 686 3612 quo
714 3551 875 3613 pacto
905 3543 1120 3598 divulsa
1151 3544 1475 3599 coaluerint.
1512 3545 1620 3600 Eos
1650 3547 1796 3600 enim
1835 3545 1929 3615 qui

351 3632 420 3687 ad
473 3634 729 3689 tuendam
774 3636 1039 3705 pietatem
1086 3644 1375 3701 vocantur,
1420 3637 1666 3691 laborem
1710 3651 1931 3691 omnem

350 3725 629 3794 suscipere
675 3734 917 3795 oportet,
950 3725 1309 3795 divinumque
1348 3728 1611 3781 auxilium
1650 3728 1927 3793 invocare,

353 3825 415 3871 ut
439 3816 683 3871 relictam
710 3817 870 3871 nobis
889 3832 920 3871 a
945 3818 1243 3889 majoribus
1265 3819 1639 3874 haereditatem
1667 3819 1927 3873 intactam

349 3922 762 3963 conservemus.
800 3908 972 3963 Simul
997 3910 1164 3964 etiam
1191 3926 1258 3965 ex
1274 3911 1371 3966 Dei
1398 3910 1792 3965 amantissimis
1816 3910 1931 3980 epi-

352 3999 535 4068 scopis
570 4013 667 4054 eos
706 3999 1056 4056 considerare
1107 4009 1327 4072 oportet
1362 4002 1710 4056 sanctitatem
1755 4009 1926 4065 tuam,

348 4089 447 4159 qui
467 4089 712 4159 ejusdem
739 4099 867 4145 sunt
890 4094 1195 4157 sententiae,
1223 4109 1429 4163 eosque
1454 4092 1814 4162 profectionis
1834 4108 1928 4148 co-

349 4180 511 4235 mites
551 4182 817 4238 adhibere
850 4200 863 4237 :
901 4191 1068 4253 atque
1099 4201 1168 4240 ex
1203 4185 1678 4241 reverendissimis
1711 4186 1929 4241 clericis

346 4284 445 4324 eos
477 4270 570 4340 qui
610 4272 829 4327 tuenda:
853 4273 1072 4343 pietatis
1114 4274 1233 4329 zelo
1271 4275 1486 4344 praediti
1508 4286 1657 4343 sunt,
1694 4286 1755 4332 ut
1790 4293 1861 4332 ne
1898 4291 1930 4330 a

349 4359 667 4417 domesticis
688 4363 821 4433 ipsis
843 4365 1069 4435 proditi,
1096 4366 1181 4420 vel
1207 4366 1385 4421 facere
1410 4367 1615 4437 aliquid
1642 4384 1926 4440 cogamur,

347 4451 493 4521 quod
527 4453 640 4508 Deo
678 4454 1062 4512 universorum
1113 4458 1419 4528 diSplieeat,
1472 4461 1555 4515 vel
1591 4461 1693 4515 soli
1751 4460 1927 4515 relicti

2038 2010 2316 2070 λεστάτοις
2337 2008 2392 2061 δὲ
2417 2008 2516 2077 τῆς
2538 2005 2754 2068 Δύσεως
2776 2004 3118 2067 ἐπισκόποις,
3166 2002 3247 2072 τῷ
3285 2001 3621 2056 Μεδιολάνου

2041 2100 2203 2169 φημὶ,
2251 2099 2344 2152 καὶ
2381 2096 2458 2168 τῷ
2498 2095 2802 2159 ’Δκυλιείας
2826 2133 2842 2158 ,
2886 2091 3084 2164 καὶτῷ
3127 2092 3453 2162 Ῥαϐέννης,
3490 2089 3619 2161 περὶ

2038 2190 2242 2244 τούτων
2275 2189 2616 2262 ἐγράψαμεν,
2647 2184 3145 2256 διαμαρτυρόμενοι
3173 2183 3248 2247 ὡς
3272 2182 3372 2251 τῆς
3406 2179 3620 2234 ’Δπολι-

2040 2279 2226 2349 ναρίου
2257 2277 2429 2330 ταῦτα
2458 2273 2804 2344 καινοτομίας
2845 2270 3202 2340 πεπλήρωται
3220 2285 3233 2298 ·
3262 2269 3355 2321 καὶ⁸
3379 2264 3527 2336 αὐτῷ
3559 2264 3621 2318 δὲ

2037 2368 2115 2438 τῷ
2144 2367 2319 2421 ταῦτα
2340 2364 2615 2436 γράψαντι
2642 2366 2669 2417 6
2701 2362 2969 2433 μακάριος
2998 2358 3328 2414 ἐπιστέλλων
3363 2356 3621 2425 Ἰωάννης

2037 2460 2124 2514 διὰ
2149 2460 2242 2514 τοῦ
2278 2459 2547 2530 μακαρίου
2570 2454 2805 2517 Παύλου,
2840 2452 3133 2523 προφανῶς
3158 2451 3341 2513 αὐτοῖς
3367 2446 3623 2516 ἐπεμέμ-

2036 2554 2177 2624 ψατο
2203 2569 2215 2581 ·
2241 2550 2503 2612 ὡσαύτως
2532 2548 2588 2600 δὲ
2613 2548 2708 2613 καὶ
2727 2547 2756 2598 6
2781 2545 2879 2616 τῆς
2908 2536 3185 2615 μακαρίας
3217 2541 3437 2612 μνήμης
3460 2537 3621 2592 Ἀκά-

2038 2659 2174 2705 κιος.
2204 2642 2315 2695 Καὶ
2353 2641 2438 2692 ἴνα
2478 2638 2757 2707 συντόμως
2809 2632 2956 2705 μάθῃ
3000 2648 3094 2685 σου
3143 2632 3176 2700 ἡ
3219 2628 3466 2698 ἁγιότης,
3513 2627 3620 2679 ἁπ-

2038 2733 2255 2787 έστειλα
2280 2732 2378 2798 τῆς
2410 2748 2468 2784 τε
2490 2729 2582 2783 τοῦ
2608 2725 2875 2799 μακαρίου
2902 2723 3157 2777 Ἀκακίου
3188 2719 3499 2789 ἐπιστολῆς,
3523 2718 3620 2771 καὶ

2034 2827 2134 2896 τῆς
2166 2824 2260 2878 τοῦ
2298 2823 2569 2893 μακαρίου
2609 2819 2858 2874 Ἰωάννου
2884 2817 3020 2888 πρὸς
3043 2816 3134 2869 τὸν
3169 2812 3480 2885 μακαρίτην
3505 2810 3620 2863 Κύ-

2041 2916 2217 2988 ριλλον
2261 2915 2568 2986 γραφείσης
2614 2911 2675 2964 τὸ
2729 2911 2844 2964 ἴσον
2871 2926 2885 2939 ·
2918 2910 3006 2961 ἵνα
3043 2907 3188 2976 γνῷς
3233 2907 3309 2968 ὼς
3342 2902 3439 2958 καὶ
3489 2900 3618 2973 περὶ

2038 3007 2363 3079 συμϐάσεως
2409 3003 2559 3075 αύτῷ
2615 3003 2942 3073 γράφοντες,
2996 3000 3095 3070 τὴν
3143 2997 3252 3051 τῶν
3306 2993 3619 3063 κεφαλαίων

2034 3101 2241 3154 τούτων
2277 3096 2612 3167 κατηγορίαν
2637 3096 2984 3164 ἐποιήσαντο.
3024 3087 3139 3146 Kal
3167 3088 3329 3151 αὐτὸς
3358 3087 3416 3140 δὲ
3445 3088 3473 3139 6
3506 3101 3620 3155 μα-

2036 3191 2266 3262 καρίτης
2296 3188 2564 3258 Κύριλλος
2588 3225 2603 3249 ,
2642 3185 2871 3256 γράφων
2920 3181 2998 3253 τῷ
3044 3179 3302 3251 μακαρίῳ
3351 3176 3616 3245 ’Δκακίῳ,

2035 3283 2127 3335 τὸν
2159 3280 2268 3334 τῶν
2295 3278 2608 3348 κεφαλαίων
2651 3277 2854 3330 τούτων
2882 3273 3236 3344 παρεδήλωσε
3289 3268 3513 3333 σκοπὸν,
3542 3268 3625 3319 εί-

2038 3370 2242 3443 ρηκὼς,
2283 3371 2363 3422 ὅτι
2403 3388 2421 3421 ι
2472 3369 2685 3421 Ἐκεῖνα
2732 3365 2869 3435 πρὸς
2905 3363 3004 3426 τὰς
3053 3362 3210 3415 τοῦδε
3263 3357 3628 3422 καινοτομίας

2035 3461 2389 3534 ἐγράψαμεν,
2458 3458 2554 3513 καὶ
2608 3458 2689 3511 ὅτι
2739 3456 2838 3526 τῆς
2894 3455 3117 3525 εἰρήνης
3178 3450 3477 3522 γενομένης
3523 3450 3621 3501 ὲκ-

2034 3553 2476 3624 λευκανθήσεται.
2510 3569 2527 3601 ι
2561 3548 2669 3603 Kal
2688 3547 2824 3617 αὓτη
2856 3544 3034 3599 τοίνυν
3059 3546 3092 3615 ή
3119 3541 3385 3610 ἀπολογία
3410 3538 3621 3611 βεϐαιοῖ

2034 3640 2132 3711 τὴν
2166 3637 2523 3709 κατηγορίαν.
2568 3634 2892 3688 Ἀπέστειλα
2921 3633 2978 3687 δὲ
3016 3631 3237 3686 καὶτῶν
3280 3631 3407 3702 παρ’
3453 3628 3624 3685 αὐτοῦ

2034 3728 2352 3802 γραφέντων
2383 3731 2439 3779 ὲν
2469 3724 2546 3795 τῷ
2570 3725 2668 3796 τῆς
2696 3724 3023 3793 συμϐάσεως
3062 3720 3247 3792 καιρῷ
3267 3722 3329 3775 τὸ
3359 3719 3621 3792 ἀντίγρα-

2035 3836 2154 3890 φον,
2189 3819 2277 3872 ἵνα
2295 3816 2458 3887 γνῷς,
2486 3816 2744 3878 δέσποτα,
2768 3815 2842 3879 ὼς
2878 3814 3130 3884 οὐδεμίαν
3177 3811 3383 3867 τούτων
3432 3813 3620 3884 ἐποιή-

2036 3930 2165 3967 σατο
2212 3913 2468 3982 μνήμην·
2512 3912 2608 3964 καὶ
2651 3908 2727 3970 ὡς
2767 3909 2874 3981 χρὴ
2919 3908 3045 3971 τοὺς
3093 3908 3354 3971 ἀπιόντας
3408 3908 3488 3970 είς
3518 3906 3618 3977 τὴν

2036 4004 2248 4058 σύνοδον
2279 4002 2349 4056 τὰ
2375 4004 2450 4055 ’ἐν
2492 4001 2569 4072 τῷ
2603 4000 2780 4071 καιρῷ
2822 4001 2922 4070 τῆς
2963 3998 3289 4069 συμϐάσεως
3336 3997 3620 4067 γραφέντα

2034 4099 2443 4168 προσενεγκεῖν,
2478 4095 2572 4147 καὶ
2604 4092 2790 4161 σαφῶς
2828 4092 3005 4145 εἰπεῖν
3037 4090 3158 4143 τίνα
3190 4090 3289 4160 μὲν
3325 4088 3620 4159 εἰργάσατο

2031 4187 2130 4260 τὴν
2173 4187 2474 4248 διάστασιν,
2510 4183 2604 4237 ἐπὶ⁴
2632 4183 2775 4236 τίσιν
2808 4182 2865 4235 δὲ
2903 4181 2974 4235 τὰ
3022 4178 3289 4234 διεστῶτα
3345 4177 3616 4250 συνήφθη.

2032 4280 2171 4341 Τοὺς
2207 4278 2316 4348 γὰρ
2367 4278 2446 4338 είς
2484 4274 2575 4328 τὸν
2609 4274 2750 4344 ὑπὲρ
2792 4272 2891 4342 τῆς
2921 4270 3203 4335 εὐσεϐείας
3252 4270 3620 4339 καλουμένους

2031 4369 2239 4437 ἀγῶνα,
2278 4365 2455 4419 πάντα
2478 4364 2638 4418 πόνον
2681 4361 3041 4427 ἀναδέξασθαι
3061 4363 3190 4433 χρὴ,
3220 4362 3315 4415 καὶ
3344 4362 3443 4427 τὴν
3468 4359 3619 4414 θείαν

2032 4455 2459 4513 ἐπικαλέσασθαι
2489 4453 2826 4525 συμμαχίαν,
2856 4454 2944 4506 ἵνα
2979 4454 3071 4506 τὸν
3100 4453 3251 4524 παρὰ
3272 4452 3379 4506 τῶν
3420 4452 3621 4520 προγό-

345 4543 417 4598 ab
446 4543 698 4601 hostibus
723 4549 839 4618 capi
876 4548 1036 4604 facile
1058 4551 1351 4619 possimus.
1386 4552 1598 4622 1187
1626 4551 1788 4606 Fides
1821 4560 1925 4615 est,

2037 4568 2139 4605 νων
2170 4551 2300 4620 ἡμῖν
2324 4546 2753 4616 καταλειφθέντα
2796 4545 2995 4617 κλῆρον
3037 4545 3457 4616 διατηρήσωμεν
3489 4544 3622 4599 ἄσυ-

345 4634 594 4700 obsecro,
630 4637 685 4691 in
719 4654 827 4708 qua
856 4640 1050 4695 salutis
1080 4642 1287 4712 positas
1317 4658 1444 4712 spes
1479 4642 1767 4706 habemus,
1808 4658 1927 4697 om-

2037 4643 2136 4692 lov.
2170 4636 2290 4707 Χρὴ
2316 4636 2373 4689 δὲ
2411 4634 2680 4705 σκοπῆσαί
2716 4652 2809 4687 σου
2863 4637 2967 4704 τὴν
3025 4635 3340 4705 ἁγιωσύνην
3390 4634 3619 4687 καὶτῶν

345 4740 582 4797 nemque
620 4738 839 4798 oportet
883 4730 1122 4801 lapidem
1161 4748 1405 4796 movere,
1442 4740 1507 4786 ut
1552 4732 1691 4786 nihil
1721 4732 1777 4787 in
1806 4748 1927 4787 eam

2037 4727 2457 4798 θεοφιλεστάτων
2505 4726 2821 4780 ἐπισκόπων
2875 4729 3002 4792 τοὺς
3050 4727 3473 4798 ὁμογνώμονας,
3523 4726 3621 4778 καὶ

345 4818 595 4887 spurinm
651 4820 972 4889 inferamus,
1024 4839 1164 4879 neve
1212 4823 1569 4895 apostolicam
1618 4824 1926 4879 doctrinam

2037 4819 2319 4882 κοινωνοὺς
2354 4818 2452 4889 τῆς
2488 4817 2797 4889 ἀποδημίας
2843 4818 3207 4890 ποιήσασθαι·
3245 4819 3342 4871 xal
3384 4816 3492 4870 τῶν
3521 4818 3619 4869 εὐ-

346 4924 782 4981 eorrumpamus.
826 4911 954 4968 Haac
989 4929 1122 4985 ergo
1145 4915 1339 4984 procul
1378 4915 1592 4984 positus
1632 4914 1825 4969 dolens
1868 4931 1932 4970 ac

2037 4910 2376 4966 λαϐεστάτων
2415 4910 2694 4981 κληρικῶν
2728 4911 2854 4974 τοὺς
2889 4911 2981 4963 τὸν
3013 4910 3154 4983 ὑπὲρ
3190 4913 3290 4980 τῆς
3338 4909 3620 4973 εὐσεϐείας

344 4999 536 5070 lugens
565 5001 771 5065 scribo,
798 5011 855 5059 et
879 5019 1228 5059 communem
1254 5004 1547 5058 Dominum
1568 5003 1835 5068 obtestor,
1867 5012 1928 5059 ut

2037 5001 2257 5072 ἔχοντας
2296 5000 2476 5071 ζῆλον,
2506 5001 2594 5054 ἵνα
2627 5000 2701 5072 μὴ
2730 5002 2824 5053 καὶ
2854 5001 3005 5071 παρὰ
3041 5000 3150 5053 τῶν
3174 5001 3391 5055 οἰκείων
3424 4998 3619 5072 προδο-

345 5088 560 5144 tristem
587 5091 730 5147 hanc
754 5092 959 5147 nubem
980 5090 1264 5159 dissolvat,
1288 5099 1346 5147 et
1371 5108 1565 5162 puram
1590 5092 1751 5149 nobis
1777 5108 1927 5148 sere-

2037 5093 2295 5165 θέντες,ἢ
2327 5092 2763 5162 ἀναγκασθῶμέν
2794 5110 2847 5146 τι
2889 5090 3094 5163 πρᾶξαι
3124 5092 3234 5145 τῶν
3275 5090 3621 5163 άπαρεσκόν-

342 5181 571 5238 nitatem
604 5183 889 5256 largiatur.

2037 5204 2136 5240 των
2178 5185 2255 5255 τῷ
2284 5184 2394 5238 τῶν
2415 5185 2551 5238 ὅλων
2580 5183 2721 5255 Θεῷ,
2763 5182 2795 5254 ἢ
2842 5183 3181 5253 μονωθέντες
3211 5181 3619 5252 εὐεπιχείρητοι

343 5279 457 5338 τοῖς
504 5281 804 5351 πολεμοῦσι
859 5281 1170 5353 γενώμεθα.
1215 5281 1406 5345 Πίστις
1456 5281 1593 5346 ἐστὶ,
1636 5280 1958 5353 παρακαλῶ,
1997 5274 2119 5354 ἐνῇ
2173 5282 2272 5342 τὰς
2327 5281 2549 5343 ἐλπίδας
2606 5279 2802 5349 ἔχομεν
2846 5278 2946 5349 τῆς
3004 5276 3313 5347 σωτηρίας·
3376 5276 3471 5328 καὶ
3509 5276 3616 5345 χρὴ

346 5370 523 5425 πάντα
556 5374 777 5443 κινῆσαι
810 5373 995 5444 πόρον,
1025 5374 1167 5428 ὥστε
1194 5372 1360 5444 μηδὲν
1396 5373 1533 5444 αὐτῇ
1565 5372 1717 5427 νόθον
1779 5372 2193 5443 ἐπεισαχθῆναι,
2227 5372 2363 5444 μηδὲ
2423 5373 2521 5442 τὴν
2556 5370 2920 5440 ἀποστολικὴν
2978 5369 3401 5442 παραφθαρῆναι
3471 5368 3621 5423 διδαο

347 5468 593 5523 σκαλίαν.
625 5469 811 5523 Ταῦτα
856 5467 969 5537 ἐγὼ
1011 5469 1103 5524 καὶ
1140 5469 1425 5541 πόρρωθεν
1473 5467 1569 5535 ὢν,
1615 5469 1818 5523 στένων
1849 5471 1942 5522 καὶ
1982 5469 2199 5540 θρηνῶν
2228 5469 2447 5538 γράφω,
2480 5468 2575 5522 καὶ
2602 5466 2694 5522 τὸν
2734 5466 2913 5521 κοινὸν
2943 5465 3222 5537 Δεσπότην
3271 5462 3535 5517 ἀντιϐολῶ
3557 5459 3622 5516 τὸ

347 5561 573 5631 στυγνὸν
623 5561 781 5615 τοῦτο
834 5560 1085 5617 διαλῦσαι
1139 5563 1319 5634 νέφος,
1369 5563 1464 5615 καὶ
1518 5562 1765 5635 καθαράν
1797 5564 1927 5633 ἡμῖν
1967 5562 2183 5632 αἰθρίαν
2206 5562 2556 5633 χαρίσασθαι.

569 5656 756 5712 CXIII.
785 5685 855 5698 -ο-
885 5656 999 5729 (72)
1034 5658 1198 5714 Leoni
1233 5660 1471 5729 episcopo
1493 5656 1693 5711 Romae.

2173 5661 2239 5713 PI
2267 5661 2306 5712 Γ
2307 5666 2341 5712 ’.
2369 5690 2439 5700 -—
2476 5658 2686 5715 Λέοντι
2724 5658 3037 5722 ἑπισκόπφ
3084 5656 3309 5727 Ῥώμης
3335 5654 3474 5730 (τε).

417 5746 475 5800 Si
501 5748 726 5815 Paulus,
765 5765 948 5820 praeco
981 5752 1250 5816 veritatis,
1291 5751 1423 5806 tuba
1455 5749 1695 5820 Spiritus
1728 5753 1922 5816 sancti,

2104 5752 2167 5805 ΕΞ
2201 5751 2412 5812 Παῦλος
2435 5791 2450 5814 ,
2487 5752 2585 5819 τῆς
2639 5749 2898 5818 ἀληθείας
2931 5752 2960 5804 6
2998 5750 3194 5822 κῆρυξ,
3243 5751 3275 5818 ἡ
3328 5747 3423 5801 τοῦ
3459 5747 3616 5816 ἁγίου

441 5859 530 5929 ῖῖ)
563 5861 771 5932 Saepius
809 5866 955 5921 edita
992 5867 1104 5922 haec
1147 5876 1228 5923 cst
1284 5867 1516 5937 epistola
1556 5882 1679 5922 cum
1730 5867 1923 5924 Leonis
1972 5869 2347 5937 responsione,
2382 5867 2566 5922 Grcecc
2598 5865 2821 5937 quidem
2865 5865 3005 5920 inter
3071 5864 3245 5936 Opera
3313 5863 3511 5919 Leonis
3543 5860 3615 5916 M;
