4056 6464
322 405 469 472 1313

1634 406 1995 467 EPISTULA
2059 407 2274 467 CXIII.

3450 411 3585 477 13M

318 514 650 586 Πνεύματος
679 513 937 584 σάλπιγξ,
964 514 1100 586 πρὸς
1126 514 1218 569 τὸν
1244 514 1415 584 μέγαν
1444 512 1646 586 ἔδραμε
1680 514 1908 583 Πέτρον,

2013 513 2078 567 ad
2103 529 2354 584 magnum
2371 514 2592 570 Petrum
2610 532 2667 572 se
2693 518 2945 581 contulit,
2968 530 3029 576 ut
3051 521 3137 588 iis,
3160 523 3253 593 qui
3281 523 3587 582 Antiochia:

316 604 471 659 ὥστε
503 607 616 669 τοῖς
654 607 713 658 ἐν
765 605 1064 677 Ἀντιοχείᾳ
1103 607 1232 673 περὶ
1267 604 1528 675 τῆς-κατά
1559 604 1724 674 νόμον
1760 603 1912 655 πολι-

316 695 481 759 τείας
519 696 928 768 ἀμφισϐητοῦσι
960 698 1090 767 παρ’
1124 696 1290 750 αὑτοῦ
1321 696 1548 766 κομίσαι
1590 695 1689 764 τὴν
1736 694 1912 758 λύσιν,

316 786 511 858 πολλῴ
548 788 749 855 μᾶλλον
785 789 961 859 ἡμεῖς·
989 789 1040 841 οἱ
1070 789 1308 852 εὐτελεῖς
1360 788 1453 841 καὶ
1477 778 1729 858 ⁸σμικροὶ,
1776 786 1912 856 πρὸς

314 882 420 936 τὸν
456 880 815 934 ἁποστολικὸν
848 881 1003 950 ὑμῶν
1023 881 1291 951 τρέχομεν
1325 880 1545 951 θρόνον,
1593 878 1734 933 ὥστε
1784 879 1913 949 παρ’

315 974 484 1045 ὑμῶν
510 972 698 1025 λαϐεῖν
728 975 840 1036 τοῖς
865 972 974 1025 τῶν
1013 972 1350 1043 Ἐκκλησιῶν
1375 972 1560 1026 ἓλκεσι
1591 971 1909 1042 θεραπείαν.

312 1064 430 1118 Διά
454 1064 633 1118 πάντα
652 1063 762 1133 γὰρ
795 1061 1006 1133 ὑμῑνιτὸ
1035 1064 1339 1135 πρωτεύειν
1363 1063 1652 1133 ἁρμόττει.
1692 1062 1913 1125 Πολλοῖς

312 1158 437 1229 γὰρ
476 1160 505 1214 6
554 1156 819 1227 ὑμέτερος
877 1155 1066 1226 θρόνος
1122 1159 1409 1225 κοσμεῖται
1458 1155 1908 1224 πλεονεκτήμασι.

312 1251 440 1312 Τὰς
475 1250 571 1320 μὲν
609 1239 936 1318 γὰρ’ἄλλας
975 1248 1158 1310 πόλεις
1205 1248 1238 1319 ἢ
1275 1247 1528 1317 μέγεθος,
1567 1246 1599 1316 ἢ
1629 1245 1840 1308 κάλλος,
1876 1244 1909 1316 ἣ

312 1341 534 1411 πλῆθος
562 1340 672 1393 τῶν
695 1340 999 1410 οἰκητόρων
1023 1342 1219 1409 κοσμεῖ
1241 1356 1254 1370 ο
1284 1339 1434 1400 ἐνίας
1451 1338 1507 1390 δὲ
1535 1337 1738 1392 τούτων
1762 1338 1913 1389 ἐστε-

313 1433 573 1504 ρημένας
609 1434 725 1502 (75)
764 1430 1116 1502 πνευματικά
1145 1448 1266 1484 τινα
1298 1429 1609 1501 λαμπρύνει
1640 1429 1914 1500 χαρίσμα-

308 1543 394 1580 τα
414 1543 429 1556 ·
462 1528 528 1596 τῇ
551 1525 607 1578 δέ
630 1523 874 1595 ὑμετέρᾳ
901 1524 1075 1593 φορὰν
1102 1524 1303 1578 ἔδωκεν
1331 1523 1549 1593 ἀγαθῶν
1569 1524 1598 1575 6
1635 1522 1744 1576 τῶν
1776 1523 1913 1589 ἀγα-

311 1617 436 1670 Οὼν
469 1615 725 1687 χορηγός.
757 1616 824 1669 Ἠ
853 1615 962 1686 γὰρ
978 1614 1115 1682 αὑτὴ
1147 1614 1339 1668 πασῶν
1370 1613 1623 1684 μεγίστη,
1661 1614 1757 1667 καὶ
1775 1614 1916 1683 λαμο

312 1708 598 1780 προτάτη,
632 1707 726 1761 καὶ
754 1708 855 1779 τῆς
888 1708 1213 1778 οἰκουμένης
1243 1706 1659 1778 προκαθημένη,
1711 1706 1808 1759 καὶ
1835 1704 1913 1775 τῷ

315 1800 525 1872 πλήθει
553 1800 664 1853 τῶν
695 1799 997 1870 οἰκητόρων
1012 1799 1389 1870 κυμαίνουσα.
1432 1798 1574 1868 Πρὸς
1598 1798 1657 1850 δὲ
1679 1796 1908 1860 τούτοις,

2014 602 2081 657 de
2109 604 2267 674 legali
2303 605 2716 662 conversatione
2749 609 3120 680 ambigebant,
3167 613 3586 683 explicationem

2013 696 2082 750 ab
2111 696 2205 751 illo
2235 698 2489 761 referret,
2512 700 2686 754 multo
2716 702 2892 771 magis
2918 719 3018 758 nos
3052 705 3289 761 humiles
3313 715 3369 762 et
3403 709 3588 777 pusilli

2014 787 2080 841 ad
2106 788 2458 857 apostolicam
2480 789 2665 844 sedem
2683 800 2918 846 vestram
2935 795 3294 859 accurrimus,
3315 807 3376 852 ut
3397 798 3589 852 Eccle-

2016 876 2223 931 siarum
2268 877 2549 933 ulceribus
2603 881 2907 935 remedium
2953 900 2982 936 a
3032 884 3185 939 vobis
3227 886 3585 956 accipiamus.

2012 967 2182 1022 Vobis
2228 968 2380 1022 enim
2421 970 2626 1038 primas
2671 970 2727 1025 in
2763 973 3020 1027 omnibus
3071 983 3258 1030 tenere
3305 977 3585 1031 convenit.

2012 1056 2196 1113 Multis
2234 1058 2503 1128 siquidem
2537 1062 2909 1131 praerogativis
2940 1072 3169 1118 ornatur
3196 1065 3352 1121 sedes
3381 1075 3584 1121 vestra.

2013 1146 2227 1201 Etenim
2251 1147 2385 1203 alias
2402 1150 2569 1204 urbes
2593 1161 2752 1204 ornat
2774 1153 2860 1206 vel
2879 1153 3216 1223 magnitudo,
3235 1157 3321 1209 vel
3346 1156 3590 1226 pulchri-

2012 1238 2165 1305 tudo,
2197 1240 2282 1294 vel
2305 1240 2674 1296 habitatorum
2696 1243 3005 1312 frequentia
3032 1262 3045 1297 :
3075 1247 3368 1301 nonnullas
3400 1247 3586 1311 etiam,

2012 1344 2133 1398 quae
2174 1330 2262 1384 his
2309 1341 2521 1397 carent,
2565 1336 2578 1351 '
2621 1333 2928 1402 spiritualia
2976 1336 3222 1404 quzedam
3275 1336 3415 1391 dona
3460 1338 3588 1392 illu—

2010 1428 2186 1476 strant
2218 1440 2232 1474 :
2267 1430 2467 1478 vestrte
2492 1439 2626 1478 vero
2654 1425 2929 1479 honorum
2955 1426 3290 1481 affluentiam
3318 1427 3591 1484 bonorum

2010 1511 2238 1582 largitor
2258 1513 2431 1567 dedit.
2468 1514 2565 1568 Illa
2594 1514 2742 1569 enim
2770 1515 3016 1569 omnium
3044 1518 3277 1572 maxima
3312 1528 3370 1573 ct
3396 1519 3590 1574 claris-

2013 1600 2172 1667 sima,
2204 1618 2327 1672 quae
2353 1611 2410 1657 et
2437 1604 2559 1658 orbi
2591 1612 2859 1660 terrarum
2888 1607 3167 1675 praesidet,
3203 1619 3260 1664 et
3285 1608 3588 1676 incolarum

2012 1694 2367 1750 multitudine
2390 1696 2769 1751 redundat.Ad
2785 1698 2901 1753 meo
2918 1698 3211 1768 imperium
3230 1701 3375 1770 quod
3401 1718 3587 1756 rerum

2013 1801 2163 1841 nunc
2191 1791 2420 1856 potitur,
2457 1795 2512 1843 et
2544 1803 2703 1843 suum
2734 1790 2851 1858 ipsa
2883 1805 3085 1845 nomen
3116 1791 3352 1845 subditis
3382 1792 3587 1863 imper-

312 1865 435 1943 καὶ.
471 1888 565 1943 νῦν
612 1865 920 1961 κρατούσαν
959 1865 1259 1960 ἠγεμονίαν
1308 1865 1636 1957 ἐϐλάστησε·
1674 1887 1770 1941 καὶ
1811 1889 1909 1956 τῆς

2014 1879 2118 1933 tiit.
2145 1880 2425 1952 Praecipue
2450 1892 2633 1937 autem
2660 1883 2806 1936 illam
2834 1882 2967 1937 fides
2989 1892 3166 1948 ornat,
3195 1885 3413 1956 1188
3432 1888 3591 1957 cujus

310 1982 539 2046 οἰκείας
566 1980 940 2051 προσηγορίας
968 1983 1080 2044 τοῖς
1110 1980 1433 2053 ἀρχομένοις
1478 1979 1767 2049 μετέδωκε.
1800 1979 1906 2031 Κο-

313 2075 458 2143 σμεῖ
501 2065 558 2126 δὲ
609 2073 780 2143 αὐτὴν
821 2072 1188 2143 διαφερόντως
1233 2075 1264 2141 ἡ
1314 2072 1531 2135 πίστις·
1584 2072 1675 2125 καὶ
1702 2071 1910 2141 μάρτυς

309 2161 624 2233 ἀξιόχρεως
655 2162 684 2214 6
710 2162 853 2224 θεῖος
899 2160 1219 2224 ’Δπόστολος
1261 2160 1418 2230 βοῶν,
1453 2161 1534 2214 ὅτι
1572 2178 1590 2212 ι
1636 2160 1700 2212 Ἦ
1728 2158 1911 2223 πίστις

309 2253 483 2323 ὑμῶν
512 2252 939 2320 καταγγέλλεται
969 2252 1026 2305 ἐν
1052 2252 1159 2323 ὅλῳ
1188 2250 1266 2321 τῷ
1296 2250 1507 2322 κόσμῳ.
1534 2269 1553 2301 ι
1582 2251 1645 2303 Εἰ
1669 2250 1726 2303 δὲ
1750 2248 1911 2313 εὐθὺς

307 2344 592 2414 δεξαμένη
625 2344 692 2397 τὰ
725 2342 819 2397 τοῦ
857 2343 1127 2416 σωτηρίου
1184 2342 1538 2413 κηρύγματος
1593 2341 1907 2412 σπέρματα,

308 2439 435 2498 τοῖς
471 2435 820 2502 ἀξιαγάστοις
841 2434 1050 2496 τούτοις
1078 2433 1354 2505 ἐϐεόρίθει
1382 2435 1639 2504 καρποῖς,
1667 2432 1751 2495 τίς
1776 2432 1910 2485 ἁπό-

308 2544 431 2598 χρη
458 2525 613 2593 λόγος
639 2527 739 2596 τὴν
778 2525 874 2579 νῦν
901 2527 959 2578 ἐν
984 2527 1120 2597 αὑτῇ
1157 2524 1584 2593 πολιτευομένην
1624 2521 1908 2576 εὐσέϐειαν

309 2618 681 2688 εὑρημῆσαη
718 2618 873 2687 Ἔχει
906 2616 961 2670 δὲ
995 2618 1090 2670 καὶ
1127 2616 1237 2671 τῶν
1271 2615 1466 2669 κοινῶν
1515 2614 1774 2683 Πατέρων
1813 2614 1908 2666 καὶ

309 2709 662 2763 διδασκάλων
710 2709 809 2779 τῆς
864 2707 1123 2781 ἀληθείας
1172 2708 1382 2780 Πέτρου
1431 2708 1522 2762 καὶ
1569 2705 1782 2760 Παύλου
1810 2707 1908 2770 τὰς

311 2801 521 2870 θήκας,
575 2798 684 2875 τῶν
729 2800 936 2854 πιστῶν
990 2799 1088 2863 τὰς
1125 2798 1302 2869 ψυχὰς
1351 2797 1712 2867 φωτιζούσας.
1753 2798 1815 2849 Ἦ
1852 2796 1908 2850 δὲ

309 2892 699 2964 τρισμακαρία
732 2891 940 2945 τούτων
983 2891 1078 2946 καὶ
1124 2892 1246 2946 θεία
1276 2890 1509 2963 ξυνωρὶς
1538 2889 1779 2944 ἀνέτειλε
1811 2889 1909 2959 μὲν

310 2988 376 3038 ἐν
397 2986 467 3054 τῇ
499 2984 631 3055 ἐῴᾳ,
666 2984 762 3038 καὶ
796 2984 1034 3038 πάντοσε
1068 2982 1167 3046 τὰς
1205 2985 1432 3046 ἀκτῖνας
1471 2981 1781 3052 ἐξέπεμψεν
1801 2999 1814 3013 ·
1850 2982 1907 3033 ἐν

308 3076 375 3129 δὲ
408 3078 476 3147 τῇ
508 3075 668 3128 Δύσει
700 3075 1000 3146 προθύμως
1029 3074 1249 3138 ἐδέξατο
1276 3075 1372 3138 τὰς
1399 3073 1494 3127 τοῦ
1530 3072 1645 3142 βίου
1675 3071 1905 3141 δυσμὰς,

2014 1974 2170 2029 testis
2191 1974 2421 2030 idoneus
2449 1984 2533 2031 est
2553 1976 2777 2032 divinus
2803 1978 3023 2043 Paulus,
3060 1978 3301 2033 clamans
3331 1997 3343 2031 :
3380 1999 3397 2030 ‹
3426 1979 3588 2035 Fides

2010 2074 2192 2121 vestra
2240 2067 2599 2121 annuntiatur
2631 2067 2691 2120 in
2729 2066 2989 2122 universo
3017 2067 3224 2121 mundo
3259 2066 3323 2120 ‘3.
3365 2087 3383 2119 ›
3430 2067 3586 2135 Quod

2013 2157 2057 2212 si
2083 2157 2265 2212 statim
2300 2164 2425 2228 post
2466 2168 2718 2228 suscepta
2756 2159 3014 2214 salutaris
3050 2158 3461 2229 przedicationis
3496 2174 3587 2214 se-

2011 2248 2161 2302 mina
2188 2248 2471 2304 mirabiles
2508 2249 2610 2303 hos
2632 2249 2846 2305 fructus
2872 2250 3150 2305 uberrime
3176 2250 3428 2320 protulit,
3453 2265 3592 2320 prae-

2012 2339 2260 2395 dicandae
2285 2356 2408 2410 quae
2441 2340 2496 2395 in
2525 2356 2590 2396 ea
2615 2357 2764 2397 nunc
2811 2342 2959 2413 viget
2986 2341 3177 2412 pietati
3213 2356 3464 2410 quamam
3491 2357 3592 2411 par

2009 2446 2130 2487 esse
2179 2430 2354 2500 possit
2410 2431 2632 2485 oratio?
2667 2431 2843 2487 Habet
2891 2440 3158 2503 praeterea
3215 2433 3589 2488 communium

2010 2522 2231 2577 Patrum
2258 2522 2757 2594 magistrorumque
2786 2524 3037 2579 veritatis
3065 2525 3211 2579 Petri
3236 2533 3292 2580 et
3314 2525 3468 2579 Pauli
3504 2540 3591 2579 se-

2008 2614 2219 2683 pulcra,
2256 2614 2496 2669 fidelium
2531 2616 2744 2671 animas
2768 2616 3157 2671 illuminantia.
3182 2616 3423 2683 Quorum
3454 2618 3587 2673 bea-

2009 2706 2280 2761 tissimum
2297 2722 2362 2762 ac
2377 2707 2624 2762 divinum
2644 2724 2764 2777 par,
2783 2707 2839 2762 in
2856 2707 3079 2764 Oriente
3095 2709 3318 2779 quidem
3334 2717 3587 2765 exortum

2008 2806 2112 2863 est,
2127 2808 2183 2854 et
2194 2799 2376 2854 radios
2392 2815 2831 2870 quaquaversum
2849 2785 3071 2856 diffudit
3085 2818 3098 2855 :
3112 2802 3209 2857 sed
3223 2802 3279 2856 in
3293 2801 3590 2858 Occidente

2010 2890 2135 2945 vita:
2156 2906 2412 2946 occasum
2439 2893 2584 2946 ultro
2612 2892 2803 2958 subiit,
2843 2900 3007 2962 atque
3041 2892 3169 2949 inde
3212 2910 3362 2949 nunc
3394 2895 3588 2949 orbem

2011 2980 2331 3035 universum
2364 2981 2671 3037 collustrat.
2717 2982 2785 3037 Hi
2823 2984 3008 3039 sedem
3041 2994 3276 3040 vestram
3308 2986 3590 3041 nobilissi—

2011 3087 2157 3125 mam
2205 3071 2570 3127 reddiderunt
2609 3091 2624 3126 :
2672 3073 2766 3129 hic
2812 3073 3086 3129 bonorum
3147 3085 3457 3131 vestrorum
3505 3086 3592 3131 est

311 3166 579 3221 κάκεῖθεν
615 3164 709 3219 νῦν
743 3165 1080 3235 καταυγάζει
1106 3165 1205 3238 τὴν
1240 3165 1587 3237 οἰκουμένην.
1630 3159 1790 3218 Οὗτοι
1816 3163 1907 3215 τὸν

2011 3178 2170 3232 apex.
2209 3163 2279 3217 At
2314 3164 2533 3218 illorum
2578 3164 2766 3220 sedem
2799 3181 2951 3221 nunc
2982 3167 3148 3221 etiam
3186 3167 3404 3222 illorum
3446 3167 3593 3221 Deus

312 3258 589 3331 ὑμέτερον
642 3257 1107 3329 περιφανέστατον
1160 3258 1273 3329 (74)
1332 3257 1619 3328 ἀπέφηναν
1679 3254 1901 3326 θρόνον

311 3342 477 3414 οὗτος
508 3350 618 3403 τῶν
640 3349 877 3426 ⁴ἀγαθῶν
928 3350 1037 3404 τῶν
1085 3350 1369 3421 ὑμετέρων
1405 3351 1434 3401 6
1465 3345 1729 3417 κολοφὼν.
1772 3347 1830 3398 ⁸0
1860 3346 1907 3398 δ’

2013 3253 2327 3318 illustravit,
2348 3254 2481 3308 dum
2506 3255 2563 3309 in
2579 3271 2644 3310 ea
2663 3257 3012 3311 sanctitatem
3025 3266 3263 3313 vestram
3283 3266 3447 3314 rectae
3463 3258 3591 3313 fidei

2014 3347 2198 3401 radios
2216 3345 2538 3401 fundentem
2571 3347 2875 3403 constituit.

312 3448 548 3502 ἐκείνων
577 3447 710 3512 Θεὸς
737 3449 830 3501 καὶ
857 3448 954 3501 νὺν
983 3447 1074 3500 τὸν
1110 3447 1338 3500 ἐκείνων
1374 3444 1689 3517 ἐλάμπρυνε
1715 3442 1925 3515 θρόνον,
1964 3441 2062 3513 τὴν
2091 3441 2363 3513 ὑμετέραν
2392 3441 2703 3514 ἁγιωσύνην
2744 3444 2964 3513 ἱδρύσας
3003 3446 3061 3500 ἐν
3099 3444 3269 3516 τούτῳ
3296 3445 3395 3515 τῆς
3431 3443 3592 3516 ὀρθο-

308 3542 502 3608 δοξίας
541 3541 638 3604 τὰς
667 3542 893 3606 ἀκτῖνας
927 3543 1198 3611 ἀφιεῖσαν.

388 3635 505 3689 Καὶ
539 3634 729 3688 τούτου
759 3635 928 3689 πολλὰ
968 3635 1069 3706 μὲν
1118 3635 1264 3688 ἔστιν
1319 3636 1501 3705 εὑρεῖν
1527 3635 1622 3688 καὶ
1651 3633 1786 3690 ἄλλα
1818 3651 1904 3686 τε·

309 3727 537 3800 κμήρια
560 3745 574 3759 ·
607 3728 770 3798 ἀρκεῖ
791 3728 848 3781 δὲ
883 3729 1035 3798 ὑμῶν
1066 3728 1162 3782 καὶ
1190 3730 1218 3782 6
1251 3728 1394 3781 κατά
1424 3728 1535 3781 τῶν
1572 3727 1909 3799 δυσωνύμων

311 3816 639 3885 Μανιχαίων
666 3816 826 3887 ζῆλος
853 3856 868 3880 ,
905 3816 966 3871 ὃν
995 3819 1189 3887 πρώην
1239 3815 1392 3887 ὑμῶν
1427 3818 1461 3886 ή
1515 3816 1731 3888 ὁσιότης
1777 3815 1908 3883 ἐγύ-

314 3924 524 3980 μνωσε,
550 3906 774 3985 δείξασα
803 3909 903 3978 τὴν
932 3910 1059 3980 περὶ
1084 3907 1154 3961 τὰ
1181 3907 1301 3961 θεῖα
1328 3908 1430 3977 τῆς
1459 3907 1735 3979 ὑμετέρας
1760 3907 1908 3977 φιλο-

311 3998 472 4061 θεῖας
506 3998 766 4070 σπουδήν.
816 3997 1059 4069 ’Λπόχρη
1083 3997 1180 4051 καὶ
1200 3997 1268 4055 τὰ
1298 3997 1394 4050 νῦν
1431 3998 1562 4068 παρ’
1593 3995 1750 4066 ὑμῶν
1774 4013 1909 4067 γρα-

307 4089 489 4157 φέντα
524 4087 617 4141 τὸν
659 4087 1018 4142 ἀποστολικὸν
1069 4089 1223 4160 ὑμῶν
1266 4089 1593 4160 χαρακτῆρα
1642 4086 1903 4158 δηλῶσαι.

325 4179 807 4250 Ἐντετυχήκαμεν
844 4180 953 4250 γὰρ
997 4183 1113 4243 τοῖς
1160 4181 1315 4250 παρὰ
1356 4179 1457 4249 τῆς
1497 4179 1594 4250 σῆς
1647 4182 1906 4250 γραφεῖσι

309 4269 599 4340 ὁσιότητος
623 4270 872 4341 περὶτῆς
898 4270 992 4324 τοὺ
1014 4270 1150 4324 Θεοῦ
1174 4272 1269 4324 καὶ⁸
1302 4270 1553 4341 Σωτῆρος
1575 4270 1734 4341 ήμῶν
1753 4272 1907 4323 ἐναν·

314 4362 678 4432 θρωπήσεως,
709 4361 806 4414 καὶ
829 4360 1221 4432 ἐθαυμάσαμεν
1244 4361 1342 4433 τὴν
1369 4361 1479 4415 τῶν
1508 4362 1907 4433 γεγραμμένων

314 4451 629 4523 ἀκρίϐειαν.
684 4452 1000 4522 Ἀμφότερα
1026 4453 1134 4522 γὰρ
1159 4453 1302 4506 κατὰ
1331 4453 1527 4506 ταυτὸν
1561 4453 1773 4525 ἐδήλου,
1813 4454 1908 4507 καὶ

311 4545 417 4615 τὴν
445 4544 512 4597 ἐκ
558 4542 654 4597 τοῦ
688 4542 860 4597 ἀῖδίου
892 4544 1104 4616 [ἰατρὸς
1135 4544 1303 4599 ἀΐδιον
1332 4544 1563 4616 θεότητα
1595 4544 1689 4598 τοὺ
1729 4546 1906 4602 Μονο-

314 4632 511 4703 γενοῦς
534 4676 549 4700 ,
584 4634 682 4688 καὶ
729 4633 828 4704 τὴν
881 4635 944 4687 ὲκ
979 4633 1294 4705 σπέρματος
1337 4632 1587 4703 Ἀϐραὰμ
1614 4633 1709 4685 καὶ
1741 4632 1907 4685 Δαϐὶδ

312 4724 715 4797 ἀνθρωπότητα
735 4741 751 4756 ·
786 4726 880 4779 καὶ
912 4727 994 4779 ὅτι
1029 4724 1171 4778 κατά
1201 4726 1377 4780 πάντα
1410 4725 1543 4795 ἡμῖν
1572 4726 1606 4794 ἡ
1639 4724 1904 4795 ληφθεῖσα

313 4814 480 4884 φύσις
513 4814 701 4885 ἐῴκει,
731 4815 894 4885 μόνον
918 4815 975 4869 δέ
1013 4815 1268 4885 ἀνόμοιος
1299 4811 1367 4886 ἦν
1396 4813 1473 4885 τῷ
1507 4814 1688 4885 πάσης
1722 4815 1903 4886 ἀμαρ-

310 4904 439 4967 τίας
463 4905 712 4976 ἀμύητος
745 4905 1019 4977 διαμεῖναι
1041 4922 1057 4938 ο
1092 4905 1393 4977 ἐπειδήπερ
1429 4907 1530 4959 οὑκ
1562 4907 1629 4959 ἐκ
1665 4904 1900 4974 φύσεως,

312 4998 434 5051 ἀλλ’
463 5000 528 5052 ὲκ
553 4998 932 5072 προαιρέσεως
963 4996 1103 5067 αὑτη
1133 4996 1349 5065 φύεται.
1381 4992 1510 5067 Εἶχε
1538 4995 1596 5048 δέ
1625 4996 1720 5049 καὶ
1746 4994 1905 5050 τοῦτο

310 5090 384 5143 τὰ
402 5089 731 5161 γράμματα,
762 5089 837 5153 ὼς
867 5083 947 5154 είς
977 5089 1075 5160 μὲν
1105 5090 1135 5141 6
1156 5087 1449 5157 μονογενὴς
1476 5085 1571 5138 τοῦ
1592 5086 1730 5139 Θεοῦ
1750 5086 1898 5152 Υἱὸς,

310 5179 534 5252 ἀπαθὴς
560 5180 618 5233 δὲ
637 5179 801 5233 αὑτοὺ
833 5182 868 5251 ἡ
891 5180 1082 5250 θεότης
1101 5221 1118 5244 ,
1164 5178 1259 5231 καὶ
1289 5177 1558 5247 ἄτρεπτος
1575 5218 1589 5241 ,
1622 5177 1717 5230 καὶ
1742 5177 1903 5231 ἀναλ-

309 5272 557 5336 λοίωτος,
593 5270 845 5343 καθάπερ
881 5274 909 5324 ὁ
945 5273 1210 5343 γεννήσας
1253 5268 1417 5324 αὑτὸν
1449 5267 1662 5339 Πατὴρ,
1705 5269 1800 5322 καὶ
1842 5269 1904 5322 τὸ

310 5362 583 5431 πανάγιον
608 5360 836 5430 Πνεῦμα
859 5378 873 5392 '
910 5363 1006 5415 καὶ
1029 5363 1121 5414 διὰ
1148 5361 1307 5414 τοῦτο
1332 5360 1432 5430 τὴν
1468 5358 1719 5430 παθητὴν
1744 5358 1904 5413 ἔλαϐε

390 5497 433 5529 ⁵⁸
460 5497 621 5552 Rom.
651 5511 689 5560 ι,
714 5496 765 5550 8.

288 5621 450 5677 edit.
481 5620 901 5675 Balleriniorum
933 5628 1064 5673 tom.
1093 5619 1136 5679 l,
1170 5634 1224 5687 p.
1266 5617 1365 5672 9M
1403 5632 1520 5686 seq.
1553 5631 1621 5670 ex
1651 5618 1767 5687 ipsa
1801 5618 1903 5672 hac

314 5691 598 5748 Sirmondi
626 5690 894 5755 editione,
926 5688 1118 5743 Latine
1157 5687 1227 5742 ab
1267 5687 1504 5741 Herveto
1549 5696 1677 5742 ante
1726 5688 1901 5742 inter-

311 5762 683 5829 pretationem
733 5759 1254 5815 commentariorum
1295 5755 1627 5829 Theodoreti
1672 5756 1724 5810 in
1774 5757 1903 5829 Epi-

312 5822 488 5888 stolas
508 5829 661 5886 Pauli
690 5829 940 5905 apostoli,
972 5829 1116 5900 apud
1165 5826 1461 5881 Baronium
1497 5840 1719 5897 quoque
1750 5822 1902 5884 ad'a.
1980 5822 1991 5853 ⁵

2076 3628 2246 3698 Cujus
2271 3629 2497 3699 quidem
2521 3630 2600 3685 rei
2628 3645 2755 3685 cum
2778 3631 2884 3686 alia
2909 3632 3082 3687 multa
3108 3631 3166 3686 in
3192 3643 3448 3704 promptu
3479 3636 3592 3691 sint

2005 3728 2350 3792 argumenta,
2395 3720 2596 3776 sufﬁcit
2624 3722 2777 3777 zelus
2822 3731 3008 3779 vester
3047 3724 3310 3780 adversus
3360 3726 3592 3783 infames

2005 3810 2358 3877 Manicbaaos,
2385 3827 2549 3881 quem
2576 3814 2837 3870 sanctitas
2859 3824 3041 3871 vestra
3070 3833 3250 3888 nuper
3271 3819 3508 3884 exeruit,
3536 3832 3594 3876 et

2006 3919 2117 3974 quo
2143 3918 2326 3959 rerum
2343 3902 2657 3958 divinarum
2676 3905 2860 3985 studio
2876 3916 3059 3962 vester
3076 3908 3132 3962 in
3156 3910 3330 3965 Deum
3346 3911 3417 3966 sit
3437 3927 3593 3967 amor

2006 3994 2286 4064 patefecit.
2330 3993 2618 4049 Sufficiunt
2661 4005 2719 4051 et
2757 4012 2880 4066 qua:
2926 4013 3075 4054 nunc
3121 4015 3153 4054 a
3189 4001 3346 4063 vobis
3390 4003 3594 4073 scripta

2007 4094 2156 4148 sunt,
2191 4093 2252 4139 ut
2284 4087 2649 4154 apostolicum
2693 4087 3073 4144 characterem
3118 4099 3364 4145 vestrum
3398 4101 3591 4147 osten-

2006 4177 2155 4231 dant.
2192 4177 2490 4231 lncidimus
2520 4192 2757 4246 namque
2800 4178 2857 4231 in
2883 4178 2995 4244 illa,
3030 4194 3153 4249 quae
3177 4180 3246 4236 de
3276 4182 3372 4236 Dei
3400 4182 3591 4237 Salva-

2008 4270 2259 4339 torisque
2295 4268 2470 4323 nostri
2513 4269 2895 4324 incarnatione
2937 4271 3201 4326 sanctitas
3234 4281 3418 4327 vestra
3448 4275 3591 4329 scri-

2005 4361 2136 4429 psit,
2167 4367 2224 4414 et
2249 4360 2509 4415 admirati
2534 4374 2725 4415 sumus
2744 4371 2989 4416 exactam
3015 4364 3202 4431 operis
3226 4362 3588 4434 diligentiam.

2006 4452 2249 4521 Utraque
2275 4451 2425 4506 enim
2443 4451 2648 4506 eadem
2679 4466 2846 4521 Opera
2868 4452 3206 4520 declarabat,
3240 4462 3297 4509 et
3326 4462 3590 4510 mternam

2006 4556 2075 4595 ex
2117 4550 2326 4596 aeterno
2364 4542 2527 4595 Patre
2556 4540 2835 4611 Unigeniti
2863 4540 3229 4609 divinitatem,
3255 4554 3312 4597 et
3343 4543 3591 4614 ejusdem

2007 4649 2072 4689 ex
2110 4633 2344 4688 Abrahae
2378 4640 2434 4687 et
2460 4631 2687 4687 Davidis
2720 4633 2931 4689 semine
2956 4633 3355 4691 humanitatem
3386 4655 3400 4693 ;
3429 4652 3493 4691 ac
3519 4638 3599 4693 si.

2009 4726 2194 4781 milem
2225 4741 2325 4796 per
2344 4724 2529 4779 omnia
2561 4723 2724 4779 nobis
2752 4723 2923 4779 fuisse
2952 4734 3288 4797 assumptam
3312 4736 3590 4793 naturam,

2008 4819 2116 4874 hoc
2163 4833 2275 4873 uno
2318 4819 2663 4882 dissimilem,
2701 4818 2850 4888 quod
2888 4817 3100 4888 peccati
3140 4833 3340 4889 expers
3378 4821 3595 4891 1189

2007 4911 2293 4977 manserit,
2317 4912 2530 4982 quippe
2555 4927 2678 4982 quae
2705 4925 2814 4965 non
2846 4925 2914 4965 ex
2936 4919 3157 4975 natura,
3194 4910 3291 4966 sed
3315 4925 3380 4964 ex
3415 4910 3591 4966 libera

2006 5002 2288 5057 voluntate
2334 5003 2598 5057 nascitur.
2646 5002 2715 5056 Et
2746 5002 2852 5056 hoc
2882 5009 3150 5070 praeterea
3183 5000 3380 5056 litterae
3413 5002 3593 5056 conti-

2006 5091 2214 5145 nebant
2248 5107 2420 5145 unum
2459 5106 2581 5147 esse
2613 5090 2956 5161 unigenitum
2979 5090 3076 5144 Dei
3099 5091 3394 5155 Filium,et
3422 5091 3593 5161 impa-

2012 5181 2225 5237 tibilem
2252 5182 2373 5251 ejus
2406 5182 2773 5246 divinitatem,
2811 5196 2934 5251 qua:
2964 5196 3068 5235 nec
3092 5181 3235 5235 verti
3269 5191 3451 5251 queat,
3488 5196 3592 5236 nec

2010 5269 2234 5335 mutari,
2270 5270 2488 5325 sicutet
2513 5270 2606 5340 qui
2636 5270 2816 5340 ipsum
2838 5270 3031 5341 genuit
3051 5270 3234 5335 Pater,
3265 5276 3323 5325 et
3352 5268 3592 5339 Spiritus

2012 5370 2236 5417 sanctus
2270 5380 2283 5415 :
2329 5361 2565 5431 ideoque
2601 5361 2889 5431 patibilem
2931 5372 3185 5416 naturam
3226 5357 3547 5429 sumpsisse,
3572 5360 3591 5381 '

2008 5617 2070 5674 C.
2103 5620 2233 5682 449,
2265 5621 2424 5690 ι.ν1,
2457 5635 2511 5690 p.
2546 5619 2649 5673 105
2678 5635 2793 5690 seq.
2824 5626 2883 5690 et
2905 5617 3055 5672 alibi.

2083 5690 2194 5759 (75)
2227 5689 2443 5743 Τούτων
2460 5689 2523 5743 δὲ
2552 5692 2731 5759 ἐστερ.
2748 5689 2958 5759 iBaller.

2087 5691 2173 5752 [75
2227 5691 2443 5743 Τούτων
2466 5691 2523 5743 δὲ
2552 5692 2731 5759 ἐστερ.
2763 5691 2915 5742 Balle:

2087 5691 2208 5839 (Ἰρίς
2233 5760 2715 5830 περιφανέστερον.
2745 5758 2915 5827 Neap.
