4056 6434
447 436 549 509 ".15

1395 411 1881 482 THEODORETI
1916 403 2256 469 EPISCOPI
2294 402 2658 464 CYRENSIS

3515 388 3653 454 1316

409 554 538 626 quia
572 548 757 605 divina
803 550 997 599 natura
1035 538 1345 609 passionem
1384 545 1494 585 non
1543 523 1844 595 recipiebat
1875 538 1887 573 :
1923 526 1981 571 ut
2014 523 2042 574 Α

2145 514 2267 573 ίσιν,
2300 512 2593 581 ἐπειδήπερ
2640 510 2672 577 ἡ
2702 505 2820 559 θεία
2852 503 3012 574 φύσις
3047 503 3143 555 οὐκ
3181 500 3394 571 ἐδέχετο
3423 501 3614 564 ’πάθος
3637 518 3653 533 ·

2145 622 2167 626 _
2202 603 2271 626 __-.
2305 601 2458 626 ..ιον
2484 601 2578 626 .z-
2610 601 2744 626 2::--
2771 597 2967 626 ---ηιμ
3004 594 3103 626 με...
3129 592 3398 626 lin—Anum.
3422 594 3536 626 «mf.-
3582 594 3653 626 εἲ»-

408 661 510 715 per
536 641 720 697 carnis
750 634 986 707 propriae
1024 628 1334 700 passionem
1375 616 1875 689 impassibilitatem
1917 610 1984 663 iis

412 701 509 806 qui
544 734 601 788 in
637 701 813 801 ipsum
851 701 1142 780 crederent
1172 715 1491 786 largiretur.
1523 710 1648 764 Haec
1673 714 1729 762 et
1763 704 1871 758 alia
1897 701 1986 756 his

413 833 643 897 cognata
664 819 863 875 litteris
884 812 1327 871 continebantur.
1356 806 1470 860 Nos
1492 817 1625 857 vero
1647 791 1991 869 spiritualem

415 915 739 987 sapientiam
765 921 912 965 tuam
950 902 1226 963 admirati,
1253 898 1494 969 Spiritus
1523 891 1694 948 sancti
1737 887 1987 960 gratiam,

416 982 540 1077 qua)
578 1019 676 1074 per
700 1016 801 1055 vos
837 1000 1019 1051 locuta
1050 1001 1155 1057 est,
1186 988 1443 1045 laudibus
1474 982 1790 1043 extulimus,
1834 990 1990 1045 roga-

419 1109 671 1165 musque,
713 1101 770 1147 et
789 1090 1165 1146 obsecramus,
1207 1091 1263 1135 et
1288 1089 1600 1149 precamur,
1639 1078 1696 1124 et
1719 1065 1993 1137 supplices

420 1155 642 1243 oramus
660 1155 1013 1238 sanctitatem
1040 1186 1209 1237 tuam,
1238 1180 1299 1225 ut
1321 1170 1641 1236 tempestate
1660 1158 1875 1234 iactatis
1896 1155 1995 1210 Dei

423 1278 684 1336 Ecclesiis
706 1289 864 1344 opem
890 1272 1048 1326 ferat.

496 1370 635 1424 Cum
665 1340 811 1421 enim
854 1378 951 1432 per
981 1374 1077 1413 eos
1112 1370 1251 1425 quos
1285 1348 1546 1406 sanctitas
1589 1353 1683 1401 tua
1718 1340 1997 1411 Ephesum

428 1460 602 1522 misit,
628 1451 967 1525 tempestatis
990 1448 1195 1503 exitum
1223 1452 1591 1513 speraremus,
1611 1435 1669 1488 in
1696 1430 2001 1503 graviorem

431 1522 977 1623 procellam—delapsi
1004 1552 1215 1594 sumus.
1265 1529 1760 1588 Alexandrinorum
1800 1522 2004 1592 quippe

428 1611 769 1715 iustissimus
820 1611 1050 1689 antistes
1098 1626 1525 1695 haudquaquam
1567 1624 1863 1673 contentus
1901 1611 2006 1666 fuit

436 1735 620 1802 iniqua
661 1731 765 1783 hac
802 1734 859 1782 et
901 1720 1258 1795 iniustissima
1296 1712 1639 1785 depositione
1678 1703 2007 1762 sanctissimi

436 1826 657 1892 Deoque
682 1814 988 1874 charissimi
1010 1804 1742 1873 Constantinopolitanorum
1763 1791 2008 1863 episcopi

438 1913 647 1970 domini
667 1907 933 1973 Flaviani,
956 1917 1134 1973 neque
1155 1899 1328 1970 ipsius
1356 1896 1594 1950 animam
1616 1888 1857 1959 explevit
1877 1901 2010 1941 con-

441 2002 639 2058 similis
675 2007 886 2067 strages
910 1994 1145 2048 aliorum
1178 1987 1588 2057 episcoporum,
1630 1978 1725 2034 sed
1761 1991 1849 2031 me
1878 1989 2015 2044 quo-

441 2110 549 2166 que
572 2093 855 2148 absentem
880 2086 1092 2142 calamo
1116 2078 1369 2137 similiter
1395 2073 1686 2147 iugulavit,
1713 2084 1817 2124 nec
1843 2068 1898 2122 in
1928 2067 2019 2137 ius

441 2194 720 2246 vocatum,
756 2195 860 2234 nec
890 2183 1213 2247 praesentem
1229 2169 1557 2241 iudicatum,
1589 2178 1692 2217 nec
1712 2163 2019 2228 interroga-

447 2289 586 2341 tum,
615 2274 683 2328 de
714 2270 811 2327 Dei
843 2284 911 2324 ac
938 2263 1242 2323 Salvatoris
1265 2259 1443 2315 nostri
1479 2254 1856 2311 lncarnatione
1887 2250 2022 2320 quid

449 2366 705 2422 sentiam.
732 2362 801 2416 Et
832 2356 1137 2414 homicidas
1163 2350 1408 2422 quidem,
1438 2361 1502 2402 ac
1530 2344 1911 2414 sepulcrorum
1941 2338 2023 2395 οἵ.

452 2458 737 2517 fractores,
773 2449 1187 2513 alienarumque
1223 2438 1543 2508 nuptiarum
1579 2435 1883 2495 invasores,
1914 2443 2027 2483 non

452 2548 608 2621 prius
628 2542 995 2600 condemnant
1005 2535 1240 2608 iudices,
1260 2546 1424 2603 quam
1447 2527 1532 2583 vel
1554 2526 1654 2595 ipsi
1680 2524 1897 2593 objecta
1915 2520 2027 2574 cri-

453 2641 601 2696 mina
633 2633 977 2691 confessione
1012 2644 1108 2684 sua
1141 2622 1433 2683 ﬁrmarint,
1464 2618 1553 2673 vel
1586 2616 1654 2670 ab
1683 2613 1808 2669 aliis
1841 2619 2031 2681 aperte

455 2730 665 2787 fuerint
685 2722 945 2781 convicti.
964 2719 1076 2774 Nos
1094 2724 1278 2773 autem
1303 2711 1395 2766 hic
1415 2711 1471 2763 in
1498 2706 1713 2777 1190
1738 2702 1942 2758 divinis
1955 2702 2035 2755 le-

457 2824 619 2896 gibus
633 2817 913 2875 enutritus
929 2812 1154 2882 triginta
1169 2805 1415 2877 quinque
1431 2797 1809 2855 mansionibus
1823 2793 2033 2848 distan-

459 2883 546 2970 tes
572 2899 1250 2967 condemnavitutvoluit.
1268 2896 1456 2963 Neque
1497 2905 1643 2945 nunc
1672 2895 1887 2941 tantum
1933 2883 2039 2936 hoc

461 3005 614 3066 fecit,
632 2999 730 3055 sed
758 3011 901 3052 anno
923 2993 1091 3048 etiam
1125 2986 1432 3057 superiore,
1460 2996 1584 3037 cum
1608 2994 1676 3033 eo
1700 2974 1932 3047 profecti
1955 2986 2041 3026 es-

463 3104 591 3151 sent
610 3093 722 3147 duo
737 3089 841 3144 viri
865 3082 1196 3156 Apollinaris
1212 3077 1406 3133 morbo
1423 3064 1633 3135 infecti,
1659 3078 1717 3124 et
1737 3063 2042 3122 calumnias

467 3188 525 3241 in
555 3200 656 3239 nos
693 3179 1015 3241 texuissent,
1043 3184 1381 3240 consurgens
1416 3166 1472 3221 in
1502 3160 1738 3219 ecclesia
1765 3171 1868 3212 nos
1902 3169 2035 3208 ana-

471 3274 712 3328 themate
746 3264 971 3321 conﬁxit
1003 3281 1015 3316 :
1054 3261 1222 3331 idque
1252 3271 1376 3312 cum
1417 3253 1487 3308 ad
1514 3265 1642 3306 eum
1669 3244 2040 3317 scripsissem,

471 3373 529 3419 et
549 3377 669 3432 qua!
687 3357 950 3415 sentirem
980 3369 1080 3424 per
1105 3351 1321 3405 litteras
1347 3341 1746 3415 exposuissem.

548 3647 663 3716 Ego
692 3657 816 3699 vero
848 3636 1110 3694 Ecclesiae
1139 3647 1269 3688 sane
1305 3632 1691 3697 tempestatem
1716 3617 1911 3678 deﬂeo.
1944 3629 2051 3670 cae-

480 3750 664 3795 terum
706 3732 877 3803 quieti
937 3727 1153 3783 studeo.
1199 3722 1306 3778 Sex
1344 3719 1493 3774 enim
1550 3724 1608 3771 et
1657 3709 1852 3781 viginti
1899 3705 2057 3761 annis

482 3826 832 3884 commissam
878 3818 1015 3874 mihi
1054 3816 1122 3870 ab
1156 3814 1544 3870 universorum
1577 3806 1692 3859 Deo
1731 3796 2055 3859 Ecclesiam,

485 3931 711 3990 precum
735 3921 1040 3967 vestrarum
1069 3905 1273 3962 auxilio
1297 3916 1423 3958 cum
1458 3894 1717 3955 rexerim,
1752 3903 1933 3958 neque
1958 3884 2061 3941 sub

488 3974 806 4064 beatissimo
840 4001 1126 4055 Theodoto
1163 3993 1407 4049 antistite
1442 3983 1701 4046 Orientis,
1743 3993 1923 4049 neque
1962 3974 2064 4031 sub

490 4100 560 4154 iis
575 4098 666 4167 qui
704 4096 781 4150 illi
806 4094 859 4147 in
894 4090 1364 4146 Antiochenorum
1391 4079 1523 4135 sede
1550 4077 1954 4135 successerunt,
1978 4068 2064 4123 vel

492 4189 775 4244 minimam
797 4179 1279 4254 reprehensionem
1317 4170 1575 4234 sustinui,
1596 4168 1693 4222 sed
1714 4165 1902 4219 divina
1926 4159 2063 4215 mihi

492 4287 823 4350 cooperante
873 4273 1066 4346 gratia,
1122 4283 1289 4337 supra
1327 4264 1476 4318 mille
1514 4260 1724 4316 animas
1776 4251 2070 4309 Marcionis

498 4341 690 4429 morbo
721 4341 972 4430 liberavi,
998 4363 1307 4429 multasque
1340 4355 1475 4410 alias
1509 4369 1576 4407 ex
1594 4350 1717 4406 Arii
1736 4357 1792 4403 et
1815 4341 2070 4400 Eunomii

497 4464 745 4535 partibus
783 4458 851 4514 ad
877 4449 1157 4511 Christum
1187 4448 1480 4506 Dominum
1520 4439 1770 4514 perduxi.
1796 4437 1865 4491 Et
1897 4434 2076 4489 octin-

496 4565 784 4629 gentarum
810 4548 1181 4605 Eeelesiarum
1219 4540 1546 4613 pastoralem
1580 4545 1768 4589 curam
1798 4532 1810 4547 ‘
1847 4526 2075 4581 sortitus
2105 4532 2152 4587 ι)

503 4618 624 4702 sum
645 4663 659 4711 ;
683 4652 762 4698 tot
788 4642 935 4696 enim
965 4638 1139 4709 Cyrus
1154 4634 1322 4687 habet
1337 4627 1629 4700 parmcias,
1649 4623 1702 4676 in
1724 4618 1925 4689 quibus
1947 4630 2073 4685 pre-

501 4753 627 4792 cum
654 4742 962 4789 vestrarum
987 4708 1190 4781 auxilio
1223 4721 1415 4776 lolium
1443 4715 1656 4771 nullum
1693 4708 1944 4764 relictum
1970 4711 2074 4767 est,

503 4830 599 4885 sed
626 4824 883 4882 omnibus
899 4816 1172 4874 hmreticis
1193 4811 1478 4868 erroribus
1500 4820 1630 4877 grex
1649 4811 1838 4856 noster
1858 4803 2079 4865 ereptus

507 4929 610 4977 est.
643 4916 805 4974 Novit
831 4917 925 4983 qui
951 4908 1137 4965 omnia
1165 4901 1454 4972 conspicit,
1493 4906 1628 4967 quot
1658 4891 1867 4963 lapides
1892 4890 1960 4944 ab
1992 4888 2078 4941 in-

511 5012 688 5069 randis
724 5005 998 5063 haereticis
1031 5001 1086 5055 in
1116 5012 1204 5053 me
1248 4995 1527 5063 coniectos
1559 4985 1870 5057 exeeperim
1904 5000 1916 5035 :
1946 4988 2082 5051 quot

514 5103 647 5158 mihi
688 5097 878 5153 multis
911 5094 969 5147 in
995 5090 1228 5146 urbibus
1255 5083 1500 5139 Orientis
1544 5077 1844 5135 certamina
1877 5072 2087 5129 fuerint

513 5196 779 5250 adversus
831 5185 1084 5258 gentiles,
1131 5180 1392 5235 adversus
1427 5174 1667 5237 Iudaeos,
1718 5177 1774 5224 et
1826 5167 2091 5222 adversus

515 5298 762 5341 errorem
791 5255 1008 5334 omnem
1037 5271 1378 5329 haereticum.
1426 5268 1496 5322 Et
1536 5274 1658 5336 post
1699 5269 1882 5315 tantos
1923 5255 2092 5311 sudo—

524 5389 615 5430 res
648 5386 715 5426 ac
751 5368 971 5425 labores
1042 5365 1223 5420 ndicta
1263 5375 1428 5417 causa
1452 5358 1853 5412 condemnatus
1877 5365 2020 5407 sum.

596 5550 669 5604 At
702 5562 804 5617 ego
843 5543 1154 5614 apostolica:
1181 5547 1375 5593 vestrae
1413 5535 1558 5590 sedis
1593 5539 1850 5600 exspecto
1876 5533 2100 5581 senten-

525 5645 679 5706 tiam,
730 5648 787 5693 et
829 5651 926 5691 oro
980 5643 1144 5703 atque
1193 5632 1442 5685 obtestor
1493 5624 1703 5693 1191
1754 5620 2099 5675 sanctitatem

532 5742 701 5795 tuam,
721 5740 783 5784 ut
805 5727 937 5782 mihi
959 5725 1027 5779 ad
1053 5731 1264 5777 rectum
1286 5721 1569 5789 aciustum
1595 5712 1836 5766 tribunal
1858 5718 2103 5764 vestrum

450 5906 456 5910 ε
534 5820 851 5889 provocanti
884 5815 1239 5888 opemﬁferat,
1264 5812 1562 5882 iubeatque
1587 5806 1654 5860 ad
1680 5820 1779 5859 vos
1811 5801 2022 5867 venire,
2051 5809 2106 5855 ct

2085 606 2172 657 ἵνα
2199 603 2276 674 τῷ
2303 601 2461 656 πάθει
2483 601 2578 670 τῆς
2610 601 2744 662 ἰδίας
2770 597 2967 666 σαρκὸς
3004 594 3103 663 τὴν
3129 592 3398 646 ἀπάθειαν
3422 594 3536 655 τοῖς
3581 594 3662 656 εἰς

2087 696 2248 749 αὐτὸν
2284 693 2670 747 πεπιστευκόσι
2695 690 3003 759 χαρίσηται.
3038 684 3245 748 Ταῦτα,
3272 685 3367 738 καὶ
3406 685 3507 737 ὅσα
3537 683 3662 737 τού-

2088 802 2201 849 τοις
2226 786 2343 837 ἐστι
2379 786 2638 854 συγγενῆ,
2663 786 2904 853 περιεῖχε
2932 779 3002 832 τά
3030 779 3352 848 γράμματα.
3390 774 3582 845 Ἦμεῖς
3609 774 3666 827 δέ

2089 877 2187 947 τὴν
2236 877 2612 946 πνευματικήν
2665 891 2758 926 σου
2795 870 2987 941 σοφίαν
3035 869 3436 940 θαυμάσαντες,
3471 866 3571 938 τὴν
3600 866 3668 920 δι’

2093 969 2246 1038 ὑμῶν
2269 967 2648 1036 φθεγξαμένην
2680 964 2773 1017 τοῦ
2812 962 2968 1031 ἁγίου
3002 960 3141 1016 Πνεύ
3151 976 3318 1030 ματος
3350 959 3671 1028 ἀνυμνήσαι
3762 976 3779 1005 ι

2098 1075 2197 1129 μεν
2242 1058 2436 1128 χάριν·
2473 1058 2567 1110 καὶ
2608 1053 3033 1126 παρακαλοῦμεν
3059 1090 3074 1115 ,
3124 1050 3216 1104 καὶ
3262 1047 3672 1118 ἀντιϐολοῦμεν,

2097 1151 2191 1203 καὶ
2226 1147 2460 1218 δεόμεθα
2488 1187 2504 1210 ,
2556 1148 2649 1200 καὶ
2688 1143 3000 1213 ίκετεύομέν
3041 1158 3133 1195 σου
3191 1140 3289 1210 τὴν
3343 1137 3674 1207 ἁγιωσύνην,

2100 1240 2376 1310 ἐπαμῦναι
2410 1243 2528 1304 ταῖς
2560 1239 2653 1292 τοῦ
2675 1235 2809 1290 Θεοῦ
2849 1233 3195 1304 Ἑκκλησίαις
3225 1229 3669 1302 χειμαζομέναις.

2173 1331 2343 1385 Λύσιν
2382 1330 2490 1401 γὰρ
2529 1328 2749 1381 ἔσεσθαι
2779 1324 2875 1379 τοῦ
2909 1324 3175 1385 κλύδωνος
3210 1321 3674 1392 προσδοκήσαντες

2101 1425 2188 1478 διὰ
2213 1423 2320 1477 τῶν
2351 1421 2503 1492 παρά
2525 1422 2622 1490 τῆς
2642 1417 2913 1490 ὑμετέρας
2937 1413 3242 1483 ἁγιωσύνης
3277 1414 3355 1476 είς
3387 1410 3483 1481 τὴν
3509 1411 3644 1478 Ἔφε
3662 1438 3678 1450 -

2109 1530 2205 1567 σον
2252 1511 2664 1566 ἀποσταλέντων
2691 1552 2706 1575 ,
2757 1506 3119 1578 χαλεπωτέρα
3176 1500 3683 1574 περιπεπτὼκαμεν

2108 1604 2268 1678 ζάλῃ.
2330 1606 2388 1659 '0
2436 1604 2542 1675 γὰρ
2574 1604 2672 1673 τῆς
2724 1598 3128 1667 Ἀλεξανδρείας
3172 1595 3511 1656 δικαιότατος
3550 1593 3686 1663 πρό-

2111 1696 2263 1764 εδρος
2293 1698 2395 1750 οὐκ
2439 1693 2680 1765 ἠρκέσθη
2731 1695 2797 1763 τῇ
2822 1691 3009 1761 ἀνόμῳ
3038 1688 3210 1759 ταύτῃ
3243 1685 3339 1739 καὶ
3367 1685 3682 1754 ἀδικωτάτη

2112 1785 2429 1857 καθαιρέσει
2473 1783 2567 1836 τοῦ
2615 1783 2921 1851 ἀγιωτάτου
2981 1780 3075 1832 καὶ
3131 1776 3541 1844 θεοφιλεστάτου
3587 1774 3691 1842 τῆς

2043 1857 2086 1912 Β
2114 1873 2760 1931 Κωνσταντινουπολιτῶν
2787 1871 3089 1925 ἐπισκόπου
3121 1868 3213 1921 τοῦ
3237 1866 3423 1939 κυρίου
3450 1864 3693 1918 ⁴ἱιλσιϐιαι-

2115 1964 2230 2029 νοῦ,
2264 1965 2385 2018 οὐδὲ
2411 1964 2706 2033 ἐνέπλησεν
2735 1960 2899 2015 αὐτοῦ
2924 1960 3013 2013 τὸν
3042 1957 3213 2027 θυμὸν
3241 1957 3348 2010 τῶν
3374 1956 3549 2010 ἄλλων
3577 1957 3699 2009 ἐπι-

2119 2057 2338 2111 σκόπων
2358 2056 2392 2125 ὴ
2423 2052 2781 2125 παραπλησία
2803 2053 2983 2119 σφαγή
3006 2066 3019 2077 ·
3046 2048 3181 2102 ἀλλὰ
3203 2047 3346 2116 κάμὲ
3374 2045 3465 2099 τὸν
3486 2044 3698 2097 ἀπόντα

2119 2149 2321 2221 ὁμοίως
2352 2147 2585 2217 καλάμῳ
2612 2143 2969 2212 κατέσφαξεν,
2993 2140 3117 2194 οὔτε
3142 2140 3374 2202 καλέσας
3401 2139 3480 2200 είς
3503 2136 3700 2205 κριτή-

2126 2260 2260 2314 ριον,
2293 2238 2418 2293 οὔτε
2444 2239 2684 2310 παρόντα
2711 2236 2924 2309 κρίνας,
2953 2235 3054 2287 οὐκ
3075 2233 3356 2303 ἐρωτήσας
3376 2230 3498 2283 τίνα
3517 2226 3702 2298 φρονῶ

2124 2335 2254 2405 περὶ
2282 2333 2383 2402 τῆς
2428 2330 2521 2385 τοῦ
2568 2328 2702 2383 Θεοῦ
2748 2329 2844 2381 καὶ
2877 2326 3125 2396 Σωτῆρος
3155 2326 3187 2395 ἡ
3199 2323 3313 2393 μῶν
3347 2319 3704 2392 ὲνανθρωπή-

2128 2442 2287 2488 σεως.
2320 2422 2433 2477 Καὶ
2460 2422 2583 2485 τοὺς
2617 2420 2717 2491 μὲν
2751 2418 3129 2489 ἀνδροφόνους,
3159 2416 3250 2469 καὶ¹
3287 2411 3703 2484 τυμϐωρύχους,

2129 2517 2224 2571 καὶ
2245 2518 2371 2578 τοὺς
2389 2513 2489 2578 τὰς
2506 2510 2788 2583 ἀλλοτρίας
2805 2510 3142 2580 συλήσαντας
3163 2505 3342 2569 εὐνὰς.
3359 2505 3420 2557 ού
3442 2504 3708 2574 πρότερον

2131 2607 2550 2677 κατακρίνουσιν
2602 2606 2652 2657 οἱ
2703 2602 3051 2667 δικάζοντες,
3100 2600 3205 2660 ἕως
3245 2597 3376 2668 ἂνῆ
3425 2596 3578 2650 αὐτοὶ
3608 2593 3710 2655 τὰς

2132 2697 2468 2769 κατηγορίας
2500 2698 2620 2759 ταῖς
2644 2693 2955 2764 ὁμολογίαις
2987 2691 3330 2760 κυρώσωσιν,
3362 2687 3395 2757 ἢ
3424 2687 3552 2756 παρ’
3587 2684 3711 2737 ἐτέ-

2138 2806 2246 2859 ρων
2269 2785 2513 2857 ἐναργῶς
2537 2781 2884 2853 ὲλεγχθῶσιν.
2930 2779 3107 2849 Ἠμᾶς
3139 2777 3197 2830 δὲ
3223 2778 3251 2829 ὁ
3281 2777 3393 2837 τοῖς
3428 2772 3594 2841 ¹θείοις
3621 2771 3714 2823 νό-

2140 2896 2262 2952 μοις
2304 2876 2743 2946 ἐντεθραμμένος
2792 2873 2952 2925 πέντε
2981 2871 3073 2923 καὶ
3117 2867 3413 2939 τριάκοντα
3455 2862 3715 2933 σταθμοῖς

2137 2972 2511 3041 ἀφεστηκότας
2545 2967 2865 3037 κατέκρινεν
2899 2965 2974 3027 ὡς
3006 2960 3260 3033 ἠθέλησε.
3306 2958 3418 3011 Καὶ
3457 2955 3616 3009 τοῦτο
3653 2955 3716 3005 οὐ

2141 3063 2237 3116 νῦν
2270 3062 2430 3131 μόνον
2465 3058 2786 3125 πεποίηκεν,
2814 3055 2950 3109 ἀλλά
2982 3053 3076 3106 καὶ
3111 3052 3308 3121 πέρυσι
3340 3048 3480 3120 μετά
3501 3046 3593 3101 δύο
3624 3048 3720 3100 ἄν-

2145 3152 2277 3223 δρας
2331 3149 2440 3203 τῶν
2495 3148 2593 3219 τὴν
2679 3144 3055 3215 Ἀπολιναρίου
3108 3145 3266 3197 νόσον
3324 3139 3723 3209 εἰσδεξαμένων

2148 3245 2330 3296 ἐκεῖσε
2357 3239 2686 3311 δραμόντας,
2719 3239 2813 3290 καὶ
2845 3234 3208 3302 συκοφαντίας
3242 3230 3361 3285 καθ’
3394 3230 3550 3301 ἡμῶν
3582 3230 3726 3298 ὑφή-

2146 3350 2365 3396 ναντας,
2405 3331 2645 3393 ἀναστὰς
2700 3331 2786 3382 ἐπ’
2816 3325 3110 3396 ἐκκλησίας
3162 3323 3312 3393 ἡμᾶς
3343 3319 3723 3388 ἁνεθεμάτισε·

2150 3423 2246 3476 καὶ
2274 3420 2448 3475 ταῦτα
2476 3417 2611 3488 ἐμοῦ
2634 3415 2944 3485 γράψαντος
2972 3413 3106 3483 πρὸς
3146 3409 3328 3473 αὑτὸν,
3360 3409 3454 3461 καί⁵
3482 3405 3517 3459 ἃ
3544 3404 3729 3474 φρονῶ

2149 3512 2238 3566 διὰ
2262 3509 2605 3583 γραμμάτων
2627 3507 2983 3577 δηλώσαντος.

2236 3602 2381 3669 Ἐγὼ
2411 3602 2469 3655 δὲ
2503 3600 2765 3671 ὀδύρομαι
2796 3599 2893 3669 μὲν
2919 3595 3019 3664 τῆς
3054 3590 3376 3662 Ἑκκλησίας
3403 3588 3495 3641 τὸν
3525 3584 3734 3640 κλύδω-

2156 3713 2243 3760 να,
2274 3695 2374 3764 τὴν
2411 3692 2467 3744 δὲ
2493 3690 2719 3762 ἡσυχίαν
2765 3687 3104 3757 ἀσπάζομαι.
3145 3684 3243 3750 Ἓξ
3283 3683 3390 3752 γάρ
3425 3680 3520 3735 καὶ
3558 3678 3736 3731 εἴκοσι

2160 3787 2252 3855 ἐτη
2282 3784 2379 3855 τὴν
2410 3779 2842 3853 ἐγχειρισθεῖσάν
2886 3796 2976 3850 μοι
3014 3778 3162 3848 παρὰ
3186 3776 3279 3830 τοῦ
3306 3774 3441 3828 Θεοῦ
3465 3774 3570 3827 τῶν
3596 3771 3740 3824 ὅλων

2179 3876 2506 3946 Ἐκκλησίαν
2545 3873 2726 3935 ἰθύνας
2752 3871 2839 3925 διὰ
2862 3870 2961 3933 τὰς
2993 3869 3262 3939 ὑμετέρας
3293 3865 3480 3935 εὐχὰς,
3517 3863 3617 3916 οὐκ
3644 3862 3743 3925 ἐπὶ

2162 3967 2255 4021 τοῦ
2283 3963 2698 4035 μακαριωτάτου
2726 3959 2977 4014 Θεοδότου
3012 3958 3104 4011 τοῦ
3131 3958 3229 4027 τῆς
3271 3952 3559 4020 Ἀνατολῆς
3602 3966 3745 4020 προ-

2166 4060 2340 4129 έδρου,
2371 4058 2470 4109 ούκ
2498 4055 2590 4107 ἐπὶ
2612 4051 2719 4105 τῶν
2760 4053 2874 4121 μετ’
2912 4053 3139 4115 ἐκεῖνον,
3172 4047 3279 4102 τῶν
3307 4046 3396 4099 τὸν
3425 4043 3748 4113 Ἀντιοχέων

2166 4146 2561 4216 διαδεξαμένων
2600 4143 2809 4213 θρόνον,
2837 4143 2935 4211 τὴν
2975 4139 3242 4210 τυχοῦσαν
3284 4136 3487 4207 μέμψιν
3516 4133 3750 4202 ὑπέμει-

2169 4259 2255 4306 να,
2274 4239 2407 4293 am
2429 4237 2529 4306 τῆς
2553 4236 2699 4297 θείας
2724 4251 2812 4303 μοι
2830 4234 3051 4304 χάριτος
3071 4229 3505 4300 συνεργησάσης,
3530 4225 3754 4283 πλείους

2175 4335 2275 4404 μὲν
2308 4332 2341 4402 ἢ
2377 4332 2552 4403 χιλίας
2573 4327 2751 4399 ψυχὰς
2779 4325 3130 4396 ἠλευθέρωσα
3157 4322 3256 4391 τῆς
3298 4319 3623 4389 Μαρκίωνος
3660 4316 3755 4367 νό-

2178 4447 2295 4494 σου,
2331 4428 2555 4490 πολλοὺς
2582 4425 2638 4478 δὲ
2666 4422 2861 4485 ἄλλους
2888 4421 2954 4472 ἐκ
2982 4419 3081 4488 τῆς
3127 4415 3338 4487 Ἀρείου
3366 4413 3460 4466 καὶ
3487 4408 3757 4479 Εὑνομίου

2183 4519 2495 4591 συμμορίας
2531 4515 2881 4587 προσήγαγον
2911 4509 2990 4579 τῷ
3032 4506 3278 4576 Δεσπότῃ
3300 4501 3547 4575 Χριστῷ
3574 4498 3668 4552 καὶ
3694 4497 3759 4548 ἐν

2180 4610 2528 4672 ὀκτακοσίαις
2559 4603 2909 4671 Ἐκκλησίαις
2934 4597 3124 4668 ἔλαχον
3138 4597 3442 4665 ποιμαίνειν
3464 4588 3763 4650 ’τοσαύτας

2186 4704 2294 4773 γὰρ
2317 4704 2347 4772 ἡ
2374 4700 2587 4771 Κύρῤος
2622 4693 2911 4766 παροικίας
2934 4691 3065 4760 ἔχει,
3091 4690 3150 4741 ἐν
3183 4681 3269 4750 αἷς
3313 4684 3432 4738 οὐδὲ
3465 4682 3522 4735 ἓν
3545 4680 3631 4733 διὰ
3656 4678 3767 4743 τὰς

2193 4794 2466 4865 ὑμετέρας
2522 4788 2685 4857 εύχάς
2732 4784 3011 4857 μεμένηκε
3065 4778 3337 4844 ζιζάνιον’
3390 4774 3524 4829 ἀλλὰ
3578 4772 3769 4842 πάσης

2196 4863 2479 4955 αίρετικῆς
2502 4877 2871 4949 ὴλευθέρωται
2901 4872 3106 4941 πλάνης
3122 4871 3183 4922 τὸ
3204 4869 3470 4940 ἡμέτερον
3493 4863 3767 4934 ποίμνιον.

2198 4974 2348 5031 Οἶδεν
2378 4974 2405 5025 ὁ
2435 4973 2610 5025 πάντα
2649 4967 2861 5038 ἐφορῶν
2896 4965 3094 5026 πόσους
3133 4959 3399 5029 ἐδεξάμην
3439 4957 3619 5018 λίθους
3660 4955 3774 5009 ὑπὸ

2178 5069 2305 5125 τῶν
2340 5062 2669 5132 δυσωνύμων
2709 5060 2828 5114 κατ’
2877 5057 3012 5126 ἐμοῦ
3058 5052 3409 5124 πεμφθέντας
3454 5046 3774 5117 αἱρετικῶν,

2198 5163 2396 5221 πόσους
2422 5160 2478 5211 ἐν
2501 5157 2620 5217 ταῖς
2658 5153 2868 5207 πλείοσι
2894 5152 2994 5220 τῆς
3038 5144 3326 5212 Ἀνατολῆς
3369 5139 3588 5193 πόλεσιν
3615 5135 3779 5205 ἔσχον

2196 5251 2413 5320 ἀγῶνας
2437 5248 2572 5318 πρὸς
2597 5244 2885 5315 Ἕλληνας,
2914 5239 3051 5311 πρὸς
3095 5232 3402 5296 Ἰουδαίους,
3430 5227 3563 5299 πρὸς
3597 5228 3783 5279 πᾶσαν

2200 5316 2413 5412 πλάνην
2443 5316 2751 5409 αίρετικήν.
2787 5333 2896 5387 Καὶ
2929 5329 3069 5401 μετὰ
3096 5324 3384 5386 τοσούτους
3419 5318 3649 5389 ἱδρῶτας
3681 5316 3787 5368 καὶ

2206 5434 2400 5495 πόνους
2431 5430 2506 5500 μὴ
2537 5425 2897 5494 δικασάμενος
2925 5416 3275 5489 κατεκρίθην.

2292 5496 2443 5590 Ἐγὼ.
2459 5496 2515 5573 δέ
2560 5518 2653 5571 τοῦ
2690 5511 3046 5570 ἀποστολικοῦ
3084 5507 3237 5579 ὑμῶν
3276 5505 3464 5577 θρόνου
3500 5496 3790 5569 περιμένω

2212 5613 2309 5682 τὴν
2337 5587 2536 5679 ψῆφον·
2566 5606 2663 5660 καὶ
2688 5603 2933 5666 ἱκετεύω,
2970 5600 3062 5653 καί
3085 5595 3348 5651 ἀντιόολῶ
3371 5594 3468 5660 τὴν
3499 5590 3599 5658 σὴν
3627 5588 3698 5653 ἀγ
3709 5587 3793 5638 t6-

2212 5720 2372 5776 τητα,
2402 5697 2679 5769 ἐπαμῦναί
2712 5711 2799 5765 μοι
2827 5695 2889 5746 τὸ
2915 5689 3073 5761 ὀρθὸν
3106 5687 3258 5758 ὑμῶν
3297 5685 3388 5737 καὶ
3421 5681 3629 5734 δίκαιον
3666 5677 3799 5727 ἐπι·-

2217 5793 2535 5863 καλουμένῳ
2584 5788 2887 5860 κριτήριον,
2945 5776 3324 5853 καὶίκελεῦσαι
3368 5772 3597 5843 δραμεῖν
3652 5764 3801 5838 πρὶς
