4056 6454
323 441 474 506 1317

1683 447 2043 507 EPISTULA
2082 445 2292 507 CXIII.

3452 447 3590 516 1313

327 559 483 627 ὑμᾶς
521 553 658 625 (75),
687 554 792 608 ’καὶ
837 554 1101 618 ἐπιδεῖξαί
1143 572 1242 631 μου
1277 557 1376 626 τὴν
1416 557 1768 611 διδασκαλίαν
1803 560 1915 620 τοῖς

2025 557 2322 612 doctrinam
2362 571 2540 612 meam
2589 556 2906 628 apostolicis
2942 559 3189 632 vestigiis
3231 562 3590 621 inhaerentem

325 647 715 710 ἀποπολικοῖς
743 645 948 716 ἴχνεσιν
977 645 1268 717 ἑπομένην.
1290 648 1445 699 Ἐστι
1473 647 1583 717 γάρ
1609 665 1696 718 μοι
1717 646 1785 700 τὰ
1813 649 1912 717 μὲν

329 739 440 809 πρὸ
470 738 639 792 εἴκοσι
667 737 804 790 ἐτῶν
829 737 1314 808 συγγεγραμμένα,
1336 739 1404 792 τὰ
1430 738 1485 791 δὲ
1513 737 1618 808 πρὸ
1643 737 1914 791 ὀκτωκαί-

321 832 490 894 δεκα,
513 829 584 883 τὰ
605 829 663 882 δὲ
691 829 797 899 πρὸ
827 829 1242 891 πεντεκαίδεκα,
1275 829 1343 883 τὰ
1370 830 1425 883 δὲ
1447 829 1552 900 πρὸ
1574 829 1908 891 δυοκαίδεκα,

316 923 402 976 τὰ
431 922 532 993 μὲν
564 921 702 991 πρὸς
732 921 1040 990 Ἀρειανοὺς
1072 923 1165 975 καὶ
1193 923 1578 992 Εὑνομιανοὺς,
1603 922 1670 974 τὰ
1695 922 1751 974 δὲ
1779 921 1914 990 πρὸς

333 1014 637 1078 Ἰουδαίους
661 1014 756 1066 καὶ
781 1015 1072 1083 Ἕλληνας,
1095 1014 1163 1068 τὰ
1188 1015 1245 1067 δὲ
1286 1015 1418 1085 πρὸς
1457 1014 1584 1077 τοὺς
1608 1015 1664 1066 ἐν
1690 1013 1912 1084 Περσίδι

329 1105 574 1177 μάγους,
603 1103 739 1158 ἄλλα
783 1103 912 1175 περὶ
949 1104 1050 1174 τῆς
1079 1103 1306 1157 καθόλου
1344 1103 1624 1176 Προνοίας,
1655 1101 1816 1173 ’έτερα
1857 1101 1914 1154 δὲ

327 1197 470 1265 περὶ
491 1195 768 1262 θεολογίας
814 1196 910 1250 καὶ
937 1196 1035 1264 τῆς
1069 1195 1219 1258 θείας
1249 1195 1730 1264 ἐνανορωπήσεως.
1782 1195 1844 1245 Ἤ
1854 1209 1914 1263 ρ-

331 1282 608 1358 μήνευταί
639 1299 726 1352 μοι
761 1282 848 1334 διὰ
874 1281 970 1352 τὴν
1005 1279 1160 1334 θείαν
1187 1280 1368 1350 χάριν,
1398 1279 1494 1333 καὶ
1526 1279 1594 1331 τὰ
1625 1277 1913 1333 ἀποστολι-

323 1376 413 1432 κὰ
455 1374 887 1444 συγγράμματα,
945 1373 1038 1426 καὶ
1081 1370 1153 1424 τὰ
1200 1369 1512 1442 προφητικὰ
1549 1368 1911 1437 θεσπίσματα.

329 1467 452 1524 Καὶ
495 1466 674 1537 ῥᾴδιον
711 1469 772 1518 ἐκ
815 1463 1016 1516 τούτων
1051 1461 1410 1533 καταμαθεῖν,
1453 1461 1564 1514 εἴτε
1606 1458 1798 1528 ἀκλινῆ
1827 1459 1916 1511 τὸν

319 1557 542 1612 κανόνα
595 1555 696 1626 τῆς
755 1554 988 1618 πίστεως
1045 1555 1380 1624 διετήρησα,
1432 1551 1542 1604 εἴτε
1598 1550 1696 1621 τὴν
1740 1549 1926 1602 τούτου

332 1649 590 1720 παρέϐην
637 1647 926 1716 εὐθύτητα.
963 1645 1126 1699 Ἀλλὰ
1169 1647 1243 1716 μὴ
1298 1643 1628 1713 διαπτύσητέ
1673 1659 1774 1712 μου
1821 1641 1916 1712 τὴν

336 1739 603 1803 ἱκετείαν,
642 1737 966 1809 παρακαλῶ,
1007 1737 1140 1808 μηδὲ
1167 1736 1266 1805 τὴν
1295 1735 1481 1790 ἀθλίαν
1528 1751 1627 1805 μου
1659 1732 1917 1804 παρίδητε

330 1829 537 1884 πολιὰν
563 1829 700 1899 μετὰ
733 1828 950 1893 πολλοὺς
974 1821 1308 1897 ὑϐρισμένην
1332 1825 1634 1894 καμάτους.

2015 649 2326 703 ostendere.
2363 646 2501 704 Sunt
2521 651 2668 704 enim
2696 651 2855 716 mihi,
2887 669 3008 722 qua:
3031 654 3229 723 partim
3265 663 3391 709 ante
3419 670 3592 712 annos

2011 737 2227 809 viginti,
2265 739 2465 808 partim
2511 751 2636 795 ante
2683 741 3010 806 octodecim,
3045 743 3242 812 partim
3273 752 3397 798 ante
3423 745 3590 814 quin-

2015 829 2216 894 decim,
2229 832 2429 900 partim
2447 841 2571 886 ante
2589 832 2876 887 duodecim
2903 835 3115 904 scripsi,
3131 835 3378 904 quazdam
3401 845 3591 890 contra

2013 925 2247 980 Arianos
2275 933 2331 979 et
2357 924 2748 989 Eunomianos,
2785 927 3031 995 quaedam
3063 934 3252 980 contra
3283 926 3502 981 Judzeos
3537 937 3589 980 et

2014 1015 2266 1084 gentiles,
2301 1015 2547 1085 qumdam
2571 1023 2762 1070 contra
2786 1032 2970 1086 magos
2990 1017 3083 1086 qui
3109 1026 3236 1070 sunt
3264 1017 3320 1070 in
3343 1016 3588 1079 Perside,

2015 1108 2121 1162 alia
2165 1107 2233 1162 de
2281 1107 2578 1162 universali
2628 1107 3000 1172 Providentia,
3047 1123 3102 1162 et
3149 1109 3254 1162 alia
3293 1123 3482 1162 rursus
3521 1106 3592 1162 de

2017 1199 2308 1268 theologia,
2327 1199 2504 1268 deque
2521 1199 2705 1253 divina
2737 1200 3132 1254 incarnatione.
3152 1201 3406 1270 Exposita
3423 1202 3592 1257 etiam

2017 1296 2144 1342 sunt
2177 1303 2207 1342 a
2237 1303 2324 1342 me.
2351 1303 2449 1358 per
2472 1287 2714 1342 divinam
2735 1287 2963 1358 gratiam
2994 1296 3108 1341 tum
3141 1287 3439 1356 apostolica
3459 1287 3594 1342 scri—

2014 1389 2126 1448 pta,
2170 1387 2283 1432 tum
2341 1379 2661 1448 prophetica
2701 1379 2943 1432 oracula.
2984 1379 3053 1432 Et
3091 1377 3249 1432 facile
3281 1385 3365 1432 est
3403 1394 3470 1432 ex
3507 1377 3594 1432 his

2015 1485 2378 1540 cognoscere,
2398 1486 2466 1524 an
2499 1470 2749 1525 stabilem
2777 1470 2899 1523 fidei
2935 1471 3174 1539 regulam
3203 1473 3491 1534 servarim,
3523 1487 3594 1525 an

2016 1561 2084 1615 ab
2109 1562 2228 1633 ejus
2261 1561 2591 1616 rectitudine
2625 1561 2962 1615 deﬂexerim.
2991 1561 3097 1615 Sed
3126 1560 3317 1626 nolite,
3339 1561 3592 1626 obsecro,

2017 1653 2290 1724 supplices
2311 1669 2460 1708 meas
2483 1667 2677 1722 preces
2699 1667 2981 1722 respuere,
3005 1667 3108 1706 nec
3131 1653 3388 1706 miseram
3415 1668 3593 1706 meam

2017 1750 2272 1804 canitiem
2307 1759 2432 1820 post
2475 1748 2678 1803 multos
2717 1749 2935 1803 labores
2967 1747 3360 1803 contumeliose
3396 1756 3596 1802 tracta-

2020 1847 2128 1894 tam
2157 1839 2461 1909 despicere.

411 1919 530 1991 Πρὸ
562 1919 618 1974 δὲ
653 1919 896 1981 πάντων,
925 1917 1117 1988 μαθεῖν
1149 1914 1412 1968 ἀντιϐολῶ
1445 1914 1575 1986 παρ’
1607 1911 1780 1984 ὑμῶν,
1808 1912 1918 1965 εἴτε

2090 1932 2228 1987 Ante
2253 1932 2432 1987 omnia
2462 1941 2526 1987 ut
2561 1948 2590 1986 a
2626 1931 2782 1987 vobis
2815 1930 3016 1985 docear
3055 1945 3172 1995 oro,
3203 1945 3272 1984 an
3307 1945 3394 1984 me
3425 1945 3593 1999 opor-

335 2013 450 2084 χρή
484 2029 548 2082 με
576 2011 797 2080 στέρξαι
826 2011 926 2080 τὴν
961 2010 1144 2063 ἄδικον
1180 2007 1384 2079 ταύτην
1425 2006 1765 2076 καθαίρεσιν,
1808 2005 1916 2058 εἴτε

340 2107 444 2176 μήο
477 2105 574 2175 τὴν
597 2102 704 2174 γὰρ
739 2101 1010 2172 ὑμετέραν
1034 2099 1324 2171 προσμένω
1354 2097 1556 2166 ψῆφον.
1591 2097 1711 2150 Κᾶν
1741 2093 1922 2150 κελεύ-

337 2213 480 2268 σητε
513 2197 626 2258 τοῖς
658 2191 1203 2262 καταψηφισαμένοις
1231 2192 1507 2261 ἐμμεῖναι,
1549 2187 1791 2259 ὲμμενῶ,
1827 2187 1922 2240 καὶ

335 2277 521 2344 οὐδενὶ
565 2287 870 2360 ἀνθρώπων
918 2284 1192 2354 ἐνοχλήσω
1230 2282 1437 2344 λοιπὸν,
1485 2281 1618 2335 ἀλλᾶ
1673 2281 1816 2350 μενῶ
1862 2279 1922 2333 τὸ

335 2383 562 2446 ἀκλινὲς
582 2381 677 2435 τοῦ
697 2379 829 2434 Θεοῦ
859 2379 952 2432 καλ.
975 2377 1227 2448 Σωτῆρος
1253 2373 1410 2444 ἡμῶν
1439 2373 1744 2443 κριτήριον.
1769 2371 1922 2439 Ἐμοὶ

336 2476 424 2542 δὲ,
460 2475 535 2538 ὡς
579 2477 607 2528 ὁ
639 2472 913 2543 Δεσπότης
963 2471 1231 2541 μαρτυρεῖ
1263 2467 1414 2530 Θεὸς,
1457 2465 1519 2518 οὑ
1562 2465 1726 2534 τιμῆς
1772 2463 1919 2533 μέλει

340 2568 444 2620 καὶ
481 2565 654 2636 δόξης,
689 2563 825 2617 ἀλλὰ
875 2563 1032 2627 μόνον
1064 2559 1160 2613 τοῦ
1199 2556 1566 2628 γεγενημένου
1599 2555 1915 2608 σκανδάλουο

338 2663 429 2714 ὅτι
465 2659 649 2712 πολλοὶ
674 2655 782 2710 τῶν
822 2653 1224 2720 ἁπλουστέρων,
1253 2651 1347 2704 καὶ
1373 2649 1605 2720 μάλιστα
1628 2649 1678 2700 οἱ
1715 2647 1778 2698 ἐκ
1805 2645 1919 2698 δια-

341 2753 532 2823 φόρων
569 2750 833 2821 αἱρέσεων
866 2747 998 2816 παρ’
1024 2743 1179 2814 ἡμῶν
1218 2741 1616 2814 ζωγρηθέντες,
1641 2736 1718 2808 τῷ
1748 2737 1922 2808 θρόνῳ

289 2890 300 2905 ,
340 2841 460 2896 τῶν
505 2838 956 2910 κατακρινὰντων
1003 2835 1380 2904 προσέχοντες,
1440 2829 1748 2902 αἱρετικοὺς
1792 2827 1922 2890 ἴσως

339 2932 498 3002 ἡμᾶς
555 2929 959 2999 ὑπολήψονται,
1013 2926 1112 2996 τὴν
1171 2924 1264 2978 τοῦ
1313 2924 1577 2994 δόγματος
1639 2920 1922 2992 ἀκρίϐειαν

340 3021 588 3076 κατιδεῖν
632 3021 694 3073 οὑ
733 3019 1041 3086 δυνάμενοι.
1073 3016 1194 3069 Ὀτι
1222 3015 1277 3067 δὲ
1306 3013 1418 3083 (76)
1454 3011 1704 3066 τοσοῦτον
1734 3009 1923 3081 χρόνον

342 3113 779 3176 ἒπισκοπεύσας,
825 3111 924 3163 οὐκ
971 3108 1148 3162 οἰκίαν
1207 3105 1546 3176 ἐκτησάμην,
1593 3104 1695 3156 οὑκ
1735 3101 1923 3172 ἀγρὸν,

343 3205 451 3258 οὑκ
485 3202 690 3266 ὀϐολὸν,
769 3200 828 3251 οὐ
889 3199 1080 3268 τάφον,
1120 3196 1258 3251 ἀλλὰ
1295 3197 1396 3266 τὴν
1433 3195 1750 3266 αὐθαίρετον
1811 3193 1924 3262 (77)

343 3296 688 3368 ἡσπασὰμην
718 3293 929 3354 πενίαν,
977 3291 1074 3344 καὶ
1111 3290 1176 3342 τὰ
1229 3289 1378 3360 παρὰ
1417 3287 1526 3341 τῶν
1565 3286 1814 3357 πατέριον
1846 3285 1926 3347 εἰς

346 3389 500 3460 ἡμᾶς
558 3387 780 3440 ἐλθόντα
834 3383 970 3454 μετὰ
1024 3382 1125 3451 τὴν
1189 3382 1410 3434 ἐκείνων
1467 3377 1720 3446 τελευτὴν
1766 3375 1926 3438 εὐθὺς

345 3478 634 3548 διανείμας
661 3517 675 3542 ,
735 3476 913 3528 ἴσασιν
963 3477 1202 3534 ἅπαντες
1254 3473 1303 3524 oi
1361 3468 1460 3540 τὴν
1497 3467 1668 3537 Ἐᾠαν
1717 3465 1927 3518 οἰκοῦν-

347 3589 466 3624 τες.

428 3661 539 3732 Πρὸ
575 3659 632 3712 δὲ
675 3657 913 3722 πάντων,
948 3651 1172 3707 ἱκετεύω
1207 3651 1305 3720 τὴν
1337 3649 1487 3721 ἱερὰν
1523 3648 1674 3720 ὑμῶν
1717 3648 1809 3700 καὶ
1849 3647 1926 3718 τῷ

349 3752 474 3822 Θεῷ
509 3752 669 3822 φίλην
695 3749 958 3820 κεφαλὴν,
999 3746 1301 3817 παρασχεῖν
1337 3760 1427 3812 μοι
1467 3741 1574 3796 τῶν
1609 3739 1928 3812 προσευχῶν

349 3845 452 3916 τὴν
477 3843 750 3914 βοήθειαν.
781 3839 966 3892 Ταῦτα
1002 3837 1090 3890 διὰ
1125 3837 1234 3889 τῶν
1261 3833 1670 3888 εὐλαϐεστάτων
1698 3832 1792 3885 καὶ
1813 3832 1929 3884 οεο-

353 3933 690 4004 φιλεστάτων
733 3923 1120 4002 πρεσϐυτέρων
1162 3925 1419 3979 Ὑπατίου
1475 3925 1570 3977 καὶ
1629 3923 1926 3994 Ἀδραμίου

349 4025 466 4080 τῶν
497 4022 948 4096 χωρεπισκόπων,
985 4019 1078 4073 καὶ
1118 4017 1373 4072 Ἀλυπίου
1423 4015 1517 4068 τοῦ
1554 4013 1784 4085 ἐξάρχου
1817 4015 1927 4068 τῶν

352 4116 488 4187 παρ’
515 4117 647 4186 ἡμῖν
688 4112 1024 4184 μοναζὸντων
1055 4111 1154 4182 τὴν
1189 4109 1460 4180 ὑμετέραν
1486 4107 1794 4176 ἁγιωσύνην
1820 4107 1921 4160 ὲδί-

351 4208 509 4274 δαξαο
541 4206 838 4276 ἐπειδήπερ
869 4203 968 4274 ἐμὲ
993 4202 1220 4274 δραμεῖν
1255 4201 1392 4273 πρὸς
1423 4201 1566 4271 ὑμᾶς
1595 4200 1663 4254 τὰ
1693 4199 1800 4253 τῶν
1829 4199 1927 4271 βα-

355 4297 582 4352 σιλικῶν
631 4295 976 4368 γραμμάτων
1019 4293 1215 4362 ἐπέσχε
1271 4291 1466 4362 δεσμὰ,
1513 4289 1797 4362 ὠσπεροῦν
1835 4292 1931 4344 καὶ

351 4390 484 4452 τοὺς
519 4387 734 4452 ἄλλους.
763 4387 873 4440 Καὶ
899 4382 1199 4458 παρακαλῶ
1229 4383 1327 4454 τὴν
1359 4382 1628 4452 ὑμετέραν
1651 4381 1924 4452 ὁσιότητα,

355 4478 456 4530 καλ⁸
501 4475 628 4529 ἰδεῖν
665 4475 860 4538 αὐτοὺς
897 4471 1200 4544 πατρικῶς,
1243 4471 1338 4524 καὶ
1376 4471 1474 4534 τὰς
1502 4471 1738 4534 ἀκλινεῖς
1775 4470 1927 4541 ὑμῶν

2024 2031 2135 2078 teat
2159 2023 2212 2077 in
2241 2023 2342 2078 hac
2363 2023 2564 2094 injusta
2589 2021 2928 2092 depositione
2951 2021 3326 2090 acquiescere,
3351 2035 3418 2072 an
3440 2033 3549 2072 non
3575 2036 3590 2072 :

2022 2121 2258 2166 vestram
2281 2111 2429 2166 enim
2454 2111 2781 2166 sententiam
2803 2119 3084 2178 exspecto.
3120 2107 3274 2175 Quod
3299 2107 3342 2162 si
3368 2107 3422 2160 in
3441 2106 3594 2178 judi-

2023 2201 2162 2256 catis
2215 2218 2438 2257 manere
2488 2217 2577 2255 me
2619 2200 2917 2272 jusseritis,
2973 2198 3228 2262 manebo,
3275 2213 3453 2267 neque
3497 2197 3598 2271 ulli

2024 2289 2309 2344 hominum
2343 2289 2608 2360 deinceps
2645 2288 2910 2343 molestus
2939 2302 3055 2353 ero,
3103 2287 3202 2342 sed
3247 2297 3461 2341 rectum
3497 2285 3597 2340 Dei

2024 2380 2432 2452 Salvatorisque
2472 2381 2648 2436 nostri
2677 2381 2950 2452 judicium
2976 2378 3327 2449 exspectabo.
3354 2377 3438 2432 Me
3471 2375 3598 2446 qui-

2023 2471 2170 2536 dem,
2211 2473 2368 2528 testis
2406 2481 2488 2527 est
2520 2471 2782 2526 Dominus
2821 2472 2986 2537 Deus,
3038 2470 3264 2524 honoris
3313 2477 3368 2523 et
3409 2467 3602 2540 gloria:

2023 2578 2154 2616 cura
2187 2579 2298 2616 non
2331 2563 2534 2633 tangit,
2571 2562 2666 2616 sed
2701 2560 2941 2616 scandali
2976 2559 3122 2630 quod
3165 2559 3424 2630 injectum
3457 2567 3541 2612 est
3581 2575 3594 2610 :

2022 2653 2150 2723 quia
2185 2653 2341 2707 multi
2379 2669 2408 2708 e
2449 2650 2898 2722 simplicioribus,
2947 2659 3112 2720 atque
3139 2650 3176 2703 ii
3211 2649 3468 2712 maxime,
3501 2649 3597 2719 qui

2022 2760 2088 2798 ex
2111 2744 2346 2799 diversis
2370 2743 2674 2798 haeresibus
2702 2759 2869 2814 opera
2893 2753 3083 2798 nostra
3113 2751 3480 2807 emerserunt,
3507 2758 3597 2796 se-

2023 2835 2146 2888 dem
2179 2834 2398 2887 illorum
2425 2833 2519 2902 qui
2547 2833 2986 2886 condemnarunt
3019 2831 3388 2897 attendentes,
3427 2831 3599 2886 haere-

2023 2925 2162 2980 ticos
2189 2939 2290 2978 nos
2323 2922 2554 2978 fortasse
2589 2923 3002 2988 existimabunt,
3028 2938 3151 2977 cum
3173 2921 3443 2992 dogmatis
3469 2937 3597 2992 pcr-

2024 3015 2316 3070 l‘ectionem
2347 3014 2659 3085 perspicere
2682 3030 2791 3069 non
2825 3015 3054 3084 possint.
3091 3013 3304 3084 1192
3333 3011 3600 3082 Quodque

2025 3109 2339 3178 episcopatu
2367 3115 2447 3161 tot
2473 3109 2632 3162 annis
2648 3117 2822 3179 gesto,
2843 3123 2952 3162 non
2979 3106 3201 3160 domum
3225 3105 3600 3176 acquisierim,

2027 3215 2135 3252 non
2160 3213 2371 3268 agrum,
2397 3214 2507 3252 non
2539 3197 2783 3262 obolum,
2806 3213 2916 3252 non
2951 3197 3288 3267 sepulcrum,
3313 3197 3408 3252 sed
3433 3211 3602 3266 spon-
3633 3254 3640 3262 ,

2029 3295 2242 3340 laneam
2283 3288 2303 3308 θ
2336 3295 2714 3356 paupertatem
2753 3289 3035 3357 amplexus
3071 3288 3196 3348 sim,
3231 3296 3289 3343 et
3315 3304 3380 3344 ea
3419 3305 3540 3359 qua).
3572 3306 3604 3344 a

2027 3377 2348 3446 parentibus
2365 3378 2432 3432 ad
2457 3393 2560 3432 nos
2578 3388 2960 3449 pervenerant,
2984 3389 3108 3450 post
3130 3379 3348 3434 illorum
3369 3391 3600 3437 mortem

2025 3464 2211 3518 statim
2245 3465 2644 3532 distribuerim,
2678 3467 2860 3522 sciunt
2897 3481 3086 3522 omnes
3116 3468 3210 3538 qui
3257 3469 3509 3526 habitant
3546 3471 3602 3525 in

2027 3551 2270 3611 Oriente.

2097 3649 2216 3702 Prae
2245 3647 2502 3704 omnibus
2543 3658 2726 3705 autem
2758 3665 2974 3705 sacrum
2997 3652 3218 3723 Deoque
3249 3651 3474 3706 charum
3506 3669 3602 3708 ca-

2027 3749 2128 3810 pnt
2174 3748 2416 3796 vestrum
2462 3741 2719 3807 obsecro,
2759 3751 2819 3796 ut
2859 3743 3121 3812 precibus
3159 3743 3293 3798 mihi
3347 3759 3506 3814 opem
3546 3754 3606 3799 ct

2029 3831 2293 3887 auxilium
2344 3830 2504 3888 ferat.
2543 3831 2669 3888 Πευο
2706 3849 2806 3903 per
2843 3835 3336 3892 reverendissimos
3377 3837 3604 3908 Deoquc

2027 3923 2382 3978 charissimos
2424 3925 2795 3996 presbyteros,
2855 3925 3150 3997 Hypatium
3190 3935 3246 3981 et
3283 3928 3606 3983 Abramium

2029 4017 2476 4086 chorepiscopos,
2518 4029 2573 4071 et
2611 4017 2865 4088 Alypium
2907 4019 3304 4074 monachorum
3336 4019 3430 4090 qui
3459 4021 3606 4090 apud

2027 4121 2132 4160 nos
2185 4114 2313 4159 sunt
2365 4106 2663 4160 exarchum
2723 4105 3002 4160 sanctitati
3051 4114 3248 4161 vestra:
3298 4109 3543 4177 suggessi
3587 4125 3604 4161 :

2029 4195 2476 4266 quandoquidem
2521 4213 2591 4251 ne
2637 4197 2704 4250 ad
2743 4212 2842 4250 vos
2890 4196 3280 4251 contenderem
3329 4198 3606 4267 regiarum

2029 4287 2340 4342 litterarum
2381 4287 2598 4342 vincula
2636 4288 3008 4352 retinuerunt,
3049 4288 3510 4358 quemadmodum
3546 4299 3606 4345 et

2030 4378 2184 4434 alios.
2213 4379 2280 4434 Et
2311 4379 2658 4434 sanctitatem
2692 4389 2929 4434 vestram
2955 4395 3074 4444 oro,
3110 4389 3169 4434 ut
3193 4388 3249 4434 et
3273 4388 3500 4450 paterno
3521 4381 3606 4436 af-

2031 4469 2177 4524 fectu
2227 4470 2350 4525 illos
2397 4471 2604 4534 videat,
2656 4479 2710 4525 et
2747 4450 2988 4524 sinceras
3037 4485 3202 4525 aures
3251 4479 3464 4527 vestras
3497 4472 3609 4527 illis

355 4565 530 4629 ἀκοὰς
563 4566 813 4636 εὐμενεῖς
855 4567 1038 4628 αὐτοῖς
1075 4565 1398 4636 παρασχεῖν,
1433 4562 1527 4616 καὶ
1563 4562 1623 4616 τὸ
1662 4580 1922 4633 συκοφαν-

2032 4561 2297 4632 benignas
2351 4560 2612 4631 praebeat,
2651 4569 2706 4616 ct
2755 4560 3046 4616 calumniis
3083 4568 3332 4616 vexatam
3375 4576 3439 4616 ac
3485 4561 3608 4616 sine

354 4658 622 4726 τούμενον
659 4657 752 4714 καὶ
802 4655 978 4726 μάτην
1037 4653 1440 4725 πολεμούμενόν
1488 4671 1588 4725 μου
1623 4653 1802 4724 γῆρας
1829 4655 1928 4724 τῆς

356 4746 633 4815 ὑμετέρας
669 4743 898 4810 ἀξιῶσαι
933 4743 1279 4814 κηδεμονίας,
1319 4743 1416 4796 καὶ
1444 4743 1550 4814 πρὸ
1587 4743 1805 4797 πάντων
1835 4743 1931 4815 τῆς

355 4835 886 4906 ἐπιϐεϐουλευμένης
919 4835 1154 4899 πίστεως
1198 4836 1362 4890 παντὶ
1409 4835 1580 4889 σθένει
1629 4835 1930 4906 φροντίσαι,

357 4927 458 4980 καὶ
507 4927 738 4996 φυλάξαι
782 4930 902 4991 ταῖς
931 4925 1277 4996 Ἐκκλησίαις
1311 4927 1401 4980 τὸν
1445 4927 1694 4998 πατρῷον
1735 4927 1934 4996 κλῆρον

355 5019 660 5090 ἀκήρατον·
698 5018 786 5072 ἵνα
817 5017 910 5071 καὶ
939 5017 1036 5080 τὰς
1065 5017 1184 5070 ἀντὶ
1215 5017 1418 5070 τούτων
1452 5017 1751 5081 ἀντιδόσεις
1779 5017 1934 5088 δέξη-

355 5124 452 5164 ται
487 5107 640 5178 ὑμῶν
680 5111 716 5179 ἡ
749 5109 971 5178 ἁγιότης
1011 5107 1160 5177 παρὰ
1188 5105 1282 5160 τοῦ
1314 5105 1687 5178 μεγαλοδώρου
1731 5105 1934 5159 Δεσπό-

356 5218 483 5258 του.

439 5352 552 5426 (7,5)
581 5357 711 5424 παρ’
747 5355 843 5424 ὑμ.
872 5354 1042 5426 Neap.

443 5421 549 5496 ξπ)
581 5421 796 5496 δέᾼῂοει
837 5426 920 5478 ὅτι
974 5421 1161 5496 aberat
1200 5438 1231 5477 a
1272 5421 1435 5496 εἰναι.
1481 5421 1574 5490 qui
1613 5421 1939 5496 paulopost

355 5490 604 5550 habebat
633 5490 710 5556 ὥς
747 5496 947 5548 ἴσασιν.
1003 5493 1316 5548 Lectionem
1371 5491 1540 5560 Neap.
1584 5499 1641 5544 et
1691 5490 1934 5546 Vatican.

357 5564 509 5634 apud
534 5564 836 5634 ilict-vetant
863 5572 920 5634 et
948 5563 1146 5634 Baron.
1178 5562 1294 5632 ipse
1333 5575 1528 5634 sensus
1554 5561 1812 5634 postulat.

435 5631 552 5704 (77)
597 5631 736 5690 Cum
776 5633 913 5689 vitio
958 5631 1364 5702 typothetarum
1413 5631 1708 5686 exeidiSset
1758 5639 1940 5684 extre-

2032 4668 2198 4707 eausa
2221 4651 2592 4724 impugnatam
2619 4659 2956 4707 senectutem
2990 4667 3166 4706 meam
3195 4652 3379 4708 studio
3399 4660 3455 4708 et
3480 4669 3610 4722 pro-

2033 4744 2275 4799 videntia
2299 4753 2480 4800 vestra
2510 4743 2786 4816 dignetur,
2825 4753 2939 4798 tum
2974 4754 3101 4799 ante
3139 4745 3322 4800 omnia
3358 4745 3483 4800 ﬁdei
3520 4745 3609 4800 in-

2033 4835 2192 4890 sidiis
2224 4836 2478 4906 appetita:
2499 4851 2662 4905 quam
2685 4835 2977 4890 maximam
3004 4843 3185 4906 potest
3210 4851 3398 4891 curam
3432 4845 3613 4906 gerat,

2033 4935 2429 4997 paternamque
2471 4927 2843 4982 hereditatem
2891 4927 3153 4982 Ecclesiis
3196 4927 3462 4998 integram
3510 4943 3610 4982 cu-

2038 5017 2260 5082 stodiat,
2297 5025 2358 5073 ut
2390 5033 2490 5088 pro
2515 5017 2602 5073 his
2634 5018 2800 5091 etiam
2831 5000 3048 5086 paratas
3081 5017 3554 5072 remunerationes
3579 5033 3613 5072 a

2039 5108 2298 5164 muniﬁco
2343 5119 2398 5164 et
2444 5109 2661 5164 liberali
2699 5108 2934 5163 Domino
2987 5109 3248 5164 sanctitas
3297 5116 3478 5165 vestra
3523 5123 3609 5162 rc-

2040 5199 2226 5266 cipiat.

2041 5351 2367 5422 mumverbi
2400 5353 2720 5422 αὐθαίρετον
2743 5362 2798 5408 et
2826 5355 3044 5409 initium
3073 5354 3361 5422 sequentis
3381 5353 3609 5422 ἠσπαση

2039 5436 2161 5490 quae
2195 5420 2349 5478 facile
2379 5420 2576 5477 sarciri
2613 5425 2972 5492 conjectando
3019 5420 3288 5492 poterant,
3322 5421 3370 5492 si
3398 5420 3616 5492 νει-ῳ.

2039 5488 2340 5546 ruissemus
2394 5493 2664 5546 beneﬁcio
2715 5488 2918 5547 codicis
2959 5488 3434 5552 V'indobonensis;
3489 5488 3612 5542 Bal-

2040 5559 2224 5680 lqrinii
2254 5563 2396 5617 male
2426 5563 2821 5633 rescripseram
2863 5562 2999 5616 ἀλλὰ
3030 5561 3126 5630 τὴν
3165 5559 3475 5630 αὐτομάτην
3518 5575 3615 5613 πε·-

2043 5646 2071 5680 ν
2095 5645 2186 5680 αν-

2043 5645 2160 5683 νιαν
2173 5673 2186 5686 .
