4072 6416
476 409 607 475 I319

1512 408 1996 471 THEODORETI
2037 411 2373 470 EPISCOPI
2413 410 2776 472 CYRENSIS

3592 400 3728 462 13Ξο

1333 534 1496 589 CXIII
1528 538 1622 590 bis.
1657 567 1726 574 -—
1761 537 1870 606 (78)
1903 552 1948 589 s.
1983 550 2164 590 Laesus
2194 552 2334 590 ΡΛΡΑΞ
2363 553 2426 590 AD
2456 551 2854 590 THEODOBETUM.

546 675 757 745 1193
793 674 1156 728 Dilectissimo
1193 672 1344 728 fratri
1384 674 1721 730 Theodorito
1749 677 2040 746 episeopo,
2071 684 2113 735 Α
2142 694 2252 731 non
2296 679 2616 743 crediderit,
2655 677 3112 733 condemnabitur
3143 679 3208 730 ὀ.
3243 695 3261 728 ι
3315 676 3457 734 Solis
3491 680 3723 749 justttim

469 767 582 823 Leo
618 768 929 836 episcopus.

541 859 932 913 Remeantibus
991 857 1058 911 ad
1130 873 1232 912 nos
1297 855 1562 912 fratribus
1624 866 1680 911 et
1754 873 2040 912 consacer-

469 950 690 1005 dotibus
723 951 950 1012 nostris,
989 966 1127 1019 quos
1161 950 1228 1003 ad
1263 957 1512 1003 sanctum
1555 948 1856 1003 concilium
1885 947 2043 1002 sedes

471 1043 613 1096 beati
668 1042 813 1096 Petri
865 1041 1086 1105 direxit,
1136 1041 1458 1110 agnovimus
1501 1040 1848 1093 dilectionem
1894 1047 2042 1090 tuam

467 1147 706 1201 superno
755 1132 1030 1202 adjutorio
1079 1131 1365 1184 nobiseum
1410 1139 1516 1184 tam
1555 1130 1889 1183 Nestorianaa
1936 1129 2040 1180 im-

464 1223 708 1292 pietatis,
751 1238 916 1291 quam
953 1222 1306 1292 Eutychianaa
1355 1223 1609 1286 vesaniae,
1651 1222 1922 1275 exstitisse
1958 1221 2042 1274 vi-

467 1311 715 1365 ctricem.
745 1310 898 1366 Unde
922 1311 1219 1379 gloriamur
1248 1311 1302 1363 in
1327 1311 1555 1363 Domino
1575 1351 1588 1373 ,
1615 1325 1740 1363 cum
1768 1309 2042 1378 Propheta

467 1412 729 1457 canentes
756 1421 768 1454 :
803 1423 820 1452 ‹
848 1403 1195 1472 Adjutorium
1218 1413 1466 1456 nostrum
1490 1404 1544 1456 in
1565 1403 1786 1457 nomine
1804 1403 2038 1465 Domini,

466 1498 560 1567 qui
588 1498 717 1551 fecit
749 1497 948 1551 cmlum
981 1506 1036 1550 et
1071 1506 1271 1551 terram
1309 1497 1374 1559 ¹⁹,
1412 1515 1429 1546 ι
1472 1496 1565 1565 qui
1601 1495 1811 1548 nullum
1852 1509 1951 1548 nos
1984 1494 2041 1546 in

465 1587 670 1641 nostris
716 1586 975 1639 fratribus
1020 1584 1410 1639 detrimentum
1451 1584 1726 1638 sustinere
1770 1583 2038 1651 permisit,

474 1679 569 1733 sed
610 1694 730 1748 quae
775 1685 964 1731 nostro
1004 1677 1156 1746 prius
1201 1676 1508 1730 ministerio
1551 1674 1860 1739 deﬁnierat,
1910 1673 2037 1726 uni-

465 1785 636 1824 versae
656 1768 1018 1822 fraternitatis
1041 1755 1430 1821 irretractabili
1452 1765 1687 1819 firmavit
1703 1780 1953 1828 assensu,
1973 1773 2034 1817 ut

463 1875 593 1913 vere
624 1875 655 1913 a
681 1875 738 1913 se
770 1858 1040 1928 prodiisse
1076 1856 1412 1921 ostenderet,
1440 1856 1585 1926 quod
1615 1856 1768 1926 prius
1802 1871 1833 1908 a
1865 1856 2040 1924 prima

464 1950 710 2003 omnium
741 1950 868 2003 sede
899 1948 1192 2003 formatum
1213 1989 1227 2012 ,
1257 1948 1426 2002 totius
1448 1947 1747 2003 Christiani
1771 1947 1924 2001 orbis
1947 1949 2038 2016 ju-

2140 769 2325 838 jubar,
2351 769 2536 824 densis
2555 787 2654 840 per
2679 769 2958 824 Orientem
2987 769 3225 824 Nestorii
3255 779 3310 824 et
3338 770 3600 841 Eutycbis
3629 790 3724 826 ne-

2144 857 2291 912 bulis
2329 858 2676 928 impeditum,
2727 876 2863 929 pure
2903 861 2971 914 ab
3013 859 3311 915 Occidente
3358 862 3720 930 resplenduit,

2146 949 2241 1002 ubi
2288 951 2507 1005 culmen
2557 968 2831 1006 summum
2881 953 2937 1005 in
2990 953 3252 1021 apostolis
3293 961 3349 1008 et
3396 953 3724 1009 doctoribus

2143 1037 2523 1108 principaliter
2554 1041 2861 1094 collocavit.
2906 1039 3165 1106 Quamvis
3193 1055 3294 1095 nec
3333 1041 3446 1094 illic
3478 1058 3720 1111 unquam

2144 1128 2384 1182 defuisse
2411 1129 2718 1184 credendus
2738 1132 2830 1192 sit,
2851 1146 2960 1200 quo
2983 1130 3326 1186 confessores
3345 1132 3449 1185 sibi
3471 1133 3721 1202 egregios

2143 1221 2448 1277 reservavit
2482 1238 2496 1274 :
2532 1222 2605 1275 ita
2631 1230 2710 1286 ut,
2743 1221 2873 1275 dum
2903 1222 3084 1275 denuo
3111 1231 3406 1276 conaretur
3425 1220 3601 1276 hostis
3620 1239 3723 1277 an-

2147 1311 2356 1380 tiquus,
2383 1327 2482 1380 per
2510 1310 2738 1366 secundi
2766 1312 3067 1366 Pharaonis
3094 1313 3445 1381 impmnitens
3465 1328 3562 1367 cor
3590 1313 3714 1368 tidei

2142 1401 2375 1456 Abrahae
2405 1417 2591 1457 semen
2624 1411 2678 1456 et
2706 1402 2846 1458 ﬁlios
2878 1402 3318 1472 repromissionis
3345 1403 3714 1474 exstinguere,

2140 1491 2253 1545 Deo
2289 1492 2605 1556 miserante,
2641 1492 3019 1561 languescens,
3051 1491 3158 1546 nisi
3193 1492 3321 1556 sibi,
3348 1507 3546 1546 nocere
3577 1494 3717 1548 nihil

2142 1592 2344 1651 posset.
2378 1584 2454 1636 De
2487 1599 2596 1652 quo
2623 1593 2678 1637 et
2715 1583 2848 1636 illud
2875 1584 3224 1653 omnipotens
3245 1585 3555 1640 mirabilius
3579 1587 3714 1656 egit,

2142 1674 2271 1743 quia
2305 1682 2361 1728 et
2386 1690 2524 1743 quos
2549 1674 2654 1728 sibi
2681 1676 2862 1729 socios
2898 1674 2964 1728 ad
3009 1674 3292 1730 Israelitici
3319 1675 3505 1746 populi
3537 1679 3719 1732 caedes

2143 1767 2432 1830 asciverat,
2473 1783 2583 1820 non
2619 1783 2743 1821 cum
2787 1767 3093 1838 tyrannidis
3128 1777 3354 1823 auctore
3395 1768 3712 1834 submersit,

2141 1855 2236 1909 sed
2269 1871 2393 1911 cum
2427 1872 2528 1911 suo
2569 1856 2774 1926 pepulo
2811 1856 3182 1926 congregavit,
3218 1864 3292 1922 et,
3338 1856 3480 1912 sicut
3521 1873 3716 1912 revera

2142 1964 2201 2002 se
2226 1948 2474 2018 dignum,
2507 1957 2562 2003 et
2591 1949 2692 2002 soli
2721 1949 2826 2003 sibi
2864 1949 3123 2018 possibile
3164 1949 3288 2002 fons
3320 1949 3716 2004 misericordia:

464 2043 669 2098 dicium
701 2041 1016 2111 recepisset,
1044 2049 1106 2095 ut
1133 2041 1186 2095 in
1212 2042 1317 2095 hoc
1339 2055 1559 2110 quoque
1584 2040 1751 2108 capiti
1784 2039 2034 2093 membra
2073 2031 2110 2086 Β
2141 2045 2389 2102 noverat,
2415 2038 2590 2092 victos
2613 2053 2642 2091 a
2663 2037 2824 2095 nobis
2844 2038 3131 2092 nobiscum
3155 2037 3285 2091 fecit
3308 2052 3428 2092 esse
3450 2039 3712 2094 victores.

463 2133 800 2189 concordent
836 2150 848 2184 :
885 2131 942 2186 in
981 2147 1091 2200 quo
1125 2131 1360 2200 amplior
1411 2131 1573 2186 nobis
1611 2129 1877 2184 accrescit
1908 2144 2038 2197 gau-

463 2225 627 2280 dendi
655 2223 900 2286 materia,
931 2223 1061 2277 dum
1098 2232 1250 2277 tanto
1283 2223 1454 2292 magis
1487 2237 1545 2276 se
1585 2220 1822 2290 perculit
1851 2219 2035 2273 inimi-

462 2333 580 2382 cus,
609 2325 813 2387 quanto
842 2323 1034 2371 contra
1065 2315 1269 2370 Christi
1310 2313 1591 2368 ministros
1624 2313 1822 2367 saevius
1855 2312 2038 2366 insur-

464 2409 624 2464 rexit.
646 2408 780 2463 Nam
805 2423 872 2461 ne
898 2407 1130 2460 aliarum
1152 2405 1363 2459 sedium
1389 2402 1452 2457 ad
1475 2417 1616 2466 eam,
1641 2417 1804 2470 quam
1826 2399 2036 2454 caneris

461 2502 707 2555 omnium
737 2500 1000 2554 Dominus
1035 2497 1227 2552 statuit
1260 2494 1576 2566 praesidere,
1613 2507 1912 2548 consensus
1945 2506 2032 2544 as-

462 2590 699 2645 sentatio
745 2589 1049 2654 videretur,
1116 2595 1210 2641 aut
1263 2588 1367 2640 alia
1425 2584 1683 2655 quaalibet
1734 2583 2034 2652 subrepere

461 2691 645 2752 posset
673 2682 901 2736 adversa
940 2678 1203 2748 suspicio,
1235 2676 1444 2731 inventi
1481 2676 1635 2744 prius
1672 2682 1802 2728 sunt
1837 2673 1930 2742 qui
1967 2672 2034 2727 de

456 2775 684 2846 judiciis
709 2773 914 2828 nostris
937 2771 1300 2840 ambigerent.
1323 2770 1390 2823 Et
1410 2768 1542 2822 dum
1567 2766 1840 2830 nonnulli,
1869 2781 1899 2819 a
1923 2764 2034 2819 dis-

459 2865 730 2920 sensionis
755 2863 964 2919 incitati
996 2871 1243 2926 auctore,
1274 2861 1342 2914 ad
1367 2859 1864 2914 contradictionum
1891 2858 2034 2912 bella

459 2955 774 3024 prosiliunt,
813 2953 880 3007 ad
911 2953 1087 3022 majus
1121 2951 1358 3014 bonum,
1391 2951 1533 3004 malo
1559 2951 1678 3020 ejus
1707 2957 1932 3003 auctore
1956 2957 2036 3001 to-

458 3040 570 3093 tius
608 3040 872 3093 bonitatis
906 3039 1279 3107 dispensante,
1314 3047 1639 3107 perventum
1672 3044 1776 3092 est.
1812 3037 2034 3091 Dulcius

459 3130 731 3198 siquidem
759 3145 985 3183 munera
1011 3129 1198 3198 gratia:
1220 3129 1416 3183 divina:
1438 3128 1789 3198 proveniunt,
1818 3127 2034 3196 quoties

459 3235 569 3272 non
607 3220 722 3272 sine
752 3220 961 3288 magnis
1001 3219 1295 3273 sudoribus
1321 3219 1686 3288 acquiruntur
1718 3235 1730 3270 :
1759 3226 1814 3271 et
1851 3217 2032 3271 minus

458 3311 665 3364 bonum
688 3311 861 3364 videri
889 3311 1029 3364 solet
1047 3327 1149 3380 pax
1178 3311 1494 3364 continuata
1517 3326 1615 3379 per
1638 3310 1832 3372 otium,
1868 3323 2030 3378 quam

460 3401 675 3454 reddita
703 3417 802 3470 per
832 3401 1096 3456 laborem.
1125 3401 1243 3470 Ipsa
1271 3416 1489 3470 quoque
1514 3401 1720 3455 veritas
1748 3409 1802 3455 et
1828 3400 2030 3454 clarius

459 3490 761 3555 renitcscit,
793 3501 849 3545 et
871 3490 1069 3545 fortius
1093 3491 1384 3555 retinetur,
1421 3491 1551 3545 dum
1577 3507 1697 3560 qua:
1724 3490 1860 3544 fides
1879 3491 2031 3559 prius

457 3583 741 3648 docuerat,
778 3584 894 3638 haec
918 3591 1108 3654 postea
1136 3582 1468 3637 examinatio
1501 3583 1859 3637 conﬁrmarit.
1895 3581 2030 3634 Mul-

459 3681 572 3725 tum
626 3673 864 3742 denique
915 3673 1270 3727 sacerdotalis
1327 3672 1488 3726 oIIicii
1538 3673 1795 3727 meritum
1851 3671 2032 3741 splen-

455 3763 651 3826 descit,
693 3765 787 3817 ubi
822 3767 902 3819 sic
937 3779 1276 3818 summorum
1312 3773 1560 3818 servatur
1596 3764 1930 3826 auctoritas,
1971 3771 2032 3815 ut

457 3852 513 3905 in
547 3852 699 3904 nullo
743 3852 1063 3906 inferiorum
1091 3861 1314 3921 putetur
1351 3852 1639 3906 imminuta
1671 3851 1898 3904 libertas
1931 3868 1943 3902 :
1975 3859 2032 3904 et

455 3943 524 3996 ad
572 3944 832 4013 majorem
880 3943 977 3997 Dei
1027 3943 1255 4013 gloriam
1303 3943 1520 4012 proficit
1569 3941 1693 3994 finis
1742 3939 2028 4004 examinis,

457 4033 676 4102 quando
701 4033 768 4087 ad
796 4033 900 4088 hoc
924 4048 980 4087 se
1005 4033 1203 4103 accipit
1226 4032 1486 4088 exerendi
1515 4030 1733 4095 fiducia,
1758 4039 1819 4084 ut
1843 4030 2030 4084 vinea-

455 4137 546 4179 tur
579 4123 900 4191 adversitas,
931 4140 998 4178 ne
1033 4123 1180 4193 quod
1205 4140 1302 4194 per
1327 4140 1385 4178 se
1422 4123 1685 4193 probatur
1713 4122 2030 4193 reprobum,

454 4215 658 4271 silentii
695 4214 1015 4285 prtejudicio
1043 4215 1296 4268 videatur
1326 4229 1668 4283 oppressum.

525 4307 748 4362 Exsulta
783 4307 968 4377 igitur,
1000 4306 1320 4360 charissime
1351 4305 1540 4368 frater,
1570 4314 1626 4359 et
1657 4305 1710 4358 in
1743 4305 1907 4358 unico
1933 4302 2029 4356 Dei

454 4397 590 4452 Filio
626 4398 800 4452 victor
829 4398 1062 4451 exsulta.
1100 4397 1241 4452 Vicit
1263 4412 1361 4466 per
1390 4411 1490 4450 nos
1518 4395 1607 4448 ille
1641 4409 1740 4463 pro
1765 4409 1843 4456 se,
1876 4393 2032 4462 cujus

451 4490 634 4544 carnis
662 4490 864 4543 veritas
898 4489 1200 4559 negabatur
1232 4507 1245 4541 :
1277 4488 1411 4542 vicit
1448 4503 1548 4557 per
1580 4502 1680 4539 nos
1713 4493 1769 4540 et
1804 4501 1906 4554 pro
1933 4501 2034 4538 no-

452 4579 538 4634 bis
574 4581 686 4644 ille,
713 4581 801 4634 cui
847 4580 1099 4634 vicimus.
1141 4580 1391 4635 Secunda
1440 4587 1524 4633 est
1564 4585 1688 4646 post
1735 4576 2031 4630 adventum

2139 2128 2274 2182 Nam
2300 2128 2429 2182 dum
2464 2130 2614 2184 solus
2644 2145 2773 2183 vere
2804 2129 2876 2183 sit
2899 2129 3123 2183 humani
3155 2133 3373 2200 generis
3399 2132 3572 2187 hostis
3599 2133 3718 2202 spi-

2140 2220 2281 2274 ritus
2305 2219 2518 2291 1194
2536 2219 2812 2286 falsitatis,
2831 2235 3022 2274 omnes
3043 2220 3111 2273 de
3131 2221 3225 2275 illo
3236 2222 3346 2292 jam
3373 2223 3713 2293 triumphare

2137 2328 2246 2366 non
2277 2311 2506 2365 dubium
2533 2321 2635 2377 est,
2670 2328 2810 2382 quos
2835 2312 2938 2366 sibi
2969 2313 3175 2367 veritas
3205 2313 3520 2369 vindicavit.
3551 2316 3715 2370 Nunc

2137 2419 2364 2473 prorsus
2411 2404 2502 2458 illa
2541 2405 2928 2474 Redemptoris
2957 2407 3132 2460 nostri
3176 2406 3344 2470 dicta,
3390 2423 3552 2476 quam
3598 2409 3714 2463 sint

2137 2496 2334 2550 divinae
2377 2497 2742 2561 auctoritatis,
2798 2506 3044 2567 apparet,
3095 2498 3225 2552 dum
3286 2508 3476 2553 contra
3521 2499 3711 2553 hostes

2137 2589 2262 2643 ﬁdei
2293 2590 2372 2643 sic
2399 2597 2676 2658 aptantur,
2712 2597 2773 2643 ut
2799 2589 2868 2643 de
2910 2588 3042 2658 ipsis
3068 2588 3276 2642 dictum
3306 2605 3427 2643 esse
3453 2589 3709 2644 dubitare

2137 2697 2248 2735 non
2274 2682 2455 2736 liceat.
2492 2700 2509 2732 ε
2543 2681 2670 2746 Vos,
2709 2681 2909 2750 inquit,
2943 2697 3010 2734 ex
3041 2690 3194 2749 patre
3220 2680 3440 2734 diabolo
3467 2682 3619 2744 estis,
3651 2692 3708 2735 et

2137 2767 2410 2822 desideria
2435 2770 2609 2837 patris
2640 2769 2806 2823 vestri
2834 2769 3002 2822 vultis
3029 2769 3279 2839 implere.
3311 2770 3404 2824 Ille
3431 2770 3708 2824 homicida

2135 2859 2237 2914 fuit
2262 2860 2330 2914 ab
2361 2860 2538 2924 initio,
2566 2870 2621 2914 et
2656 2861 2708 2914 in
2737 2861 2966 2915 veritate
2994 2877 3102 2915 non
3141 2862 3312 2924 stetit,
3343 2863 3472 2931 quia
3503 2863 3710 2916 veritas

2136 2947 2190 2998 in
2219 2961 2285 2999 eo
2309 2962 2417 3000 non
2445 2955 2546 3001 est.
2583 2946 2813 3012 Quando
2842 2947 3086 3016 loquitur
3109 2949 3474 3015 mendacium,
3498 2966 3562 3003 ex
3592 2951 3709 3004 suis

2134 3035 2398 3105 loquitur,
2427 3037 2556 3106 quia
2581 3037 2816 3091 mendax
2843 3047 2946 3101 est,
2976 3047 3032 3092 et
3057 3048 3210 3107 pater
3231 3039 3348 3108 ejus
3369 3041 3430 3093 ".
3452 3059 3470 3090 ι

2203 3127 2350 3181 Nihil
2394 3143 2525 3198 ergo
2555 3129 2866 3182 mirandum
2901 3137 2985 3182 est
3027 3129 3172 3198 quod
3216 3129 3294 3194 hi,
3337 3131 3430 3200 qui
3468 3131 3524 3184 in
3555 3133 3708 3186 veri-

2135 3225 2243 3272 tate
2287 3217 2384 3271 Dei
2433 3225 2636 3272 nostrae
2677 3229 2887 3273 natura:
2927 3219 3274 3273 mendacium
3321 3221 3704 3282 crediderunt,

2134 3309 2275 3378 patri
2300 3325 2402 3363 suo
2434 3319 2490 3364 et
2525 3310 2673 3364 circa
2704 3310 2804 3364 ista
2830 3309 3188 3377 concordant,
3212 3311 3479 3382 quidquid
3503 3314 3705 3378 visum,

2133 3401 2400 3470 quidquid
2441 3401 2711 3466 auditum,
2757 3402 3028 3472 quidquid
3065 3403 3302 3472 denique
3348 3413 3483 3458 teste
3529 3406 3709 3458 Evan-

2131 3493 2272 3562 gelio
2295 3500 2494 3546 tactum
2529 3501 2611 3548 est
2631 3501 2794 3563 atque
2830 3494 3108 3562 palpatum
3140 3494 3195 3547 in
3224 3495 3388 3547 unico
3421 3495 3516 3548 Dei
3545 3495 3704 3558 Filio,

2131 3598 2240 3636 non
2271 3583 2390 3652 ejus
2422 3584 2578 3653 cujus
2614 3584 2906 3653 probatum
2947 3593 3032 3639 est
3061 3595 3388 3652 asserentes,
3435 3585 3530 3640 sed
3560 3602 3705 3640 com-

2132 3679 2302 3726 terna;
2321 3682 2378 3726 et
2399 3673 2777 3727 coessentialis
2798 3673 2946 3727 Patri
2971 3674 3140 3728 fuisse
3163 3674 3485 3729 substantia:
3511 3693 3522 3727 :
3547 3676 3708 3744 quasi

2131 3774 2225 3818 aut
2261 3764 2568 3819 divinitatis
2595 3775 2792 3820 natura
2827 3767 3007 3821 crucis
3033 3767 3180 3837 ligno
3205 3767 3459 3821 transﬁxa
3495 3769 3584 3832 sit,
3611 3778 3706 3823 aut

2133 3858 2572 3912 inconvertibilis
2599 3872 2850 3912 crescere
2884 3873 2984 3926 per
3019 3865 3228 3920 zetates,
3263 3867 3319 3912 et
3353 3858 3407 3911 in
3438 3859 3702 3927 sapientia

2131 3947 2398 4018 proficere
2419 3948 2684 4016 sapientia
2707 3947 3063 4017 sempiterna,
3086 3949 3171 4002 vel
3195 3948 3402 4018 Spiritu
3427 3949 3591 4012 Deus,
3610 3950 3704 4018 qui

2133 4035 2359 4104 spiritus
2379 4044 2483 4100 est,
2507 4035 2741 4090 subinde
2765 4037 2964 4105 repleri
2988 4037 3250 4105 potuerit.
3273 4038 3331 4092 In
3357 4037 3463 4092 hoc
3485 4054 3704 4109 quoque

2132 4143 2190 4182 se
2219 4128 2416 4183 acerba
2445 4129 2665 4183 vesania
2699 4143 2765 4182 ex
2787 4145 2895 4198 quo
2927 4138 3149 4184 auctore
3178 4131 3472 4185 accesserit
3501 4131 3706 4200 prodit,

2132 4217 2276 4286 quod
2300 4227 2563 4286 quantum
2589 4218 2644 4271 in
2663 4234 2721 4272 se
2737 4227 2839 4283 est,
2860 4219 3131 4274 universis
3152 4237 3351 4276 nocere
3384 4222 3571 4276 molita
3599 4233 3704 4276 est.

2132 4307 2267 4361 Nam
2299 4307 2392 4377 qui
2423 4323 2520 4362 vos
2557 4311 2940 4378 persequendo
2973 4309 3180 4375 afﬂixit,
3214 4320 3441 4366 ezeteros
3469 4311 3535 4365 ad
3569 4327 3708 4366 con-

2133 4412 2354 4453 sensum
2377 4401 2599 4455 secleris
2621 4401 2950 4469 impellendo
2971 4402 3304 4472 depravavit.
3327 4402 3434 4456 Sed
3457 4418 3558 4458 nec
3581 4414 3706 4466 nes,

2131 4490 2259 4544 licet
2314 4490 2369 4543 in
2421 4492 2651 4562 singulis
2697 4491 2980 4557 fratribus,
3035 4493 3164 4562 quia
3212 4493 3458 4547 membra
3515 4502 3707 4547 nostra

2134 4592 2283 4644 sunt,
2315 4583 2677 4646 vulnerasset,
2715 4598 2743 4636 a
2783 4583 3004 4652 speciali
3039 4583 3228 4638 dolore
3264 4583 3395 4638 fecit
3419 4593 3703 4654 exceptos,

452 4672 669 4726 Domini
700 4673 815 4725 haec
849 4671 971 4725 orbi
1019 4671 1307 4726 festivitas.
1353 4670 1648 4725 Redditum
1684 4669 1884 4722 saeculo
1922 4676 2026 4731 est,
2061 4685 2106 4742 ι)
2133 4672 2336 4741 quibus
2381 4688 2521 4726 nova
2576 4681 2631 4726 et
2675 4673 2921 4727 inaudita
2952 4675 3126 4742 prius,
3178 4682 3344 4742 atque
3393 4674 3705 4728 incredibili

453 4763 712 4832 praedone
738 4772 1030 4832 prostrato,
1055 4762 1448 4818 incarnationis
1471 4747 1670 4814 divina:
1691 4758 2030 4830 mysterium,

2129 4762 2356 4817 audacia
2387 4763 2591 4817 inferre
2625 4772 2814 4818 contra
2852 4780 3010 4818 suum
3045 4774 3211 4834 caput
3249 4774 3334 4819 est
3365 4765 3588 4820 molitus
3616 4765 3705 4818 in-

452 4853 598 4922 quod
649 4853 873 4907 humani
924 4855 1141 4924 generis
1189 4852 1469 4915 inimicus,
1521 4850 1648 4920 quia
1690 4849 1858 4903 rebus
1904 4848 2036 4918 ipsis
2126 4853 2351 4924 juriam.
2378 4853 2484 4908 Sed
2509 4854 2717 4908 utinam
2735 4855 2818 4908 vel
2852 4864 3073 4924 posttot
3091 4857 3324 4926 pessima
3349 4859 3706 4927 resipiscens,

452 4943 670 5000 auferre
710 4961 815 4999 non
853 4953 1106 5014 poterat,
1141 4942 1432 4998 calumniis
1475 4941 1826 4995 obscurabat.
1861 4939 2035 5014 Quin.-

451 5035 562 5087 imo
585 5035 652 5088 ab
676 5034 1086 5089 incredulorum
1117 5033 1290 5087 corde
1314 5031 1553 5100 perierat
1586 5030 1893 5084 immortale
1922 5045 2039 5099 my-

451 5121 699 5185 sterium,
741 5123 867 5191 quia
901 5120 1038 5174 nihil
1078 5120 1303 5190 prodest
1342 5128 1489 5172 tanta
1524 5120 1672 5174 salus
1705 5119 2020 5183 incredulis,

452 5210 568 5279 ipsa
599 5211 842 5266 Veritate
875 5210 990 5264 suis
1029 5210 1247 5263 dicente
1277 5208 1563 5278 discipulis
1596 5227 1608 5261 :
1647 5228 1666 5258 ι
1703 5208 1806 5274 Qui
1842 5209 2024 5264 credi-

450 5301 612 5367 derit,
648 5310 702 5356 et
738 5301 1047 5370 baptizatus
1076 5298 1265 5365 fuerit,
1312 5300 1496 5355 salvus
1522 5299 1629 5354 erit
1662 5318 1674 5353 :
1703 5301 1798 5370 qui
1838 5309 2022 5354 autem

534 5458 572 5488 ¹⁰
610 5455 749 5510 Psal.
783 5469 962 5518 cxxm,
994 5454 1045 5508 8.
1123 5454 1168 5484 ὀ
1200 5454 1367 5509 Marc.
1399 5470 1508 5519 xvr,
1553 5455 1638 5509 I6.

526 5596 636 5667 ('78)
666 5595 801 5651 Cum
831 5595 1155 5650 Sirmondus
1191 5597 1330 5649 hanc
1370 5587 1778 5667 S.7_Leonis_P.
1827 5595 1894 5667 Μ.
1929 5611 2018 5667 re-

453 5663 800 5734 sponsionem
841 5667 1159 5735 subjecisset
1224 5676 1371 5718 temo
1401 5665 1472 5735 IV,
1504 5663 1644 5735 Opp.
1675 5664 2026 5735 Theodoreti,

455 5733 524 5785 ne
552 5736 681 5802 quid
713 5737 780 5788 ab
809 5750 875 5788 eo
903 5733 1108 5790 editum
1151 5746 1349 5789 nostrae
1391 5733 1618 5787 editioni
1669 5733 1901 5794 deesset,
1948 5736 2028 5786 vi-

455 5815 576 5854 sum
606 5812 687 5856 est
715 5819 833 5858 eam
863 5821 986 5858 cum
1017 5804 1344 5858 Theodoreti
1377 5803 1575 5856 litteris
1613 5803 1962 5872 conjungere,
1994 5821 2025 5857 ι

2133 4960 2243 5000 non
2275 4961 2376 4998 nos
2404 4945 2566 4998 etiam
2600 4945 2668 5000 de
2697 4961 2798 4999 suo
2831 4955 3052 5001 aeternae
3083 4947 3453 5001 damnationis
3478 4949 3706 5004 interitu

2134 5034 2532 5088 contristasset.
2557 5034 2727 5100 Quam
2752 5050 3066 5088 mensuram
3085 5037 3310 5090 sceleris
3333 5037 3705 5105 prmtermisit,

2135 5125 2224 5180 cui
2266 5142 2335 5179 ne
2370 5126 2474 5180 hoc
2508 5125 2758 5181 sufﬁcere
2798 5129 2997 5196 potuit,
3027 5127 3175 5196 quod
3220 5144 3322 5181 nec
3352 5131 3366 5148 '
3401 5129 3542 5182 vivis
3576 5145 3707 5197 par--

2133 5213 2328 5276 cendo,
2361 5230 2464 5268 nec
2494 5215 2762 5279 mortuis,
2803 5216 2968 5270 etiam
3015 5216 3069 5269 in
3103 5217 3366 5284 sanguine
3397 5216 3708 5271 innocentis

2134 5312 2189 5356 et
2215 5303 2471 5356 catholici
2497 5304 2800 5359 sacerdotis
2820 5305 3058 5374 pollutas
3075 5305 3428 5375 jampridem,
3455 5305 3706 5360 abdicata

1715 5455 1757 5484 ¹¹
1789 5455 1946 5510 Joan.
1986 5471 2099 5520 vm,
2138 5456 2225 5510 Η.

2127 5602 2445 5656 recensione
2477 5611 2655 5657 tamen
2688 5604 2788 5657 FF.
2822 5604 3260 5669 Balleriniorum,
3290 5604 3382 5672 qui
3413 5619 3534 5658 eam
3575 5611 3704 5658 tan-

2134 5683 2295 5742 quam
2328 5672 2610 5742 epistolam
2644 5675 2746 5726 120
2775 5675 3068 5729 ediderunt
3108 5677 3250 5730 inter
3278 5676 3452 5742 Opera
3508 5673 3713 5728 Leoms

2134 5737 2200 5790 Μ.
2238 5740 2298 5792 Τ.
2335 5737 2437 5810 [ρ.
2473 5741 2606 5794 1⁵318
2633 5759 2743 5809 seq.
