4072 6446
375 353 514 420 I321

1747 360 2109 423 EPISTOLA
2144 365 2357 433 CXIII.

3494 379 3631 449 1322

367 471 605 526 veritate
637 477 801 541 atque
840 471 1141 541 approbata
1186 472 1442 539 falsitate,
1465 489 1663 530 manus
1686 475 1948 532 intinxit?
1977 481 2021 536 Α
2054 480 2218 538 tinaei
2254 485 2459 553 animo,
2500 488 2543 542 si
2587 495 2766 545 tamen
2800 505 2911 547 non
2947 492 3057 565 jam
3103 509 3229 550 cum
3268 495 3491 553 diabolo
3531 515 3634 570 pro

369 557 442 614 Et
479 575 606 615 cum
655 561 925 631 scriptum
967 562 1041 616 sit
1088 581 1103 617 :
1141 582 1159 615 α
1191 563 1296 631 Qui
1329 565 1449 619 odit
1487 564 1714 621 fratrem
1766 582 1950 633 suum,

363 649 653 705 homicida
686 657 772 706 est
803 653 868 714 “,
905 671 923 703 ι
960 653 1052 709 ille
1087 656 1236 725 quod
1265 656 1395 711 odio
1419 658 1532 729 jam
1566 657 1761 715 fecisse
1794 661 1952 716 addi-

359 749 497 796 ctus
517 748 621 805 est,
649 740 901 813 implevit
920 745 1206 814 operibus,
1229 748 1385 817 quasi
1412 765 1516 804 nec
1545 749 1662 805 hac
1687 752 1950 819 audisset,

358 847 475 886 nec
503 831 636 886 illud
669 833 817 902 quod
851 834 1120 891 Dominus
1151 838 1229 892 ait
1265 856 1278 892 :
1322 859 1341 890 ι
1380 839 1583 896 Discite
1622 857 1651 895 a
1680 858 1787 905 me,
1821 843 1951 914 quia

356 923 524 977 mitis
558 938 680 977 sum
715 934 774 979 et
802 924 1030 982 humilis
1063 929 1250 994 corde,
1288 938 1345 986 et
1376 931 1669 988 invenietis
1702 936 1951 1005 requiem

353 1016 660 1069 animabus
685 1017 906 1072 vestris.
944 1018 1143 1090 Jugum
1172 1021 1320 1076 enim
1348 1040 1530 1078 meum
1564 1041 1731 1081 suave
1763 1035 1867 1091 est,
1896 1034 1952 1082 et

354 1120 509 1159 onus
558 1122 741 1160 meum
791 1107 909 1162 leve
938 1108 1005 1161 ’³.
1062 1129 1079 1159 ι
1120 1110 1326 1181 Dignus
1367 1112 1627 1169 diabolici
1683 1115 1951 1184 pradica-

355 1205 457 1251 tur
508 1199 717 1253 erroris
750 1197 1042 1272 IEgyptius
1088 1211 1326 1258 vastator
1375 1205 1634 1262 inventus
1674 1215 1780 1271 est,
1830 1207 1946 1278 qui,

356 1297 631 1358 tanquam
680 1290 1017 1345 savissimus
1056 1300 1322 1363 tyrannus
1367 1295 1647 1362 Ecclesiae,
1684 1298 1951 1353 nefandas

354 1379 744 1450 blasphemias
767 1397 867 1451 per
890 1382 1188 1436 violentam
1214 1385 1605 1441 seditiosorum
1635 1389 1872 1452 turbam,
1894 1397 1951 1444 et

352 1485 466 1538 per
508 1477 766 1524 cruentas
798 1487 996 1526 manus
1034 1473 1270 1527 militum
1315 1479 1643 1532 venerandis
1689 1478 1950 1534 fratribus

352 1562 705 1631 imponebat.
734 1562 803 1616 Et
831 1578 956 1617 cum
984 1579 1120 1618 voce
1147 1562 1536 1635 Redemptoris
1565 1568 1741 1622 nostri
1775 1569 1819 1601 ³⁸
1851 1568 1948 1623 fire

351 1662 573 1707 matum
616 1654 723 1719 sit,
769 1670 942 1709 unum
982 1657 1348 1728 eumdemque
1393 1658 1676 1714 homicidii
1727 1677 1849 1717 esse
1893 1669 1950 1716 et

352 1744 619 1800 falsitatis
664 1757 965 1813 auctorem,
1006 1748 1098 1803 ille
1125 1750 1333 1818 pariter
1360 1759 1656 1823 utrumque
1708 1754 1947 1823 comple-

350 1834 463 1899 vit,
492 1836 647 1905 quasi
684 1852 795 1891 non
835 1845 896 1891 ut
940 1848 1263 1906 caveantur,
1296 1841 1413 1906 sed,
1441 1852 1503 1897 ut
1534 1852 1943 1913 perpetrentur,

350 1926 564 1997 scripta
599 1928 731 1991 sint,
771 1928 839 1983 ad
876 1929 1204 1998 perditionis
1231 1948 1343 1988 sua
1362 1936 1647 1989 cumulum
1694 1936 1941 2002 trahens,

351 2033 485 2087 qua
525 2017 620 2072 Dci
662 2018 836 2074 Filius
876 2021 1094 2075 monuit
1139 2022 1210 2076 ad
1255 2024 1526 2089 salutem;
1559 2024 1693 2078 illud
1723 2010 1945 2095 quoque

351 2107 529 2162 surda
565 2108 732 2164 nimis
771 2125 906 2166 aure
941 2113 1288 2180 praeteriens,
1325 2115 1473 2185 quod
1514 2115 1584 2170 ab
1611 2115 1805 2171 eodem
1837 2117 1945 2170 Do-

350 2202 513 2256 mino
555 2201 763 2257 dictum
794 2212 885 2259 est
923 2220 938 2258 :
979 2223 998 2255 ‹
1038 2205 1152 2276 Ego
1192 2207 1341 2276 quod
1392 2207 1506 2262 vidi
1549 2207 1697 2278 apud
1726 2210 1944 2264 Patrem

349 2309 545 2348 meum
579 2293 799 2363 loquor,
843 2303 900 2350 et
944 2311 1041 2351 vos
1086 2297 1234 2366 quod
1276 2298 1496 2354 vidistis
1533 2299 1679 2369 apud
1725 2311 1939 2370 patrem

348 2394 602 2440 vestrum
636 2386 817 2441 facitis
842 2387 909 2441 ⁸⁵.
940 2406 958 2438 ι
1621 2409 1631 2417 -

429 2477 603 2547 Igitur
638 2478 769 2532 dum
795 2492 997 2533 sancta
1020 2481 1299 2534 memoria
1321 2480 1580 2536 Flaviano
1609 2481 1778 2536 vitam
1804 2497 1944 2552 pla-

349 2568 535 2623 semis
563 2569 750 2623 saculi
781 2571 1072 2626 moliretur
1103 2571 1323 2627 auferre
1345 2612 1360 2637 ,
1402 2588 1462 2626 se
1495 2589 1636 2627 vera
1670 2574 1795 2628 vitae
1819 2574 1943 2629 luce

349 2658 616 2730 privavit.
660 2662 800 2716 Dum
857 2678 955 2717 vos
996 2663 1065 2717 ab
1102 2663 1362 2719 Ecclesiis
1395 2665 1593 2719 chtris
1642 2674 1938 2720 conaretur

349 2752 656 2821 expellere,
695 2768 753 2808 se
799 2770 829 2809 a
866 2754 1306 2810 Christianorum
1351 2756 1582 2826 collegio
1612 2758 1939 2827 segregavit.

351 2843 501 2897 Dum
537 2843 707 2897 trahit
724 2844 994 2913 plurimos
1027 2853 1083 2899 et
1125 2845 1360 2916 impellit
1402 2847 1469 2900 ad
1506 2848 1714 2901 erroris
1751 2863 1942 2902 assen-

351 2949 505 2999 sum,
543 2935 838 3005 multiplici
880 2937 1122 2991 animam
1172 2952 1328 2992 suam
1360 2938 1588 2993 vulnere
1627 2940 1940 2994 sauciavit:

352 3027 511 3081 solus
542 3026 687 3080 ultra
720 3041 936 3092 omnes,
976 3035 1033 3083 et
1072 3044 1174 3099 per
1209 3044 1424 3094 omnes,
1457 3045 1521 3085 ac
1550 3047 1650 3101 pro
1685 3032 1945 3089 omnibus

2052 588 2151 629 sua
2178 576 2454 647 impietate
2477 580 2766 639 damnatus
2788 593 2894 653 est,
2932 587 3152 643 valeant
3180 589 3430 647 suadere.

2127 672 2279 728 Unde
2333 674 2440 731 hoc
2482 692 2701 747 quoque
2742 695 2845 734 nos
2892 689 3083 738 contra
3128 683 3318 740 hostes
3368 686 3632 744 Ecclesia

2052 762 2343 831 providere
2406 766 2737 837 condignum
2789 777 2894 835 est,
2939 780 3001 825 ut
3041 772 3125 828 eis
3166 774 3375 829 nullam
3418 776 3630 831 calum-

2052 853 2243 908 niandi
2288 856 2654 923 occasionem,
2703 860 2852 930 quod
2893 862 2959 917 ad
3000 878 3102 919 nos
3141 865 3358 930 attinet,
3407 868 3630 936 penitus

2052 942 2450 1013 relinquamus,
2498 963 2602 1002 nec
2634 964 2876 1019 unquam
2909 960 3099 1008 contra
3129 954 3504 1023 Nestorianos,
3531 967 3624 1013 aut

2050 1032 2422 1104 Eutycbianos
2448 1045 2696 1108 agentes,
2730 1041 2918 1096 alteris
2949 1058 3141 1098 eorum
3165 1046 3451 1101 videamur
3476 1057 3626 1120 terga

2049 1125 2303 1192 vertisse,
2347 1127 2445 1182 sed
2497 1138 2760 1201 utrosque
2810 1131 3016 1188 Christi
3069 1135 3255 1191 hostes
3286 1155 3443 1208 aqua
3468 1141 3624 1196 lance

2048 1212 2287 1269 vitemus
2319 1225 2484 1286 atque
2514 1217 2871 1287 damnemus;
2921 1221 2995 1276 ita
3043 1231 3103 1277 ut
3137 1239 3252 1290 eos,
3286 1227 3501 1295 quoties
3531 1243 3628 1282 au-

2050 1301 2319 1357 dientium
2356 1306 2698 1374 quantalibet
2733 1309 2912 1376 poscit
2959 1310 3191 1376 utilitas,
3241 1327 3364 1366 cum
3408 1313 3628 1383 dogma-

2050 1391 2199 1448 tibus
2237 1410 2429 1449 eorum
2455 1395 2621 1467 digno
2650 1398 2998 1454 anathemate
3033 1403 3440 1470 promptissime
3464 1410 3629 1473 atquc

2048 1482 2461 1540 evidentissima
2484 1485 2765 1552 feriamus,
2788 1503 2858 1542 nc
2898 1490 2940 1543 si
2961 1489 3065 1543 hoc
3086 1504 3116 1542 a
3136 1491 3297 1545 nobis
3317 1500 3413 1545 aut
3431 1492 3630 1548 obseu-

2048 1574 2165 1630 rius
2219 1574 2337 1631 fieri
2368 1577 2639 1643 videatur,
2683 1587 2778 1634 aut
2825 1580 3053 1645 tardius,
3101 1591 3328 1651 putetur
3368 1584 3626 1639 invitum.

2049 1665 2203 1733 Quod
2256 1668 2509 1736 quamvis
2556 1670 2905 1738 prudentiam
2959 1679 3106 1726 tuam
3155 1689 3243 1728 res
3290 1675 3407 1744 ipsa
3439 1675 3631 1732 admo-

2048 1771 2181 1810 nere
2198 1755 2449 1822 sufficiat,
2473 1758 2585 1828 jam
2614 1766 2795 1813 tamen
2818 1768 2875 1813 et
2895 1759 3267 1830 experimenta
3294 1763 3624 1819 docuerunt.

1977 1819 2019 1874 Β
2049 1843 2157 1898 Sed
2193 1844 2520 1900 benedictus
2555 1846 2701 1901 Deus
2732 1853 2942 1915 noster,
2978 1850 3135 1919 cujus
3164 1850 3502 1907 invincibilis
3533 1866 3629 1907 ve-

2045 1935 2180 1989 ritas
2224 1935 2293 1989 ab
2345 1935 2494 1990 omni
2546 1936 2818 1992 hareseos
2860 1939 3071 1993 macula
3115 1938 3380 1993 mundum
3417 1946 3491 2006 te,
3538 1953 3627 1995 se-

2043 2024 2286 2078 cundum
2331 2026 2477 2080 sedis
2527 2026 2837 2094 apostolica
2877 2026 3169 2097 judicium,
3206 2028 3625 2084 demonstravit.

2042 2114 2145 2170 Cui
2192 2116 2409 2186 dignam
2452 2118 2727 2173 retribues
2780 2134 2882 2188 pro
2921 2127 3001 2174 tot
3043 2120 3327 2175 laboribus
3368 2120 3621 2190 gratiam,

2047 2207 2094 2261 si
2115 2207 2276 2261 talem
2311 2208 2625 2277 te,qualem
2660 2208 3016 2278 probavimus
3054 2224 3117 2263 ac
3140 2209 3462 2278 probamus,
3500 2209 3626 2264 uni-

2045 2298 2276 2353 versalis
2309 2298 2566 2354 Ecclesia
2596 2299 2903 2355 defensioni
2945 2299 3274 2354 servaveris.
3301 2299 3437 2354 Nam
3479 2299 3623 2369 quod

2045 2390 2191 2446 Deus
2230 2392 2477 2445 omnium
2514 2390 2978 2444 calumniosorum
3018 2389 3262 2445 fallacias
3302 2386 3483 2454 scivit,
3513 2405 3629 2444 ma-

2042 2483 2245 2536 ximam
2286 2482 2589 2537 beatissimi
2624 2482 2771 2536 Petri
2821 2497 3008 2536 curam
3046 2495 3147 2551 pro
3193 2481 3357 2535 nobis
3407 2482 3626 2535 cunctis

2044 2570 2413 2643 agnoscimus,
2454 2570 2569 2640 qui,
2601 2579 2890 2641 postquam
2925 2586 3038 2625 sua
3072 2570 3220 2626 sedis
3243 2569 3512 2640 judicium
3567 2570 3621 2622 in

2045 2664 2171 2719 ﬁdei
2218 2663 2552 2718 definitione
2610 2662 2867 2727 firmavit,
2926 2667 3030 2716 nec
3085 2661 3233 2717 circa
3298 2661 3623 2732 cujusquam

2042 2763 2311 2820 vestrum,
2338 2756 2431 2825 qui
2459 2754 2745 2810 nobiscum
2766 2768 2868 2823 pro
2891 2752 3158 2807 catholica
3176 2752 3280 2805 fide
3310 2750 3622 2819 laborastis,

2043 2862 2334 2919 personam
2391 2846 2693 2916 quidquam
2753 2845 3052 2914 reprobum
3104 2844 3285 2899 videri
3334 2844 3622 2914 permisit;

2044 2940 2172 3010 quia
2197 2954 2298 2993 nec
2317 2945 2550 3008 poterat,
2569 2936 2778 3008 Spiritu
2798 2943 2988 2991 sancto
3005 2935 3307 3006 judicante,
3333 2936 3623 3005 quisquam

2045 3044 2113 3084 ex
2142 3029 2224 3083 eis
2248 3044 2361 3083 non
2395 3029 2574 3081 vietor
2612 3027 2788 3092 exire,
2824 3041 3058 3096 quorum
3099 3026 3210 3096 jam
3237 3025 3445 3081 vicerat
3466 3023 3624 3079 fides.

352 3132 513 3183 reus,
552 3118 648 3187 qui
674 3134 838 3172 causa
872 3127 1060 3174 reatus
1087 3121 1349 3176 omnibus
1382 3120 1508 3176 fuit.
1546 3121 1655 3177 Sed
1694 3123 1825 3179 licet
1856 3124 1943 3179 his
1969 3148 2012 3206 ο
2115 3116 2270 3185 Quod
2320 3124 2590 3184 superest,
2628 3116 3005 3181 exhortamur,
3032 3122 3114 3179 ut,
3157 3114 3287 3206 quia
3333 3115 3448 3206 illic
3490 3129 3621 3206 non-

353 3217 455 3263 tua
498 3208 842 3276 fraternitas,
883 3209 1058 3264 solido
1096 3210 1222 3266 cibo
1270 3211 1507 3277 firmata,
1552 3213 1800 3284 indigere
1836 3214 1943 3269 mi-

350 3298 510 3353 nime
532 3298 806 3365 videatur,
825 3308 1009 3354 tamen
1035 3307 1096 3354 ut
1120 3300 1268 3369 quod
1284 3302 1461 3357 nostri
1486 3303 1591 3357 loci
1616 3313 1700 3358 est
1721 3303 1947 3373 implea-

353 3402 504 3453 mus,
543 3387 690 3442 circa
736 3403 930 3443 vocem
969 3387 1205 3443 dicentis
1243 3389 1495 3458 Apostoli
1531 3408 1545 3444 :
1592 3409 1610 3442 ‹
1637 3390 1843 3446 Prater
1878 3408 1943 3447 ea

352 3492 483 3548 qua
513 3478 860 3533 extrinsecus
914 3487 1073 3542 sunt,
1123 3478 1388 3534 instantia
1436 3496 1559 3536 mea
1601 3481 1940 3552 quotidiana,

354 3569 676 3625 sollicitudo
721 3569 969 3625 omnium
1002 3569 1374 3625 Ecclesiarum
1403 3588 1416 3625 :
1449 3572 1575 3642 quis
1608 3572 1939 3640 inﬁrmatur,

354 3668 415 3717 et
437 3677 539 3732 ego
572 3677 685 3716 non
710 3661 965 3717 infirmor
980 3662 1006 3716 Ἰ
1028 3660 1153 3732 quis
1176 3662 1609 3729 scandalizatur;
1630 3673 1685 3719 et
1702 3680 1804 3737 ego
1832 3682 1942 3721 non

355 3768 494 3807 uror
519 3752 597 3806 “7
623 3771 640 3804 ι
690 3752 799 3807 hoc
833 3752 1107 3823 pracipue
1133 3753 1392 3823 prasenti
1429 3754 1718 3810 occasione
1757 3756 1941 3812 credi-

354 3861 485 3902 mus
510 3845 950 3906 admonendum,
994 3845 1164 3899 frater
1200 3846 1555 3911 cbarissime,
1601 3855 1662 3901 ut
1694 3847 1941 3918 quoties-

355 3952 603 4007 cunque,
636 3936 820 3991 divina
852 3936 1031 4007 gratia
1057 3935 1502 4002 administrante,
1533 3937 1658 3991 illos
1683 3938 1776 4007 qui
1806 3938 1941 3994 foris

357 4036 492 4083 sunt
552 4027 705 4081 fonte
736 4026 1000 4083 doctrina
1030 4034 1127 4080 aut
1175 4026 1710 4097 submergimus,aut
1743 4045 1942 4101 purga-

355 4135 507 4185 mus,
534 4120 593 4175 in
618 4120 774 4174 nullo
806 4120 876 4174 ab
916 4119 1132 4191 1195
1158 4119 1289 4185 illis,
1324 4136 1462 4190 quas
1486 4120 1728 4191 Spiritus
1764 4124 1938 4177 sancti

356 4208 619 4267 divinitas
677 4208 731 4262 in
766 4207 1203 4264 Chalcedonensi
1234 4208 1471 4263 concilio
1525 4209 1776 4279 protulit,
1810 4209 1937 4265 fidei

354 4299 566 4370 regulis
616 4300 975 4363 recedentes,
1029 4299 1174 4354 inter
1232 4310 1525 4370 utrumque
1570 4300 1784 4355 hostem
1839 4317 1940 4355 no-

353 4393 513 4447 vella
532 4391 772 4462 perfidia
793 4405 1102 4447 sermonem
1124 4398 1378 4446 nostrum
1403 4407 1527 4446 cum
1551 4391 1701 4446 omni
1722 4393 1936 4446 cautela

2046 3211 2227 3265 nullas
2270 3207 2598 3278 Eutychiani
2631 3222 2697 3261 ac
2738 3205 3050 3261 Nestoriani
3107 3205 3313 3261 erroris
3360 3205 3628 3275 reliquias

2045 3300 2401 3371 cognovimus
2433 3297 2783 3363 remansisse,
2805 3311 2955 3351 nunc
2979 3296 3146 3350 etiam
3166 3296 3285 3351 sedi
3314 3296 3628 3365 apostolica

2044 3392 2368 3448 collabores.
2403 3388 2644 3444 Victoria
2670 3388 2842 3453 enim,
2870 3402 3036 3458 quam
3069 3386 3325 3443 Christus
3356 3387 3625 3444 Dominus

2043 3492 2233 3539 noster
2258 3497 2370 3537 sua
2398 3481 2624 3536 donavit
2644 3479 2924 3546 Ecclesia,
2946 3478 3189 3550 quandiu
3213 3479 3269 3534 in
3291 3479 3398 3533 hoc
3415 3478 3624 3534 mundo

2042 3590 2366 3641 versamur,
2424 3573 2555 3628 licet
2606 3571 2865 3626 fiduciam
2915 3572 3180 3642 majorem
3227 3570 3454 3637 tribuat,
3509 3584 3621 3626 non

2044 3675 2229 3722 tamen
2258 3665 2316 3719 in
2337 3671 2509 3719 totum
2530 3662 2962 3717 sollicitudinem
2993 3661 3236 3731 perimit,
3268 3676 3372 3715 nec
3402 3667 3462 3715 ut
3486 3660 3619 3715 dor-

2042 3757 2279 3812 miamus
2302 3755 2498 3809 donata
2519 3758 2622 3819 est,
2661 3751 2757 3806 sed
2785 3758 2847 3805 ut
2865 3751 3088 3806 suavius
3112 3750 3443 3805 laboremus.
3465 3747 3621 3804 Unde

2043 3850 2101 3904 in
2143 3844 2249 3904 hoc
2287 3861 2507 3917 quoque
2551 3853 2659 3899 tua
2701 3844 2999 3915 vigilantia
3044 3841 3418 3897 sollicitudine
3464 3841 3621 3896 volu-

2042 3954 2167 3994 mus
2187 3938 2458 4008 adjuvari,
2489 3943 2569 4002 ut,
2596 3943 2689 3990 tua
2715 3933 2982 3988 relatione
3010 3936 3288 3997 currente,
3316 3929 3447 4000 quid
3475 3930 3621 4000 apud

2042 4031 2162 4085 illas
2194 4029 2446 4099 regiones
2480 4026 2731 4081 doctrina
2767 4024 3054 4079 Dominica
3094 4021 3367 4091 proficiat,
3401 4028 3617 4090 aposto«

2040 4119 2204 4173 licam
2251 4118 2438 4173 sedem
2485 4117 2717 4171 festines
2764 4114 3091 4169 instruere:
3143 4120 3415 4182 quatenus
3468 4110 3615 4166 illius

2040 4208 2281 4279 regionis
2322 4205 2657 4271 sacerdotes,
2706 4205 2762 4257 in
2805 4217 3135 4274 quocunque
3183 4217 3314 4256 usus
3350 4201 3615 4271 exegerit,

2039 4294 2382 4371 adjuvemus‘.
2415 4298 2490 4352 De
2513 4297 2603 4351 bis
2625 4311 2777 4361 vero,
2806 4310 2927 4364 qua
2959 4293 3014 4346 in
3043 4307 3185 4362 sape
3210 4291 3358 4363 dicto
3380 4291 3619 4346 concilio

2040 4389 2232 4444 illicita
2279 4396 2471 4442 contra
2513 4383 2859 4439 venerabiles
2912 4382 3166 4437 Nicanos
3203 4395 3444 4435 canones
3476 4395 3620 4449 pra-

352 4484 647 4549 libremus,
688 4498 799 4538 non
816 4483 929 4554 jam
956 4481 1124 4554 (quod
1147 4482 1346 4552 absit!)
1377 4489 1635 4552 tanquam
1656 4482 1725 4536 de
1756 4481 1939 4537 dubiis
1969 4490 2015 4547 ι)
2043 4479 2352 4550 sumptione
2377 4484 2582 4532 tentata
2614 4483 2762 4539 sunt,
2787 4473 2855 4528 ad
2887 4472 3111 4527 fratrem
3144 4481 3201 4527 et
3228 4471 3614 4541 coepiscopum

354 4574 752 4645 disceptantes,
785 4573 883 4628 sed
914 4573 1246 4628 auctoritate
1272 4588 1487 4628 summa
1517 4588 1639 4643 qua
1666 4573 1807 4628 bene
1843 4576 1939 4628 dc-

353 4665 513 4720 finita
545 4672 676 4720 sunt
719 4672 1034 4719 astruentes
1065 4680 1078 4716 :
1109 4679 1234 4718 cum
1260 4671 1318 4718 et
1358 4662 1415 4717 in
1447 4663 1761 4733 apostolica
1789 4663 1938 4719 sedis

351 4756 610 4827 epistola,
636 4755 969 4811 universalis
997 4763 1203 4809 sancta
1227 4755 1422 4826 synodi
1445 4770 1673 4810 assensu
1700 4754 1935 4818 firmata,

352 4856 507 4903 tanta
533 4847 733 4902 divina
757 4845 1099 4901 auctoritatis
1130 4846 1449 4901 testimonia
1474 4847 1795 4903 noverimus
1816 4863 1939 4903 esse

349 4947 638 5008 congesta,
674 4946 738 4992 ut
785 4937 972 4991 nullus
1013 4944 1181 5006 queat
1233 4936 1466 4991 ulterius
1506 4937 1784 5002 dubitare,
1829 4938 1940 4993 nisi

346 5026 450 5097 qui
481 5024 812 5094 sibimetipsi
852 5039 1105 5079 errorum
1126 5024 1384 5080 tenebras
1410 5025 1617 5082 inferre
1642 5028 1936 5095 maluerit;

347 5127 411 5171 et
443 5116 725 5186 synodalia
777 5124 948 5186 gesta,
996 5115 1084 5169 vel
1138 5114 1340 5184 quibus
1391 5117 1632 5186 primum
1686 5117 1939 5172 definitio

352 5206 486 5261 fidei
515 5205 717 5277 legitur
754 5221 877 5261 esse
910 5206 1168 5272 formata,
1215 5209 1301 5260 vel
1338 5206 1542 5276 quibus
1582 5207 1824 5277 prafata
1848 5209 1933 5264 lit-

351 5308 489 5353 tera
506 5297 824 5367 apostolica
846 5296 1019 5361 sedis,
1042 5297 1209 5352 etiam
1235 5305 1342 5352 tua
1365 5298 1723 5353 fraternitatis
1749 5299 1932 5355 studio

349 5389 599 5444 defensa
633 5397 780 5455 sunt,
811 5398 867 5443 et
888 5389 1124 5445 maxime
1151 5390 1217 5445 ad
1245 5390 1521 5461 piissimus
1547 5392 1826 5462 principes
1849 5402 1932 5449 to-

351 5484 466 5536 tius
494 5482 713 5536 concilii
744 5482 1122 5548 allocutio,tot
1153 5483 1223 5538 sit
1249 5483 1676 5552 pracedentium
1707 5484 1932 5540 Patrum

350 5569 691 5627 testimoniis
721 5572 1007 5638 roborata,
1037 5581 1098 5627 ut
1132 5574 1310 5629 cuivis
1346 5574 1681 5645 imprudenti
1715 5591 1779 5630 ac
1806 5592 1934 5647 per-

441 5741 525 5797 ”l
548 5746 707 5802 Joan.
747 5762 828 5809 ιιι,
862 5747 946 5801 15.
1023 5749 1071 5781 ¹³
1097 5749 1286 5802 Matth.
1316 5766 1387 5812 χι,
1410 5750 1501 5813 29,
1543 5748 1630 5804 50.

674 5835 949 5901 PATBOL.
995 5838 1109 5899 Gn.
1160 5840 1492 5905 LXXXIII.

1713 5753 1756 5782 “
1786 5750 1944 5811 Joan.
1978 5770 2093 5822 vm,
2119 5753 2209 5808 44.
2287 5753 2333 5784 ’⁵
2360 5750 2495 5806 ibid.
2524 5749 2615 5807 38.

2038 4579 2288 4626 nostrum
2350 4565 2703 4623 Antiochena
2739 4562 2887 4618 sedis
2927 4561 3217 4632 prasulem
3258 4559 3608 4630 scripsimus,

2040 4660 2364 4732 adjicientcs
2402 4666 2459 4712 et
2502 4654 2636 4711 illud
2676 4653 2824 4724 quod
2891 4650 3054 4707 nobis
3090 4657 3317 4721 propter
3346 4646 3620 4718 improbi-

2041 4762 2207 4808 tatem
2256 4749 2656 4805 monachorum
2706 4743 3073 4816 quorumdam
3132 4741 3374 4813 regionis
3419 4748 3619 4797 vestra

2038 4845 2210 4900 verbo
2257 4839 2529 4897 mandasti
2559 4853 2657 4908 per
2699 4836 2938 4891 vicarios
2981 4842 3219 4898 nostros,
3258 4839 3314 4887 et
3348 4832 3456 4888 hoc
3495 4847 3621 4902 spe-

2039 4934 2255 4991 cialiter
2295 4937 2620 4993 statuentes,
2675 4933 2735 4980 ut
2785 4933 2986 4994 prater
3037 4921 3254 4976 Domini
3305 4920 3621 4976 sacerdotes

2042 5025 2227 5080 nullus
2255 5021 2455 5076 audeat
2503 5017 2823 5088 praedicare,
2868 5029 2965 5068 seu
3011 5012 3334 5076 monachus,
3370 5010 3486 5066 sive
3529 5011 3619 5064 ille

2039 5116 2110 5171 sit
2154 5115 2350 5177 laicus,
2396 5110 2490 5180 qui
2535 5106 2831 5179 cujuslibet
2873 5104 3122 5159 scicntia
3155 5103 3379 5158 nomine
3419 5102 3620 5173 glorie-

2037 5217 2149 5263 tur.
2200 5205 2347 5272 Quas
2376 5211 2557 5257 tamen
2598 5201 2810 5254 litteras
2852 5212 2954 5267 pro
3006 5195 3244 5251 utilitate
3288 5192 3618 5249 universalis

2039 5298 2317 5363 Ecclesia,
2358 5310 2456 5365 per
2504 5291 2823 5363 pradictum
2874 5289 3102 5342 fratrem
3126 5296 3186 5342 et
3229 5285 3614 5355 coepiscopum

2040 5400 2291 5447 nostrum
2336 5385 2650 5448 Maximum,
2698 5380 2766 5434 ad
2816 5378 3067 5433 omnium
3107 5377 3385 5431 voluimus
3421 5388 3617 5444 perve-

2039 5486 2160 5540 nire
2215 5480 2470 5536 notitiam
2525 5494 2538 5529 :
2587 5485 2644 5531 et
2692 5472 2763 5527 ob
2810 5471 2916 5527 hoc
2958 5471 3049 5524 his
3098 5466 3383 5523 noluimus
3422 5480 3610 5522 earum

2038 5573 2322 5645 exemplar
2378 5569 2640 5640 adjicere,
2705 5563 2835 5634 quia
2877 5577 2999 5633 qua
3039 5558 3307 5630 pracdicto
3357 5556 3514 5614 fratri
3550 5566 3610 5611 et

2709 5750 2756 5783 “
2783 5749 2829 5805 ll
2855 5746 2984 5803 Cor.
3012 5760 3090 5800 ιι.
3115 5743 3203 5801 28.
3235 5742 3328 5806 9.9.

3206 5831 3280 5895 42
