4072 6430
427 383 562 448 1323

1405 371 1890 433 THEODORETI
1929 370 2260 429 EPISCUI’]
2308 371 2671 431 CYRENSIS

3463 378 3467 380 ν
3528 342 3669 427 ιεει

433 490 749 562 coepiscopo
795 494 983 540 nostro
1018 478 1375 552 injunximus,
1414 491 1524 530 non
1552 475 1873 529 dubitamus
1900 473 2001 526 im—
2035 486 2072 540 Α
2104 472 2239 539 diat,
2272 472 2441 528 frater
2460 470 2808 528 eliarissime.
2839 471 2972 526 Data
2995 468 3162 526 tertio
3181 467 3312 524 ldus
3338 466 3507 534 Junii,
3540 468 3673 540 Opi-

428 582 641 656 plenda.
683 577 750 634 Et
786 577 896 632 alia
926 588 1131 640 manu:
1173 572 1318 627 Deus
1349 577 1400 622 te
1435 567 1765 623 incolumem
1814 577 1996 621 custo-

793 785 1007 857 1196
1050 780 1233 838 CXIV.
1251 807 1320 818 ——
1337 776 1612 833 Andiberi.

497 902 961 975 Religiosissimus
1000 895 1288 968 presbyter
1327 891 1525 945 Petrus
1552 884 1842 942 sacerdotii
1879 883 2001 952 qui-

429 1002 552 1056 dem
598 973 827 1052 ornatur
859 991 1143 1062 dignitate,
1204 990 1435 1039 ornatur
1461 993 1597 1034 vero
1638 986 1693 1031 et
1743 973 1999 1045 prudenti

429 1101 725 1159 corporum
766 1082 1074 1138 curatione.
1107 1077 1293 1144 Longo
1344 1080 1525 1125 autem
1564 1066 1705 1138 apud
1736 1081 1834 1119 nos
1860 1073 1995 1118 tem-

427 1154 560 1253 pore
577 1185 848 1242 versatus,
877 1185 1093 1227 morum
1115 1167 1380 1237 elegantia
1402 1163 1505 1218 sibi
1530 1174 1720 1215 omnes
1739 1154 2003 1210 devinxit.

430 1252 482 1327 ls
510 1268 892 1338 nunt-cognito
918 1264 1161 1317 discessu
1189 1272 1311 1312 meo
1329 1256 1529 1326 Cyrum
1557 1252 1867 1321 relinquere
1897 1259 2006 1303 sta-

433 1363 556 1417 tuit.
594 1360 863 1426 Quocirca
897 1350 1220 1409 commendo
1251 1349 1403 1402 illum
1426 1340 1843 1414 magniﬁcentia:
1877 1346 2003 1403 une,

432 1464 488 1510 et
528 1469 629 1506 oro
664 1459 725 1505 ut
770 1456 947 1502 vestra
983 1445 1135 1499 illum
1167 1437 1511 1511 providentia
1535 1433 1784 1515 foveatis,
1818 1439 1879 1485 ut
1909 1431 2004 1500 qui

434 1545 586 1599 utilis
618 1540 823 1597 civitati
855 1553 975 1591 esse
1017 1540 1179 1604 queat
1224 1552 1236 1584 :
1273 1530 1475 1599 quippe
1526 1525 1620 1595 qui
1666 1521 2007 1578 Alexandria:

434 1634 686 1689 habitans
726 1630 856 1684 huic
900 1628 1003 1681 arti
1054 1637 1277 1694 operam
1328 1618 1501 1674 dedit.

976 1901 1133 1959 CXV.
1155 1931 1225 1940 ——
1244 1897 1465 1970 Apellae.

504 2023 633 2097 Cyri
649 2018 1046 2094 gubernatione
1071 2018 1343 2083 suscepta,
1380 2007 1722 2065 necessarias
1756 2004 1833 2059 illi
1867 2010 2014 2057 artes

436 2096 799 2185 undequaque
843 2106 1157 2178 comparavi
1192 2122 1205 2158 :
1253 2111 1370 2157 tum
1411 2108 1594 2155 autem
1640 2110 1696 2153 et
1730 2096 2016 2151 medicinm

433 2209 660 2280 peritos,
692 2212 754 2259 ut
802 2218 923 2257 eam
975 2199 1300 2260 incolerent,
1328 2194 1584 2248 hortatus
1626 2205 1769 2244 sum.
1809 2187 2014 2241 Horum

439 2316 581 2354 unus
615 2305 699 2352 est
740 2292 1188 2364 religiosissimus
1227 2286 1515 2359 presbyter
1558 2283 1781 2345 Petrus,
1826 2280 1921 2349 qui
1964 2286 2019 2331 et

435 2396 609 2443 artem
650 2382 952 2455 prudenter
986 2387 1201 2443 tractat,
1233 2388 1290 2432 et
1320 2376 1462 2429 hanc
1495 2371 1743 2427 moribus
1768 2376 2014 2423 exornat.

437 2477 595 2532 Nunc
636 2481 817 2528 autem
863 2468 1197 2524 abeuntibus
1238 2464 1397 2519 nobis
1449 2461 1542 2517 alii
1590 2474 1810 2529 quoque
1860 2455 2019 2510 multi

439 2568 581 2622 hanc
632 2565 1002 2633 relinquunt:
1053 2558 1205 2614 abire
1250 2564 1433 2611 autem
1486 2564 1541 2608 et
1589 2554 1706 2622 ipse
1758 2548 2016 2604 instituit.

437 2658 617 2725 Quare
655 2652 1114 2726 magniﬁcentiam
1166 2657 1318 2704 tuam
1352 2662 1471 2713 oro,
1528 2653 1590 2699 ut
1638 2643 1787 2697 illius
1837 2654 2020 2696 curam

439 2754 611 2818 gerat.
639 2745 877 2800 Idoncus
908 2743 1059 2798 enim
1095 2748 1179 2795 est
1205 2740 1299 2811 qui
1323 2740 1339 2758 '
1361 2746 1417 2794 et
1448 2736 1610 2809 aegris
1658 2750 1819 2805 opem
1860 2732 2019 2797 ferat,

437 2846 495 2893 ct
529 2837 752 2893 morbos
784 2842 1086 2906 oppugnet.

808 3043 990 3099 CXVI.
1014 3073 1084 3082 —
1103 3041 1305 3095 Renato
1335 3040 1654 3111 presbytero.

517 3156 880 3227 cognovimus
917 3154 1200 3209 ardentem
1232 3153 1549 3224 iustumque
1582 3151 1759 3206 zelum
1809 3149 2029 3220 pietatis

2103 564 2250 620 lione
2281 567 2402 621 viro
2434 564 2740 620 clarissimo
2772 564 3016 620 consule.

2596 770 2740 823 PIA'.
2759 799 2830 809 —
2861 768 3171 838 Ἀνδίόερι.

2186 878 2246 930 '0
2294 877 2683 941 εὐλαϐέστατος
2729 876 3096 947 πρεσϐύτερος
3131 874 3338 946 Πέτρος
3393 876 3683 943 κοσμεῖται

2110 971 2207 1038 μὲν
2239 972 2306 1038 τῇ
2340 969 2436 1040 τῆς
2463 968 2760 1041 ἱερωσύνης
2798 968 2943 1039 ἀξίᾳ,
2976 971 3259 1037 κοσμεῖται
3288 965 3345 1020 δὲ
3374 965 3466 1020 καὶ
3482 968 3549 1035 τῇ
3572 966 3684 1018 τῶν

2110 1062 2380 1129 σωμάτων
2419 1058 2611 1129 λογικῇ
2642 1057 2927 1130 θεραπείᾳ.
2962 1057 3162 1127 Συχνὸν
3187 1056 3245 1109 δὲ
3276 1056 3405 1127 παρ’
3433 1056 3565 1125 ἡμῖν
3598 1056 3685 1108 οἰ-

2109 1151 2281 1220 κήσας
2310 1149 2520 1219 χρόνον,
2551 1143 2689 1202 εἷλεν
2733 1147 2980 1209 ἅπαντας
3017 1148 3082 1217 τῇ
3121 1147 3228 1199 τῶν
3262 1145 3410 1218 ἠθῶν
3447 1145 3687 1215 εὐαρμυο

2111 1241 2257 1310 στίᾳ,
2295 1234 2463 1302 Οὗτος
2494 1240 2589 1293 νῦν
2624 1238 2723 1308 τὴν
2760 1237 2977 1308 Κύρῤον
3010 1235 3326 1289 καταλιπεῖν
3372 1234 3683 1304 ἐδοκίμασε,

2109 1330 2207 1402 τὴν
2247 1330 2384 1401 ἐμὴν
2418 1329 2683 1401 ἐκδημίαν
2723 1327 3099 1399 μεμαθηκώςμ
3125 1320 3201 1379 Οὐ
3240 1324 3305 1397 δὴ
3334 1325 3493 1396 χάριν
3523 1324 3687 1398 αὐτὸν

2110 1426 2177 1493 τῇ
2230 1422 2471 1493 ὑμετέρᾳ
2526 1420 2967 1491 μεγαλοπρεπείᾳ
3015 1418 3325 1490 συνίστημι,
3379 1416 3472 1471 καὶ
3510 1432 3690 1486 παρα-

2113 1513 2261 1568 καλῶ
2298 1514 2396 1583 τῆς
2431 1512 2704 1584 ὑμετέρας
2748 1510 2910 1564 αὐτὸν
2949 1508 3289 1582 προμηθείας
3318 1509 3518 1578 τυχεῖνν
3553 1507 3690 1577 Χρή-

2117 1620 2275 1673 σιμον
2341 1603 2504 1656 αὐτὸν
2563 1604 2630 1674 τῇ
2692 1600 2846 1654 πόλει
2905 1599 3158 1671 γενέσθαι
3205 1598 3519 1669 δυνάμενον.
3573 1596 3689 1666 Τὴν

2115 1699 2223 1767 γὰρ
2265 1694 2669 1765 Ἀλεξάνδρειαν
2698 1695 2925 1765 οἰκήσας
2953 1692 3051 1761 τὴν
3078 1689 3333 1760 τοιαύτην
3363 1689 3570 1759 ἤσκησε
3594 1687 3691 1740 τέ-

2116 1806 2269 1860 χνην.

2546 1896 2695 1951 PIE’.
2727 1926 2799 1936 --ς
2830 1894 3088 1964 Ἀπελλῇ
3128 1895 3262 1963 (79).

2185 2012 2295 2082 Τὴν
2333 2010 2550 2081 Κύρῤον
2587 2009 2786 2064 ἰθύνειν
2830 2007 3010 2079 λαχὼν
3060 2008 3160 2071 τὰς
3204 2006 3511 2075 ἀναγκαίας
3552 2005 3693 2077 αὐτῇ

2118 2102 2383 2157 πάντοθεν
2420 2100 2650 2171 ὲπόρισα
2670 2101 2887 2170 τέχνας·
2923 2098 3061 2169 πρὸς
3105 2098 3162 2150 δὲ
3194 2096 3402 2160 τούτοις
3437 2095 3535 2148 καὶ
3565 2096 3695 2158 τούς

2115 2195 2215 2264 τῆς
2282 2194 2531 2266 ἰατρικῆς
2590 2194 2961 2263 ἐπιστήμονας
3021 2190 3241 2260 οἰκῆσαι
3298 2189 3504 2261 ταύτην
3559 2205 3697 2258 προ-

2119 2283 2343 2355 έτρεψα.
2369 2277 2464 2347 Εἰς
2504 2285 2708 2336 τούτων
2747 2282 2894 2334 ἐστὶν
2927 2283 2955 2336 ὁ
2977 2280 3369 2341 εὐλαϐέστατος
3394 2277 3699 2349 πρεσϐύτε-

2124 2394 2213 2447 ρος
2241 2375 2466 2446 Πέτρος,
2498 2373 2731 2442 λογικῶς
2778 2373 2877 2445 μὲν
2918 2371 3308 2443 μεταχειρίζων
3339 2372 3441 2442 τὴν
3477 2370 3699 2440 τέχνην,

2121 2467 2338 2538 κοσμῶν
2366 2467 2423 2521 δὲ
2450 2466 2652 2537 ταύτην
2674 2468 2786 2529 τοῖς
2814 2465 3020 2537 ῆθεσιν.
3064 2464 3225 2518 Ἀλλά
3268 2462 3363 2517 νῦν
3401 2461 3704 2533 ὲκδημούν-

2119 2578 2228 2615 των
2279 2559 2435 2630 ήμῶν
2482 2559 2666 2612 πολλοί
2711 2558 2809 2629 μιν
2848 2559 2944 2611 καὶ
2974 2557 3121 2612 ἄλλοι
3166 2555 3373 2625 ταύτην
3408 2555 3704 2615 ἀπέλιπον,

2122 2650 2431 2720 ἐκδημῆσαι
2450 2648 2508 2701 δὲ
2542 2648 2637 2701 καὶ
2675 2646 2833 2710 αὐτὸς
2860 2646 3171 2729 εδοκίμασε.
3201 2644 3302 2698 Διά
3326 2661 3407 2698 τοι
3429 2644 3583 2697 τοῦτο
3602 2643 3703 2713 τὴν

2125 2740 2222 2812 σὴν
2271 2738 2576 2812 παρακαλῶ
2636 2738 3109 2810 μεγαλοπρέπειαν
3163 2736 3490 2809 κηδεμονίας
3537 2737 3708 2789 αὐτὸν

2125 2835 2374 2903 ἀξιῶσαι.
2436 2836 2640 2898 Ἱκανὸς
2679 2836 2786 2906 γάρ
2827 2837 2977 2888 ἐστιν
3026 2834 3384 2907 ἐπικουρῆσαι
3436 2835 3548 2897 τοῖς
3603 2833 3707 2887 κά·-

2130 2943 2341 2997 μνουσι,
2380 2927 2474 2979 καὶ
2499 2924 2806 2996 πολεμῆσαι
2830 2927 2950 2988 ταῖς
2970 2924 3169 2987 νόσοις.

2336 3044 2499 3109 Ριςῖι.
2534 3071 2604 3080 ——
2656 3039 2911 3106 Ῥενάτῳ
2941 3037 3323 3108 πρεσϐυτέρῳ
3357 3038 3488 3110 (80).

2203 3153 2490 3222 Ἐγνωμεν
2515 3148 2605 3205 τὸν
2630 3149 2830 3222 θερμὸν
2871 3150 2963 3203 καὶ
2994 3149 3201 3203 δίκαιον
3228 3152 3327 3222 τῆς
3366 3149 3464 3219 σῆς
3494 3148 3705 3219 ὁσιότη-

442 3255 571 3312 tuae,
585 3253 642 3301 et
653 3244 1011 3316 iustissimam
1026 3258 1090 3297 ac
1109 3242 1406 3312 legitimam
1422 3241 1755 3306 libertatem,
1775 3215 1882 3309 qua
1900 3254 2021 3295 usus

2131 3264 2221 3311 τος
2252 3215 2431 3314 ζῆλον,
2467 3246 2561 3299 καὶ
2600 3215 2706 3314 τὴν,
2733 3215 3084 3315 δικαιοτάτην
3110 3243 3203 3297 καὶ
3228 3215 3449 3312 ἔννομον
3479 3215 3699 3313 παρῤηλ

442 3351 524 3402 es,
550 3351 675 3389 cum
715 3350 781 3391 ea
808 3350 931 3405 quae
962 3333 1109 3405 apud
1138 3333 1417 3403 Ephesum
1448 3340 1656 3386 temere
1687 3331 2029 3400 licenterque

443 3437 564 3484 acta
591 3435 721 3482 sunt
749 3426 1210 3498 reprehenderes.
1243 3424 1357 3479 Nec
1387 3424 1489 3479 soli
1541 3438 1643 3477 nos
1687 3423 1899 3493 1197
1924 3423 2027 3476 ista

443 3518 743 3576 didicimus
795 3516 942 3572 :sed
991 3517 1048 3570 in
1089 3530 1311 3570 omnem
1361 3523 1564 3570 terram
1618 3522 1781 3567 recta:
1831 3512 2029 3567 mentis

446 3622 554 3667 tute
593 3625 765 3667 sonus
786 3610 976 3675 exivit,
1004 3616 1060 3663 et
1079 3623 1270 3663 omnes
1294 3606 1585 3679 justitiam,
1614 3606 1813 3670 zelum,
1857 3604 2029 3658 liber-

446 3710 637 3768 tatem,
667 3710 725 3756 et
760 3700 1027 3754 adversus
1056 3699 1403 3768 iniquitatem
1437 3698 1668 3767 injectas
1696 3712 1727 3750 a
1760 3704 1813 3750 te
1852 3696 2029 3751 minas

446 3790 760 3845 decantant.
807 3788 874 3841 Et
910 3787 1029 3840 lucc
1075 3786 1297 3855 quidem
1345 3787 1457 3856 egit
1506 3786 1685 3854 pietas
1730 3793 1843 3851 tua,
1896 3799 2023 3838 cum

449 3880 666 3935 unicam
692 3877 895 3933 caedem
925 3876 1318 3946 conspexisset.
1348 3875 1504 3942 Quod
1536 3875 1581 3930 si
1609 3882 1833 3930 canoras
1862 3875 2026 3929 etiam

448 3969 683 4025 vidisses
717 3984 839 4038 quia
883 3975 1013 4036 post
1046 3965 1348 4022 discessum
1400 3975 1554 4023 tuum
1598 3974 1827 4037 patrata:
1875 3975 2025 4033 sunt,

450 4062 712 4117 Phineem
742 4060 895 4114 illum
928 4059 1160 4114 fortasse
1205 4059 1451 4114 imitatus
1494 4074 1664 4113 esses.
1714 4058 1794 4112 Ex
1829 4057 1895 4113 iis
1933 4075 2030 4113 au-

451 4163 558 4207 tem
586 4194 600 4217 ,
635 4151 729 4221 qui
765 4158 887 4221 post
916 4151 1034 4205 haec
1066 4150 1311 4205 damnati
1353 4149 1527 4215 fuere,
1559 4165 1704 4204 unus
1742 4165 1844 4219 ego
1882 4165 2025 4217 sum,

448 4259 517 4297 ne
553 4243 684 4297 illuc
731 4243 867 4297 irem
916 4242 1084 4313 regiis
1127 4241 1330 4296 litteris
1377 4241 1714 4312 prohibitus,
1752 4249 1810 4295 et
1844 4248 2028 4295 tamen

447 4334 646 4387 absens
689 4332 1106 4388 condemnatus.
1133 4334 1264 4387 Post
1306 4347 1403 4388 sex
1430 4334 1579 4388 enim
1608 4342 1664 4388 et
1694 4332 1890 4403 viginti
1914 4331 2030 4400 epi-

448 4433 706 4495 scOpatus
729 4440 922 4490 annos,
942 4434 1066 4494 post
1095 4425 1342 4480 inﬁnitos
1364 4425 1601 4493 labores,
1626 4434 1751 4496 post
1774 4436 2030 4495 suscepta

2132 3339 2271 3403 σίαν,
2369 3337 2733 3409 χρησάμενος,
2761 3335 3017 3400 δέσποτα,
3046 3334 3115 3389 τὰ
3158 3338 3217 3389 ἐν
3262 3334 3472 3405 Ἐφέσῳ
3505 3333 3711 3405 τολμη-

2130 3429 2287 3483 θέντα
2327 3430 2579 3501 ῆλεγξας.
2634 3428 2745 3499 Οὐχ
2792 3429 2955 3499 ἡμεῖς
2995 3427 3051 3480 δὲ
3098 3428 3247 3498 μόνοι
3306 3425 3709 3497 μεμαθήκαμεν

2128 3521 2321 3585 ταῦτα,
2358 3519 2472 3573 ἀλλ’
2528 3519 2608 3582 εἰς
2657 3520 2836 3572 πᾶσαν
2884 3518 2981 3583 τὴν
3019 3518 3121 3588 γῆν
3151 3516 3250 3587 τῆς
3284 3518 3381 3587 σῆς
3419 3515 3713 3588 ὀρθότητος

2129 3609 2348 3683 ἐξῆλθεν
2379 3613 2406 3664 ό
2438 3610 2694 3679 φθόγγος,
2727 3609 2822 3662 καὶ
2855 3610 3054 3671 πάντες
3088 3607 3275 3680 ᾄδουσι
3314 3609 3411 3678 τὴν
3434 3606 3712 3661 δικαιοσύ-

2129 3722 2246 3775 νην,
2281 3703 2371 3755 τὸν
2397 3701 2576 3772 ζῆλον,
2607 3701 2705 3771 τὴν
2740 3700 3073 3773 παρρησίαν,
3103 3699 3201 3763 τὰς
3231 3700 3371 3754 κατὰ
3397 3699 3498 3767 τῆς
3528 3714 3713 3770 παρα-

2128 3793 2320 3864 νομίας
2359 3792 2487 3863 παρ’
2522 3791 2675 3862 ὑμῶν
2707 3791 3081 3861 γεγενημένας
3117 3790 3364 3854 ἀπειλάς.
3401 3790 3511 3843 Καὶ
3535 3789 3714 3845 ταῦτα

2128 3885 2320 3957 ἔδρασέ
2350 3902 2442 3937 σου
2472 3885 2505 3953 ἡ
2530 3884 2765 3954 ὁσιότης,
2812 3884 2912 3954 τὴν
2945 3883 3075 3954 μίαν
3119 3883 3427 3953 θεασαμένη
3471 3882 3710 3952 σφαγήν.

2129 3977 2192 4030 Ei
2214 3976 2270 4029 δὲ
2307 3975 2401 4028 καί
2434 3975 2534 4039 τὰς
2562 3974 2727 4038 ἄλλας
2767 3974 3033 4045 έωράκεις
3060 3972 3159 4036 τὰς
3193 3972 3331 4041 μετὰ
3360 3971 3455 4041 τὴν
3486 3972 3585 4041 σὴν
3614 3971 3714 4025 ὲκ-

2128 4066 2330 4137 δημίαν
2384 4065 2784 4135 γεγενημένας,
2838 4064 2979 4134 τάχα
3031 4063 3097 4117 ἂν
3140 4062 3229 4116 τδν
3269 4060 3452 4124 Φινεὲς
3503 4062 3711 4115 ἐκεῖνον

2130 4142 2430 4228 ὲζῆλωσας.
2473 4151 2569 4221 Εἷς
2600 4156 2657 4209 δὲ
2705 4155 2815 4208 τῶν
2865 4152 3004 4224 μετά
3049 4153 3220 4208 ταῦτα
3272 4151 3712 4222 κατακριθέντων

2130 4247 2263 4317 ἐγὼ,
2295 4248 2523 4318 δραμεῖν
2562 4247 2659 4317 μὲν
2707 4245 2895 4301 αὐτόθι
2942 4244 3206 4308 κωλυθεὶς
3250 4244 3337 4298 διὰ
3366 4242 3713 4315 γραμμάτων

2132 4340 2444 4412 βασιλικῶν
2474 4334 2672 4417 λὰπὼν.
2692 4339 2747 4392 δὲ
2779 4338 3147 4411 κατακριθείς.
3181 4337 3336 4392 Μετὰ
3369 4336 3478 4408 γὰρ
3524 4334 3583 4400 ἒξ
3617 4334 3714 4388 καὶ

2131 4431 2332 4484 εἴκοσιν
2359 4429 2452 4500 ἐτη
2480 4429 2579 4499 τῆς
2601 4429 2923 4499 ἐπισκοπῆς.
2945 4428 3083 4499 μετὰ
3104 4429 3228 4490 τούς
3253 4426 3477 4486 πολλοὺς
3502 4425 3595 4478 καὶ
3618 4442 3715 4494 μυο

448 4530 549 4585 pro
584 4516 787 4585 pietate
816 4515 1142 4582 certamina,
1172 4527 1296 4586 post
1326 4517 1539 4572 oblatas
1567 4518 1812 4572 omnium
1841 4517 2021 4571 Salva-

2138 4520 2283 4591 ρίους
2306 4521 2520 4585 πόνους,
2552 4518 2689 4590 μετὰ
2710 4519 2835 4582 τούς
2866 4518 3005 4588 ὑπὲρ
3032 4517 3128 4586 τῆς
3157 4516 3439 4578 εὐσεϐείας
3469 4514 3712 4582 ἀγῶνας,

452 4606 552 4660 tori
578 4607 778 4661 multas
799 4607 1191 4663 haereticorum
1219 4623 1250 4661 a
1275 4608 1513 4678 pristino
1546 4608 1810 4663 abductas
1841 4624 2029 4664 errore

449 4693 745 4761 myriadas,
776 4694 1087 4749 sacerdotio
1112 4711 1201 4750 me
1235 4695 1562 4765 spoliarunt,
1598 4696 1938 4766 ejiciuntque
1964 4711 2033 4751 ex

450 4783 691 4847 civitate,
738 4798 843 4839 nec
875 4794 1215 4841 senectutem
1243 4785 1492 4850 reveriti,
1538 4802 1642 4840 nec
1671 4786 1930 4841 canitiem
1974 4788 2032 4842 in

450 4874 654 4941 pietate
676 4876 958 4930 nutritam.
987 4876 1160 4943 Quam
1198 4877 1270 4931 ob
1298 4892 1518 4931 causam
1542 4893 1642 4931 oro
1674 4881 2025 4936 sanctitatem

454 4970 620 5026 tuam,
656 4966 1003 5021 sanctissimo
1032 4976 1087 5020 ct
1114 4967 1436 5021 beatissimo
1462 4967 1876 5040 archiepiscopo
1910 4987 2035 5041 per-

452 5053 676 5109 suadeat
704 5064 766 5109 ut
817 5057 1117 5127 apostolica
1152 5065 1424 5127 potestate
1461 5067 1650 5113 utatur
1686 5047 1754 5115 ’et
1799 5060 1869 5115 ad
1902 5078 2037 5118 cou-

452 5144 639 5198 cilium
695 5156 942 5201 vestrum
998 5147 1256 5203 advolare
1310 5150 1611 5219 praecipiat.
1664 5150 1841 5207 Habet
1885 5155 2031 5208 enim

452 5234 796 5289 sanctissima
855 5236 949 5290 illa
1007 5238 1167 5293 sedes
1213 5239 1586 5296 Ecelesiarum
1618 5260 1740 5314 quae
1794 5245 1851 5300 in
1917 5257 2033 5302 toto

451 5331 579 5375 sunt
631 5322 766 5377 orbe
810 5324 1177 5393 principatum
1235 5327 1422 5382 multis
1471 5330 1810 5396 nominibus,
1865 5341 2031 5401 atque

452 5409 558 5465 hoc
603 5422 728 5469 ante
759 5416 962 5480 omnia,
1005 5417 1150 5485 quod
1202 5417 1269 5472 ab
1303 5419 1559 5475 lueretica
1600 5421 1724 5477 tabe
1771 5423 2034 5479 immunis

452 5504 671 5570 mansit,
707 5520 811 5561 nec
858 5506 1001 5560 ullus
1035 5510 1308 5563 contraria
1345 5512 1591 5567 sentiens
1640 5515 1697 5568 in
1741 5514 1830 5569 illa
1865 5515 2027 5581 sedit,

455 5678 762 5812 “£39233?
784 5690 841 5736 et
881 5682 1023 5752 apud
1055 5684 1252 5739 Baron.
1287 5691 1418 5741 tom.
1459 5686 1543 5752 Vl,
1573 5702 1628 5756 p.
1661 5686 1751 5753 28,
1785 5688 1851 5743 ad
1883 5704 1934 5742 α,
1958 5688 2020 5743 (ζ,

2140 4613 2277 4681 μετὰ
2306 4612 2367 4665 τὸ
2389 4612 2753 4682 προσενέγκαι
2773 4609 2850 4681 τῷ
2878 4610 3089 4680 Σωτῆρι
3111 4609 3217 4663 τῶν
3248 4607 3385 4662 ὅλων
3411 4607 3609 4668 πολλάς
3631 4608 3717 4659 αἰ-

2140 4703 2369 4774 ρετικῶν
2402 4703 2670 4775 μυριάδας
2694 4701 2794 4771 τῆς
2823 4701 3095 4772 προτέρας
3128 4701 3334 4769 πλάνης
3357 4695 3715 4771 ἀπηλλαγμέ-

2136 4812 2251 4858 νας,
2304 4794 2627 4864 ἐγύμνωσαν
2660 4794 2759 4864 μὲν
2798 4792 3118 4863 ἱερωσύνης,
3155 4792 3500 4858 ἐξελαύνουσι
3532 4789 3589 4844 δὲ
3616 4790 3713 4843 καὶ

2140 4885 2367 4949 πόλεως,
2406 4884 2527 4937 οὐδὲ
2558 4882 2615 4935 τὸ
2637 4883 2813 4953 γῆρας
2845 4881 3204 4944 αἰδεσθέντες,
3229 4880 3349 4933 οὐδὲ
3385 4880 3483 4951 τὴν
3522 4878 3716 4933 πολιὰν

2137 4975 2235 5046 τὴν
2268 4975 2324 5026 ὲν
2347 4973 2598 5045 εὐσεϐείᾳ
2626 4976 2941 5044 τραφεῖσαν.
2978 4971 3078 5024 Διά
3097 4989 3180 5024 τοι
3212 4969 3368 5024 τοῦτο
3398 4972 3496 5039 τὴν
3519 4969 3717 5039 ὑμετέ-

2142 5079 2242 5131 ραν
2267 5060 2574 5129 ἁγιωσύνην
2598 5060 2923 5131 παρακαλῶ,
2959 5063 3142 5114 πεῖσαι
3172 5060 3263 5112 τὸν
3291 5058 3594 5127 ἁγιώτατον
3622 5059 3717 5111 καὶ

2138 5150 2434 5204 ὁσιώτατον
2491 5150 2920 5221 ἁρχιεπίσκοπον
2949 5152 3014 5220 τῇ
3047 5146 3376 5219 ἁποστολικῇ
3405 5147 3721 5220 χρήσασθαι

2137 5240 2371 5315 ἐξουσίᾳ,
2406 5241 2500 5295 καὶ
2546 5243 2624 5305 εἰς
2665 5241 2725 5294 τὸ
2776 5241 3042 5311 ὑμέτερον
3083 5239 3415 5309 ἀναδραμεῖν
3460 5237 3723 5290 κελεῦσαι

2140 5335 2434 5406 συνέδριον.
2470 5335 2624 5405 Ἔχει
2654 5333 2762 5402 γὰρ
2790 5333 2817 5385 ὁ
2848 5334 3109 5399 πανάγιος
3143 5330 3330 5402 θρόνος
3372 5331 3574 5390 ἐκεῖνος
3612 5329 3722 5380 τῶν

2144 5426 2285 5478 κατὰ
2322 5425 2418 5494 τὴν
2457 5424 2783 5494 οἰκουμένην
2818 5420 3153 5492 Ἑκκλησιῶν
3183 5421 3280 5491 τὴν
3311 5419 3603 5490 ἠγεμονίαν
3634 5418 3721 5469 διὰ

2146 5516 2333 5576 πολλὰ,
2372 5515 2461 5566 καὶ
2503 5515 2606 5584 πρδ
2639 5512 2745 5566 τῶν
2782 5512 2956 5566 ἄλλων
3001 5510 3274 5578 ἁπάντων,
3314 5511 3395 5563 ὅτι
3432 5506 3719 5579 αίρετικῆς

2138 5688 2322 5813 “(98.0)
2351 5689 2539 5743 Exstat
2587 5688 2721 5742 ibid.
2770 5696 2903 5743 tom.
2936 5688 3024 5755 Vl,
3060 5704 3121 5757 ι).
3159 5687 3263 5744 1θὸ
3290 5701 3406 5756 seq.
3451 5685 3518 5740 ad
3557 5701 3611 5740 ι.
3652 5683 3718 5743 C.
