4072 6450
398 331 537 399 1325

1716 313 2075 377 EPISTOLA
2115 312 2344 395 cxvu.

3518 310 3655 376 1326

397 445 679 523 μεμένηκε
731 441 994 505 δυσωδίας
1038 439 1302 511 ἀμύητος,
1355 440 1451 491 καλ⁴
1500 435 1674 499 οὐδεὶς
1719 431 1980 523 τάναντία

2103 426 2175 482 μοι]
2198 424 2553 496 apostolicam
2577 423 2806 495 gratiam
2837 423 3103 496 integram
3134 426 3499 483 conservavit.
3525 429 3658 497 Quae

390 520 614 605 (ppova
655 532 736 593 είς
780 531 986 583 ἐκεῖνον
1012 527 1290 585 ἐκάθισεν.
1322 525 1459 579 ἀλλὰ
1490 525 1589 595 τὴν
1618 520 1979 589 ἁποστολικὴν

393 626 560 696 χάριν
585 624 863 693 ἀκήρατον
898 617 1203 687 διεφύλαξε.
1256 617 1339 671 Τὰ
1377 617 1486 689 γὰρ
1519 616 1648 686 παρ’
1680 613 1833 683 ὑμῶν
1859 628 1981 682 κρι-

392 718 674 788 θησόμενα
703 714 1018 783 στέρξομεν,
1056 713 1216 765 όποῖα
1240 710 1304 764 ἂν
1334 705 1391 783 ᾖ,
1415 712 1479 780 τῇ
1513 709 1755 779 ὑμετέρᾳ
1780 706 1982 758 δικαιο-

393 808 590 880 κρισία
622 804 950 875 θαρροῦντες
975 818 989 830 ·
1018 805 1113 858 καὶ
1138 802 1392 873 ἀξιοῦμεν
1424 800 1532 853 ἀπὸ
1554 798 1661 852 τῶν
1691 795 1981 868 ἐγγράφων

391 899 675 970 κριθῆναι.
713 894 938 958 Πλείους
979 894 1089 964 γὰρ
1125 893 1157 964 ἦ
1191 892 1483 962 τριάκοντα
1538 886 1850 957 συνέγραψα
1899 883 1980 954 βί-

396 990 582 1051 ϐλους,
612 987 753 1040 κατὰ
776 985 987 1057 ’Δρείου
1006 983 1116 1037 καὶ
1145 982 1431 1051 Εύνομίου,
1465 980 1604 1033 κατά
1632 976 1979 1048 Μαρκίωνος,

396 1081 547 1135 κατὰ
576 1077 937 1138 Μακεδονίου,
983 1075 1123 1129 κατά
1171 1073 1461 1143 Ἑλλήνων,
1501 1069 1642 1124 κατά
1690 1068 1978 1122 Ἰουδαίωνο

397 1173 727 1244 ἡρμήνευσα
774 1169 830 1221 δὲ
866 1169 960 1221 καὶ
993 1168 1092 1235 τὴν
1124 1166 1274 1218 θείαν
1301 1164 1541 1234 Γραφήν·
1568 1163 1662 1215 καὶ
1695 1160 1871 1232 ῥᾴδιον
1903 1156 1981 1228 τῷ

398 1261 714 1331 βουλομένῳ
739 1257 1098 1329 καταμαθεῖν,
1126 1255 1202 1319 ὡς
1235 1258 1345 1317 τοῖς
1383 1253 1758 1313 ἀποστολικοῖς
1782 1250 1982 1319 ἴχνεσιν

395 1348 770 1421 ἠκολούθησα,
812 1347 906 1399 ἕνα
951 1346 1235 1416 κηρύττων
1284 1344 1430 1408 Υίδν,
1470 1341 1545 1404 ὼς
1592 1341 1688 1394 ἕνα
1741 1338 1979 1409 Πατέρα,

395 1442 502 1495 καὶ
552 1440 611 1493 ἓν
668 1437 820 1505 ἅγιον
878 1435 1118 1507 Πνεῦμα·
1161 1435 1288 1506 μίαν
1333 1434 1431 1502 τῆς
1465 1433 1694 1503 Τριάδος
1730 1430 1979 1500 θεότητα,

401 1533 538 1604 μίαν
575 1529 872 1600 βασιλείαν.
908 1528 1035 1596 μίαν
1080 1525 1350 1591 ἐξουσίαν,
1381 1524 1678 1593 ἀῖὸιότητα,
1719 1521 1983 1593 ἀτρεπτό-

395 1639 567 1691 τητα,
597 1619 888 1682 ἀπάθειαν,
922 1618 979 1671 ἓν
1015 1616 1248 1688 θέλημα,
1276 1615 1489 1668 τελείαν
1514 1613 1607 1668 τοῦ
1631 1612 1837 1684 Κυρίου
1878 1613 1985 1683 Ἰη-

400 1712 504 1767 σοῦ
535 1711 772 1783 Χριστοῦ
801 1711 898 1776 τὴν
929 1711 1179 1780 θεότητα,
1209 1707 1419 1761 τελείαν
1443 1707 1543 1776 τὴν
1567 1704 1981 1775 ἀνθρωπότητα,

2082 534 2112 573 a
2159 517 2316 571 vobis
2355 516 2562 571 fuerint
2607 516 2871 587 judicata,
2920 517 2978 571 in
3014 518 3121 584 his,
3154 519 3560 591 qualiacunque
3592 537 3657 576 ea

2080 608 2472 680 erunt.judicii
2501 609 2667 663 vestri
2698 608 2943 679 aequitati
2974 609 3315 667 conﬁdentes
3343 613 3661 682 acquiesce-

2082 715 2205 753 mus
2231 717 2243 753 :
2269 707 2326 754 et
2375 715 2630 768 rogamus
2675 712 2736 754 ut
2765 700 3037 770 judicium
3074 717 3142 756 ex
3193 702 3413 773 scriptis
3454 706 3661 758 consti-

2084 797 2292 845 tuatur.
2322 789 2517 844 Libros
2537 790 2681 845 enim
2715 791 2906 861 scripsi
2938 792 3172 862 amplius
3191 792 3435 863 triginta,
3467 793 3661 848 adver-

2083 896 2178 936 sus
2231 879 2423 935 Arium
2461 888 2518 935 ct
2576 882 2928 947 Eunomium,
2969 882 3233 938 adversus
3288 884 3655 951 Marcionem,

2081 972 2349 1026 adversus
2388 971 2786 1038 Macedoniam,
2817 972 3080 1028 adversus
3109 974 3363 1045 gentiles,
3393 976 3660 1031 adversus

2080 1063 2319 1118 Iudaeos.
2346 1064 2746 1134 lnterpretatus
2777 1048 2898 1119 sum
2927 1081 3143 1136 quoque
3170 1067 3656 1139 1198.divinam

2083 1153 2425 1224 Scripturam
2449 1173 2459 1207 :
2483 1166 2541 1211 et
2557 1156 2718 1211 facile
2738 1165 2843 1222 est,
2866 1157 2911 1212 si
2929 1158 3053 1227 quis
3073 1159 3223 1223 velit,
3246 1160 3659 1229 deprehendere

2082 1259 2170 1299 me
2201 1261 2300 1315 per
2329 1248 2629 1316 apostolica
2654 1249 2882 1319 vestigia
2917 1249 3230 1316 incessisse,
3269 1267 3438 1306 unum
3470 1254 3663 1321 praedi-

2082 1336 2256 1391 cando
2280 1338 2499 1405 Filium,
2521 1339 2849 1394 sicutunum
2869 1341 3104 1406 Patrem,
3123 1351 3178 1397 et
3197 1358 3366 1396 unum
3400 1342 3662 1413 Spiritum

2082 1438 2364 1492 sanctum,
2402 1444 2567 1483 unam
2600 1429 2887 1485 Trinitatis
2929 1430 3275 1486 divinitatem
3297 1474 3312 1499 ,
3343 1446 3513 1487 unum
3548 1434 3667 1489 ‘re-

2081 1538 2271 1593 gnum,
2299 1536 2462 1576 unam
2487 1523 2807 1591 potentiam,
2836 1523 3219 1588 aeternitatem,
3248 1524 3666 1583 immutabilita-

2085 1621 2214 1675 tem,
2245 1612 2757 1681 impassibilitatem,
2778 1628 2944 1668 unam
2973 1615 3335 1680 voluntatem,
3364 1615 3665 1686 perfectam

2082 1703 2296 1757 Domini
2313 1703 2484 1757 nostri
2501 1703 2630 1759 Jesu
2645 1703 2849 1761 Christi
2863 1705 3227 1771 divinitatem,
3248 1709 3544 1778 perfectam
3562 1710 3667 1764 hu-

399 1806 505 1876 τὴν
537 1805 624 1859 διὰ
656 1805 754 1875 τὴν
776 1803 1050 1874 ἡμετέραν
1077 1801 1351 1873 σωτηρίαν
1375 1799 1689 1869 ληφθεῖσαν,
1719 1797 1812 1850 καὶ
1843 1795 1982 1865 ὑπὲρ

2103 1796 2420 1861 nanitatem,
2445 1811 2566 1866 quae
2590 1804 2814 1866 propter
2847 1804 3089 1853 nostram
3124 1799 3357 1854 salutem
3386 1808 3662 1871 assumpta

398 1898 567 1969 ἡμῶν
606 1896 684 1967 τῷ
715 1896 930 1966 θανάτῳ
958 1892 1374 1965 παραδοθεῖσαν.
1406 1892 1519 1944 Οὐκ
1559 1889 1717 1944 ἄλλον
1747 1883 1865 1941 οἶδα
1896 1886 1985 1939 τὸν

404 1989 540 2041 Υἰδν
574 1984 668 2039 τοῦ
707 1983 1017 2054 ἀνθρώπου,
1069 1982 1163 2035 καὶ
1195 1980 1352 2035 ἄλλον
1389 1981 1479 2034 τὸν
1520 1980 1647 2032 Υἱὸν
1687 1976 1781 2030 τοῦ
1826 1973 1982 2028 Θεοῦ·

403 2079 548 2131 ἀλλά
574 2079 664 2130 τὸν
693 2073 874 2136 αὑτὸν,
902 2073 1029 2127 Υἰὸν
1060 2072 1158 2144 μὲν
1185 2070 1278 2125 τοῦ
1312 2070 1448 2125 Θεοῦ
1478 2071 1572 2124 καὶ
1601 2069 1732 2122 Θεὸν
1761 2071 1824 2121 ὲκ
1852 2064 1987 2119 Θεοῦ

403 2169 794 2240 γεγενημένον’
828 2167 953 2220 Υἱὸν
981 2165 1037 2218 δὲ
1066 2163 1376 2236 ἀνθρώπου,
1418 2163 1505 2217 διὰ
1526 2163 1621 2234 τὴν
1656 2164 1719 2214 ἐκ
1750 2162 1990 2231 σπέρμα-

402 2281 503 2327 τος
536 2262 788 2331 Ἀϐραὰμ
830 2261 923 2313 καὶ
969 2259 1132 2312 Δαόὶδ
1166 2258 1463 2327 ληφθεῖσαν
1507 2254 1601 2308 τοῦ
1634 2254 1820 2308 δούλου
1855 2270 1990 2323 μορ-

406 2356 541 2424 φήν.
577 2352 761 2406 Ταῦτα
791 2352 885 2403 καὶ
913 2349 983 2402 τὰ
1009 2348 1217 2411 τούτοις
1257 2346 1614 2418 παραπλήσια
1645 2343 1875 2397 διατελῶ
1912 2343 1992 2395 δι-

405 2447 649 2499 δάσκων.
685 2442 870 2495 Ταῦτα
899 2443 991 2496 καὶ
1030 2444 1087 2495 ὲν
1113 2442 1224 2503 τοῖς
1249 2438 1540 2509 γράμμασι
1567 2437 1660 2490 τοῦ
1684 2434 1989 2504 ἀγιωτὰτου

407 2538 512 2594 καὶ
545 2534 838 2589 όσιωτάτου
872 2530 1299 2605 ἀρχιεπισκόπου
1329 2528 1590 2581 δεσπότου
1632 2544 1733 2597 μου
1762 2526 1990 2589 Λέοντος

409 2622 574 2698 εὗρον
613 2625 926 2695 ἐγκείμενοι,
968 2624 1061 2676 καὶ
1092 2622 1183 2676 τὸν
1215 2619 1325 2674 τῶν
1373 2620 1510 2674 ὅλων
1547 2619 1763 2690 ὑμνησα
1790 2616 1993 2669 Δεσπό-

411 2738 532 2787 την,
568 2718 649 2779 ὅτι
681 2719 796 2779 τοῖς
828 2713 1203 2776 ἀποστολικοῖς
1240 2710 1401 2766 αὑτοῦ
1434 2710 1664 2781 δόγμασι
1693 2705 1986 2779 συμφωνῶ.

409 2809 652 2877 Δέξασθέ
689 2826 790 2879 μου
821 2807 1020 2869 τοίνυν,
1055 2804 1377 2875 παρακαλῶ,
1403 2803 1500 2874 τὴν
1536 2800 1765 2863 ἱκεσίαν,
1797 2800 1890 2852 καὶ
1918 2799 1992 2868 μὴ

406 2902 681 2974 παρίδητε
711 2899 1055 2970 ἠδικημένον.
1087 2897 1290 2951 Τούτου
1319 2896 1430 2967 γὰρ
1458 2895 1523 2966 δὴ
1555 2894 1714 2965 χάριν
1746 2892 1838 2946 καὶ
1870 2892 1994 2954 τοῦς

415 2992 862 3061 θεοφιλεστάτους
914 2988 1317 3059 πρεσὸυτέρους
1358 2986 1617 3040 ’Υπόιτιον
1670 2984 1763 3038 καὶ
1795 2982 1995 3054 Ἀϐρά-

418 3103 542 3155 μιον
600 3084 727 3146 τοὺς
774 3081 1249 3152 χωρεπισκόπους,
1275 3078 1370 3133 καὶ
1428 3076 1680 3130 Ἀλύπιον
1718 3075 1827 3128 τῶν
1867 3074 1995 3145 παρ’

2090 1897 2193 1953 est,
2241 1894 2297 1943 et
2350 1897 2577 1958 propter
2604 1903 2705 1943 nos
2732 1890 2895 1943 morti
2922 1889 3142 1945 tradita.
3169 1890 3291 1945 Non
3330 1891 3499 1946 alium
3537 1893 3664 1947 novi

2091 1979 2287 2034 Filium
2312 1978 2643 2044 hominis,et
2664 1980 2828 2035 alium
2860 1980 3056 2036 Filium
3085 1981 3182 2037 Dei
3214 1999 3229 2036 :
3262 1981 3357 2036 sed
3385 1983 3664 2048 eumdem,

2093 2072 2294 2127 Filium
2343 2070 2565 2141 quidem
2613 2072 2731 2137 Dei,
2785 2080 2840 2127 et
2879 2073 3051 2127 Deum
3105 2088 3173 2128 ex
3219 2073 3332 2128 Deo
3366 2075 3609 2144 genitum
3648 2092 3665 2141 ;

2093 2161 2294 2216 Filium
2333 2172 2463 2216 vero
2505 2161 2765 2226 hominis,
2793 2168 3017 2231 propter
3061 2171 3333 2233 sumptam
3360 2179 3428 2218 ex
3461 2164 3671 2220 semine

2094 2250 2330 2305 Abraha:
2354 2258 2411 2306 et
2450 2250 2668 2305 Davidis
2699 2251 2844 2305 servi
2876 2251 3130 2306 formam.
3167 2252 3292 2308 Hac
3337 2262 3394 2308 et
3439 2254 3545 2308 alia
3583 2255 3673 2310 his

2098 2344 2300 2399 similia
2325 2343 2526 2399 docere
2551 2359 2663 2399 non
2696 2358 2872 2399 cesso.
2911 2343 3041 2400 Haec
3074 2345 3192 2414 ipsa
3232 2345 3286 2398 in
3320 2345 3518 2401 litteris
3550 2360 3675 2401 san—

2095 2436 2325 2491 ctissimi
2371 2451 2436 2490 ac
2476 2435 2779 2491 beatissimi
2827 2435 3035 2491 domini
3097 2437 3206 2493 mei
3253 2437 3455 2493 Leonis
3495 2439 3675 2508 posita

2096 2528 2303 2596 reperi,
2343 2528 2626 2596 Deumque
2676 2526 3062 2581 universorum
3095 2528 3337 2594 laudavi,
3374 2528 3520 2598 quod
3543 2544 3675 2598 apo-

2096 2618 2308 2674 stolicis
2347 2620 2466 2689 ejus
2525 2619 2740 2688 placitis
2791 2621 3151 2673 consentiam.
3181 2619 3452 2690 Suscipite
3484 2620 3673 2690 igitur,

2097 2725 2305 2781 quteso,
2335 2726 2527 2780 preces
2551 2726 2721 2777 meas,
2753 2719 2808 2766 et
2837 2711 3035 2782 injuria
3050 2727 3373 2782 oppressum
3393 2728 3464 2768 ne
3495 2713 3679 2784 despi—

2097 2803 2225 2858 cite.
2260 2802 2555 2871 Propterea
2599 2802 2747 2856 enim
2778 2802 2891 2856 Deo
2927 2802 3283 2858 charissimos
3328 2804 3680 2876 presbyteros

2101 2895 2394 2968 Hypatium
2456 2902 2513 2949 et
2572 2893 2891 2950 Abramium
2959 2896 3402 2967 cborepiscopos,
3450 2906 3507 2953 et
3551 2897 3680 2968 Aly-

2101 2988 2254 3057 pium
2297 2986 2692 3041 monachorum
2731 2987 2827 3057 qui
2874 2986 3021 3057 apud
3065 3002 3168 3042 nos
3206 2995 3335 3042 sunt
3383 2988 3680 3042 exarchurn

2102 3076 2169 3130 ad
2210 3077 2465 3145 pietatem
2494 3085 2733 3131 vestram
2767 3076 2910 3141 misi,
2947 3084 3003 3131 et
3035 3076 3161 3132 vita:
3193 3077 3439 3132 claritate
3460 3077 3683 3146 conspi-

416 3149 551 3245 ἦμῖν
598 3149 939 3243 μοναζόντων
989 3170 1080 3224 τὸν
1117 3170 1365 3241 ἔξαρχον,
1396 3168 1534 3240 πρὸς
1575 3168 1673 3236 τὴν
1727 3165 1996 3236 ὑμετέραν

2103 3182 2252 3231 cuos,
2281 3176 2338 3222 et
2356 3167 2449 3237 qui
2469 3167 2654 3221 verbis
2679 3168 2891 3237 possint
2910 3169 2976 3223 de
3000 3183 3182 3223 rerum
3200 3178 3514 3223 nostrarum
3537 3175 3684 3224 statu

418 3264 697 3333 φιλοθεῖαν
764 3261 1084 3327 ἀπέστειλα,
1141 3260 1240 3331 βίῳ
1316 3259 1414 3328 μὲν
1478 3256 1715 3329 λαμπρῷ
1765 3273 2001 3326 κοσμου-

2105 3266 2358 3312 accurate
2394 3274 2491 3312 vos
2528 3258 2782 3313 edocere.

424 3359 644 3428 μένους,
721 3357 1062 3427 δυναμένους
1124 3355 1182 3409 δὲ
1232 3355 1324 3408 καὶ
1368 3352 1458 3407 διὰ
1498 3353 1599 3423 τῆς
1643 3350 1889 3422 γλώττης
1933 3352 2174 3422 ἀκριϐῶς
2232 3353 2377 3423 ὑμᾶς
2442 3350 2650 3418 διδάξαι
2711 3353 2782 3407 τά
2842 3354 2984 3408 κατά
3034 3354 3134 3429 τὴν
3195 3356 3467 3429 ἡμετέραν
3524 3355 3686 3410 εὖτέ..

421 3451 593 3505 λειαν.

706 3585 853 3639 PlZ‘.
892 3613 963 3623 —-
991 3580 1340 3649 Φλιφεντίῳ
1390 3580 1720 3642 ἐπισκόπῳ.

497 3699 573 3750 υὺ
604 3695 886 3758 παντελῶς
934 3694 1042 3764 ἄρα
1080 3693 1189 3746 τῶν
1222 3692 1525 3764 ἀνθρώπων
1558 3690 1620 3744 τὸ
1650 3688 1807 3758 γένος
1847 3690 1880 3758 ἡ
1912 3687 2007 3740 τοῦ

426 3786 564 3840 Θεοῦ
593 3786 689 3840 καὶ
727 3784 979 3854 Σωτῆρος
1010 3782 1170 3853 ἡμῶν
1203 3781 1512 3835 ἐπιλέλοιπε
1540 3781 1719 3854 χάρις·
1766 3778 1881 3834 ἀλλ’
1918 3782 2011 3846 ὲγ-

427 3878 721 3932 κατέλιπεν
744 3878 775 3945 ἡ
785 3877 876 3945 μίν
903 3874 1126 3947 σπέρμα
1152 3875 1251 3945 τὴν
1270 3874 1543 3944 ὑμετέραν
1567 3871 1898 3942 ἁγιωσύνην,
1923 3871 2009 3924 ἵνα

432 3970 522 4039 μὴι
549 3969 626 4032 ὡς
658 3968 866 4036 Σόδομα
900 3966 1222 4036 γενηθῶμεν
1255 3965 1350 4019 καὶ
1381 3964 1682 4036 Γομόρροις
1725 3962 2005 4033 ὁμοιωθῶ-

431 4076 553 4131 μεν.
587 4055 757 4112 Τοῦτο
778 4058 952 4128 ’ἡμᾶς
989 4056 1354 4127 ἀπαγορεύειν
1394 4055 1746 4108 παντάπασιν
1789 4054 1889 4106 οὐκ
1922 4053 2004 4123 ἐᾷ·

428 4150 568 4205 ἀλλὰ
611 4150 706 4203 τοῦ
752 4147 989 4220 χαλεποῦ
1033 4148 1300 4219 χειμῶνος
1346 4145 1672 4217 προσμένειν
1709 4145 1810 4214 τὴν
1856 4142 2010 4196 λύσιν

432 4241 745 4310 παρεγγυᾷ·
781 4238 940 4290 τοῦτο
970 4237 1117 4307 ἡμᾶς
1143 4234 1431 4298 εὐέλπιδας
1481 4232 1871 4304 ἀπεργάζεται.
1914 4231 2014 4284 Διά

431 4349 517 4386 τοι
568 4331 727 4384 τοῦτο
780 4329 876 4384 καὶ
932 4329 1058 4393 τοὺς
1115 4326 1563 4397 θεοφιλεστάτους
1608 4324 2014 4398 πρεσϐυτέρους

444 4423 707 4476 ’Υπάτιον
757 4420 853 4474 καὶ
899 4419 1197 4490 Ἀϐράμιον
1237 4419 1364 4481 τοὺς
1398 4416 1862 4487 χωρεπισκόπους,
1920 4415 2014 4467 καὶ

449 4512 703 4566 ’Δλύπιον
754 4508 864 4563 τῶν
920 4509 1050 4579 παρ’
1092 4511 1222 4579 ἡμῖν
1261 4507 1599 4578 μοναζόντων
1635 4505 1726 4558 τὸν
1764 4504 2014 4576 ἔξαρχον,

438 4602 577 4674 πρὸς
606 4602 705 4672 τὴν
735 4600 1008 4672 ὑμετέραν
1045 4598 1444 4668 ἀπεστείλαμεν
1475 4596 1761 4667 ἀγιότητα,
1795 4596 1883 4650 ἵνα
1916 4595 2016 4664 τὴν

440 4694 826 4765 ὲπισκήψασαν
845 4695 964 4755 ταῖς
997 4691 1098 4760 τῆς
1139 4689 1426 4760 Ἀνατολῆς
1464 4688 1812 4758 Ἐκκλησίαις
1837 4685 2017 4740 διαλύ-

437 4803 574 4857 σητε
613 4786 919 4857 συμφοράν.
969 4784 1080 4838 Καὶ
1111 4780 1329 4853 πρῶτον
1364 4783 1462 4852 μὲν
1503 4781 1603 4851 τὴν
1627 4779 1832 4834 ἄνωθεν
1864 4778 2016 4849 παρὰ

439 4876 550 4930 τῶν
594 4876 754 4947 ἱερῶν
781 4874 1092 4929 ἀποστόλων
1122 4872 1521 4944 παραδοθεῖσαν
1548 4874 1681 4943 ἡμῖν
1712 4870 2021 4943 κρατύνητε

441 4968 649 5027 πίστιν,
681 4967 778 5022 καὶ
802 4967 902 5037 τὴν
929 4966 1314 5019 ἐπαναστᾶσαν
1351 4964 1562 5036 αἵρεσιν
1605 4961 2015 5034 στηλιτεύσητε,

441 5058 539 5111 καὶ¹
584 5056 710 5120 τοὺς
753 5055 1195 5126 παραχαράττειν
1225 5052 1542 5121 τολμῶντας
1578 5052 1676 5123 τῆς
1707 5052 2021 5120 οἰκονομίας

440 5146 505 5199 τὺ
531 5147 791 5217 κήρυγμα
812 5141 1102 5214 προφανῶς
1131 5139 1465 5210 ἐξελέγξητε,
1492 5138 1681 5191 ἔπειτα
1706 5136 1763 5190 δὲ
1792 5136 1886 5189 καὶ
1911 5135 2021 5188 τῶν

446 5238 589 5308 ὑπὲρ
633 5238 734 5307 τῆς
777 5235 1058 5298 εὐσεϐείας
1106 5231 1526 5301 πολεμουμένων
1567 5231 2017 5299 ὑπερμαχήσητε.

459 5326 632 5396 ’Υπὲρ
658 5326 769 5397 γὰρ
789 5326 888 5393 τῆς
916 5323 1279 5392 ἀποστολικῆς
1313 5323 1567 5385 πίστεως,
1586 5320 1898 5389 ἁγιώτατοι,
1924 5320 2025 5388 τὴν

448 5418 635 5472 ἄδικον
659 5417 865 5487 ταύτην
904 5416 1119 5485 σφαγὴν
1147 5412 1539 5484 ὑπεμείναμεν,
1562 5412 1637 5475 ὡς
1660 5412 1768 5466 τῶν
1793 5411 2023 5480 εὐαγγε-

446 5509 615 5562 λικῶν
643 5508 927 5580 δογμάτων
948 5500 1023 5560 οὔθ
1040 5506 1353 5578 προϊέμενοι
1384 5504 1480 5573 τὴν
1510 5504 1785 5573 ἀλήθειαν.
1818 5504 2027 5572 Πρέπει

449 5599 509 5651 δὲ
558 5599 710 5669 ὑμῶν
759 5600 827 5671 τῇ
859 5598 1098 5668 ὁσιότητι
1148 5595 1222 5667 μὴ
1258 5595 1504 5667 παριδεῖν
1550 5597 1676 5658 τοὺς
1720 5595 2028 5667 ὁμόφρονας

454 5689 654 5755 ἀδίκως
676 5690 1082 5763 ἐλαυνομένους,
1107 5689 1242 5744 ἀλλά
1271 5688 1473 5743 παῦσαι
1503 5691 1569 5761 τῇ
1592 5689 1777 5758 δικαίᾳ
1806 5687 2031 5764 βοηθείᾳ

2466 3567 2672 3623 CXVII.
2691 3598 2761 3608 ——
2779 3568 3045 3623 Florentio
3067 3570 3325 3641 episcopo.

2183 3686 2386 3758 Utique
2418 3687 2721 3743 humanum
2755 3704 2928 3760 genus
2958 3689 3057 3744 Dei
3088 3697 3140 3745 et
3181 3689 3483 3747 Salvatoris
3511 3696 3689 3751 nostri

2108 3777 2284 3850 gratia
2327 3778 2479 3833 omni
2520 3793 2590 3833 ex
2639 3787 2798 3849 parte
2836 3795 2949 3835 non
2996 3778 3271 3847 destituit,
3314 3782 3411 3838 sed
3466 3784 3692 3855 reliquit

2111 3870 2277 3925 nobis
2329 3886 2517 3925 semen
2561 3872 2908 3928 sanctitatem
2953 3881 3124 3941 tuam,
3172 3889 3242 3928 ne
3296 3874 3489 3931 ﬁamus
3548 3877 3693 3932 sicut

2113 3961 2373 4026 Sodoma,
2420 3970 2477 4018 et
2519 3963 2734 4034 1199
2773 3963 3092 4020 Gomorrhaa
3138 3966 3346 4023 similes
3375 3982 3446 4021 ne
3496 3968 3688 4026 simus.

2113 4051 2230 4107 Hoc
2280 4068 2385 4108 nos
2438 4053 2624 4108 animo
2674 4054 2895 4124 penitus
2943 4055 3178 4112 deficere
3232 4072 3341 4111 non
3393 4058 3543 4123 sinit,
3594 4063 3692 4114 sed

2116 4145 2359 4199 molestae
2388 4145 2735 4213 tempestatis
2762 4148 2969 4201 exitum
2996 4149 3238 4217 opperiri
3254 4150 3409 4219 jubet
3428 4168 3440 4203 :
3458 4150 3563 4206 hoc
3591 4167 3693 4206 nos

2113 4235 2170 4289 in
2197 4235 2396 4289 bonam
2432 4250 2586 4305 spem
2614 4237 2795 4306 erigit.
2825 4238 3120 4307 Pr0pterea
3152 4239 3319 4293 etiam
3343 4239 3695 4309 religiosissi—

2113 4343 2234 4381 mos
2284 4326 2639 4399 presbyteros
2689 4325 2982 4398 Hypatium
3029 4339 3086 4383 et
3143 4329 3465 4384 Abramium
3528 4331 3693 4385 chor-

2114 4420 2422 4490 episcopos.
2448 4426 2504 4473 et
2528 4419 2782 4491 Alypium
2809 4421 3202 4476 monachorum
3235 4422 3380 4492 apud
3413 4437 3513 4477 nos
3540 4438 3697 4477 exar-

2119 4511 2305 4577 chum,
2339 4510 2407 4565 ad
2435 4510 2781 4566 sanctitatem
2812 4519 3050 4566 vestram
3083 4512 3354 4579 misimus,
3386 4521 3448 4566 ut
3477 4514 3698 4568 calami-

2118 4608 2287 4656 tatem
2309 4600 2616 4670 depellatis,
2649 4617 2772 4671 qum
2793 4601 3035 4656 Urientis
3071 4601 3348 4657 Ecclesias
3380 4601 3697 4671 occupavit.

2119 4693 2200 4747 Ac
2241 4693 2482 4762 primum
2517 4691 2740 4762 quidem
2784 4691 3039 4747 traditam
3086 4693 3246 4748 nobis
3280 4692 3413 4748 olim
3455 4707 3486 4747 a
3532 4693 3703 4749 sacris

2123 4785 2391 4856 apostolis
2426 4784 2590 4840 ﬁdem
2637 4784 2998 4853 conﬁrmetis,
3053 4794 3410 4857 exortamque
3469 4787 3701 4844 heresin

2123 4875 2505 4944 proscribatis,
2556 4882 2614 4929 et
2659 4890 2755 4930 eos
2806 4876 2902 4946 qui
2955 4876 3348 4932 incarnationis
3393 4877 3700 4932 doctrinam

2126 4965 2436 5021 adulterare
2460 4965 2579 5021 ausi
2608 4974 2737 5021 sunt
2784 4974 2972 5036 aperte
3005 4967 3346 5038 redarguatis
3384 4984 3397 5021 :
3437 4973 3552 5020 tum
3583 4967 3704 5021 illo-

2128 5074 2251 5112 rum
2301 5057 2522 5121 deinde,
2565 5057 2659 5128 qui
2700 5058 2926 5127 pietatis
2977 5073 3141 5114 causa
3189 5068 3478 5124 vexantur,
3523 5067 3706 5128 patro-

2129 5147 2337 5202 cinium
2380 5155 2436 5200 et
2475 5146 2848 5202 defensionem
2891 5148 3225 5219 suscipiatis.
3271 5149 3378 5203 Pro
3409 5145 3709 5217 apostolica

2129 5236 2279 5290 enim
2327 5235 2455 5301 fide,
2494 5237 2583 5289 vir
2614 5236 2980 5304 sanctissime,
3017 5238 3272 5308 injustam
3307 5238 3467 5291 istam
3498 5233 3707 5289 cladem

2130 5326 2374 5399 perpessi
2421 5342 2631 5390 sumus,
2693 5327 2841 5397 quod
2905 5331 3333 5399 apostolieorum
3392 5326 3708 5396 dogmatum

2130 5417 2419 5474 veritatem
2462 5416 2700 5486 abjicere
2732 5418 2994 5472 nolimus.
3038 5419 3205 5472 Decet
3240 5430 3405 5485 porro
3452 5413 3713 5469 sanctitaa

2134 5517 2245 5565 tem
2294 5516 2555 5571 vestram,
2604 5507 2796 5562 eadem
2831 5508 3117 5564 vobiscum
3161 5505 3464 5560 sentientes
3493 5519 3592 5574 per
3627 5503 3713 5558 in-

2128 5599 2329 5671 juriam
2378 5598 2568 5668 pulsos
2603 5601 2621 5620 '
2650 5613 2763 5654 non
2798 5598 3100 5668 despicere,
3137 5596 3235 5653 scd
3272 5597 3421 5668 justo
3464 5594 3712 5651 subsidio

2136 5688 2391 5761 injuriam
2436 5689 2758 5758 reprimere,
2806 5705 2867 5744 ac
2898 5688 3186 5743 veritatem
3218 5687 3503 5757 praefracte
3535 5688 3714 5757 impu-
