4072 6426
399 319 536 385 I327

1347 319 1830 382 TIIEtMMJiiE'I'I
1874 316 2207 375 EI’ISCUI’I
2251 319 2614 377 CYHENSIS

3504 312 3643 376 139.8

397 438 624 497 gnantes
659 429 878 494 docere,
914 447 1023 486 non
1057 430 1239 486 omnia
1268 430 1492 499 exsequi
1519 445 1612 481 eos
1656 443 1832 497 posse,
1877 427 1968 495 qui

2074 427 2170 495 τὴν
2218 425 2452 488 ἀδικίαν,
2511 425 2604 478 καὶ
2660 424 2863 491 διδάξαι
2921 425 3044 487 τοὺς
3091 423 3231 476 κατά
3265 423 3357 492 τῆς
3387 421 3645 490 ἀληθείας

400 521 627 576 licenter
665 525 935 593 quidlibet
985 523 1202 595 aggredi
1238 532 1527 578 conantur.

713 750 940 809 CXVIII.
958 785 1028 793 ——
1046 755 1427 809 Archidiacono
1458 754 1653 808 Roma’.

462 865 617 918 Saeva
640 865 860 918 omnino
888 873 1181 934 tempestas
1200 874 1416 919 nostras
1439 863 1713 917 Eeelesias
1735 861 1964 914 invasit:

397 961 488 1019 qui
510 970 638 1008 vero
661 957 787 1010 lidei
811 957 1084 1010 adhaerent
1109 957 1442 1025 apostolicae,
1468 956 1522 1007 in
1549 954 1837 1009 sanctitate
1879 963 1967 1005 tua

386 1044 743 1098 commodum
793 1046 998 1098 habent
1045 1053 1266 1114 portum
1311 1055 1367 1099 et
1423 1045 1796 1113 tranquillum.
1850 1043 1967 1096 Non

395 1138 541 1190 enim
565 1154 663 1206 pro
687 1138 1016 1207 evangelicis
1041 1138 1387 1208 dogmatibus
1413 1137 1664 1206 pugnatis
1684 1136 1964 1197 duntaxat,

395 1228 490 1280 sed
522 1227 719 1280 factam
754 1228 809 1280 in
837 1244 938 1281 nos
965 1229 1178 1296 1200
1201 1228 1454 1297 injuriam
1492 1226 1711 1295 penitus
1733 1224 1968 1277 detesta-

398 1318 554 1371 mini.
589 1318 786 1372 Procul
815 1319 964 1371 enim
992 1329 1219 1388 agentes
1242 1333 1360 1383 nos,
1386 1327 1442 1371 et
1467 1317 1686 1385 triginta
1723 1315 1966 1383 quinque

397 1408 743 1462 mansionum
791 1417 1032 1463 remotos
1075 1409 1360 1462 intervallo
1420 1408 1855 1462 condemnarunt
1912 1414 1968 1458 ut

397 1499 578 1566 libuit,
608 1502 823 1572 judiees
846 1503 1166 1571 aequissimi,
1195 1503 1514 1571 abjectaque
1541 1500 1812 1563 doctrina,
1846 1515 1968 1567 qua:

395 1609 426 1648 a
479 1593 574 1647 Dei
609 1603 664 1647 et
695 1592 991 1647 Salvatoris
1029 1593 1204 1646 nostri
1240 1593 1480 1646 adventu
1526 1590 1580 1643 in
1630 1591 1771 1644 hanc
1793 1605 1966 1659 usque

397 1680 542 1736 diem
591 1681 648 1735 in
698 1677 961 1736 Ecclesiis
1008 1683 1272 1744 obtinuit,
1308 1697 1504 1736 novam
1563 1681 1854 1749 quamdam
1903 1696 1967 1735 ac

397 1773 659 1842 spuriam,
706 1782 761 1828 et
806 1775 1120 1844 apostolica:
1162 1773 1443 1828 traditioni
1481 1788 1708 1842 prorsus
1753 1782 1969 1826 contra-

396 1859 532 1914 riam
579 1861 934 1927 induxerunt,
993 1872 1048 1916 et
1097 1863 1165 1918 iis
1213 1863 1308 1932 qui
1357 1862 1578 1932 antiqua
1642 1861 1970 1916 documenta

398 1951 635 2006 retinent
662 1962 846 2022 aperte
864 1953 1067 2006 bellum
1094 1953 1360 2008 indicunt.
1392 1955 1624 2025 Dignare
1653 1956 1835 2024 igitur,
1859 1957 1972 2009 Deo

395 2041 770 2106 dilectissime,
817 2044 1146 2098 sanctissimi
1187 2045 1335 2098 omni
1398 2061 1465 2099 ex
1517 2055 1669 2114 parte
1723 2045 1972 2100 beatissi-

396 2133 578 2200 mique
631 2133 1026 2204 archiepiscopi
1076 2135 1250 2188 zelum
1285 2135 1605 2197 accendere,
1641 2142 1698 2187 ut
1736 2134 1974 2187 Orientis

394 2223 557 2276 etiam
602 2224 861 2279 Ecclesiae
909 2225 1276 2280 sollicitudine
1329 2236 1509 2280 vestra
1569 2221 1857 2290 fruantur;
1909 2241 1971 2279 ac

395 2313 669 2384 praecipue
721 2317 972 2370 traditam
1023 2317 1091 2370 ab
1148 2318 1308 2371 initio
1360 2334 1388 2370 a
1453 2318 1658 2372 sanctis
1711 2316 1974 2386 apostolis

396 2403 556 2457 Iidem
604 2404 919 2469 defendere,
966 2415 1020 2459 et
1072 2407 1324 2461 intactam
1378 2416 1658 2477 paternam
1686 2405 1973 2459 haeredita-

395 2501 502 2545 tem
555 2509 903 2560 conservare,
941 2505 995 2550 et
1041 2497 1448 2551 incumbentem
1498 2497 1751 2550 nebulam
1796 2496 1978 2550 discu-

395 2589 533 2649 tere,
589 2592 642 2638 et
695 2600 791 2654 pro
849 2596 1009 2640 nocte
1052 2587 1282 2641 obseura
1332 2587 1593 2656 liquidam
1624 2587 1974 2641 serenitatem

391 2673 625 2740 (dicere,
661 2685 715 2729 et
759 2679 956 2749 injuste
998 2679 1050 2732 in
1109 2696 1209 2733 nos
1248 2689 1512 2750 patratam
1555 2680 1756 2734 caedem
1786 2679 1976 2733 redar-

391 2781 581 2835 guere.
639 2768 806 2822 Decet
857 2769 1004 2822 enim
1060 2771 1404 2825 sanctitatem
1464 2780 1611 2826 tuam
1663 2771 1729 2826 ad
1775 2781 1973 2826 caetera

391 2855 608 2925 egregia
660 2855 899 2910 facinora
947 2871 1043 2910 sua
1074 2857 1220 2910 hunc
1248 2858 1412 2912 etiam
1442 2859 1620 2913 zelum
1654 2860 1972 2930 adiungere.

2078 519 2532 589 θρασυνομένους,
2568 517 2641 580 ὡς
2677 518 2739 568 ού
2771 517 2942 570 πάντα
2987 516 3119 586 δρᾷν
3165 515 3340 582 ἔξεστι
3382 516 3495 576 τοῖς
3538 517 3646 568 πᾶν

2077 611 2249 663 ὁτιοῦν
2279 609 2449 673 ἀδεῶς
2476 611 2648 661 ποιεῖν
2677 608 3056 677 πειρωμένοις.

2251 743 2403 795 PIII'.
2426 773 2496 781 —
2528 741 2608 808 Τῷ
2645 742 3039 812 ιὶρχιδιακόνφ
3087 740 3307 810 Ῥώμης
3335 739 3468 809 (8|).

2148 854 2394 923 Παγχάλε
2405 872 2500 918 πος
2515 855 2719 925 χειμὼν
2744 857 2861 916 ταῖς
2886 853 3014 920 παρ’
3029 855 3161 924 ἡμῖν
3181 853 3526 922 Ἐκκλησίαις
3553 855 3650 905 ἐπ-

2077 945 2332 1014 έσκηψεν·
2371 948 2419 998 οἱ
2449 947 2503 998 δὲ
2526 947 2622 1016 τῆς
2649 945 3013 1013 ἀποστολικῆς
3043 945 3386 1015 ἀντεχόμενοι
3416 947 3646 1008 πίστεως

2075 1038 2172 1106 τὴν
2208 1038 2476 1106 ὑμετέραν
2505 1039 2812 1108 ἁγιωσύνην
2838 1036 3086 1092 εὖστολον
3114 1038 3224 1107 (8'2,
3247 1039 3426 1107 ἔχουσι
3455 1039 3647 1108 λιμένα

2076 1128 2172 1180 καὶ
2206 1127 2397 1181 εὔδιον.
2451 1130 2523 1182 Οὐ
2557 1129 2666 1198 γὰρ
2706 1129 2812 1182 τῶν
2869 1129 3240 1198 εύαγγελικῶν
3280 1133 3647 1200 ὑπερμαχεῖτε

2074 1220 2359 1290 δογμάτων
2395 1222 2575 1290 μόνον,
2607 1221 2740 1274 ἀλλά
2771 1222 2860 1274 καὶ
2888 1221 2987 1291 τὴν
3013 1221 3135 1274 καθ’
3159 1222 3316 1291 ἡμῶν
3339 1239 3536 1291 γεγενη
3549 1224 3645 1288 μὲ-

2075 1330 2172 1379 νην
2214 1311 2426 1364 ἀδικίαν
2464 1314 2675 1375 πάντως
2720 1311 3072 1380 μυσάττεσθε.
3114 1313 3310 1383 mpm
3347 1318 3455 1382 γὶερ
3502 1314 3648 1382 ἡμᾶς

2073 1403 2376 1470 διάγοντας,
2424 1403 2518 1454 καὶ
2569 1403 2732 1454 πέντε
2782 1403 2875 1456 καὶ
2913 1402 3204 1470 τριάκοντα
3251 1403 3506 1472 σταθμοῖς
3544 1405 3648 1472 ἁφ-

2075 1493 2395 1564 εστηκότας,
2441 1493 2764 1564 κατέκριναν
2804 1495 2878 1556 ὡς
2916 1491 3188 1566 ἠθέλησαν
3227 1495 3275 1546 oi
3321 1495 3649 1547 δικαιότατοι

2073 1585 2350 1648 δικασταὶ,
2385 1585 2480 1637 καὶ
2518 1584 2617 1654 τὴν
2660 1585 2726 1637 ἐκ
2772 1585 2872 1654 τῆς
2917 1585 3009 1638 τοῦ
3050 1585 3183 1638 Θεοῦ
3219 1586 3467 1656 Σωτῆρος
3511 1603 3650 1656 παρ-

2074 1675 2262 1736 ουσίας
2300 1675 2464 1745 μέχρι
2501 1677 2594 1728 καὶ
2624 1677 2861 1745 τήμερον
2894 1676 2952 1728 ὲν
2980 1678 3099 1738 ταῖς
3138 1676 3481 1745 Ἐκκλησξαις
3515 1694 3650 1748 κρα-

2075 1768 2318 1835 τήσασαν
2368 1767 2714 1821 διδασκαλίαν
2782 1767 3203 1838 παραλιπόντες,
3259 1769 3453 1838 καινήν
3507 1787 3646 1831 τινα,

2079 1860 2172 1912 καὶ
2212 1859 2382 1923 νόθον,
2413 1860 2506 1912 καὶ
2535 1860 2791 1930 ἄντικρυς
2823 1859 3070 1912 ἐναντίαν
3108 1862 3173 1930 τῇ
3209 1844 3504 1930 παραδόσεί
3541 1861 3650 1913 τῶν

2079 1952 2391 2003 ἀποστόλων
2441 1951 2754 2020 εἰσήγαγον,
2789 1949 2882 2002 καὶ
2911 1952 3022 2012 τοῖς
3052 1952 3120 2003 τὰ
3159 1951 3360 2004 παλαιά
3393 1951 3650 2021 κρατοῦσι

2078 2040 2407 2110 κηρύγματα
2443 2039 2734 2109 προφανῶς
2775 2039 3093 2108 πολεμοῦσι.
3137 2041 3483 2105 Καταξῖωσον
3537 2042 3649 2094 τοί-

2081 2149 2195 2193 νυν,
2226 2131 2621 2198 θεοφιλέστατε,
2663 2131 2968 2200 πυρσεῦσαι
3007 2131 3095 2184 τὸν
3124 2131 3283 2201 ζῆλον
3307 2131 3398 2184 τοῦ
3424 2132 3488 2184 τὰ
3514 2132 3648 2184 πάν-

2077 2239 2147 2274 τα
2199 2222 2502 2289 άγιωτάτου
2553 2223 2646 2273 καὶ
2687 2223 2980 2275 ὀσιωτάτου
3031 2224 3478 2292 ἀρχιεπισκόπου,
3510 2223 3650 2275 ὥστε

2079 2313 2172 2366 καὶ
2231 2313 2330 2374 τάς
2385 2313 2480 2381 τῆς
2542 2313 2826 2382 Ἀνατολῆς
2867 2313 3189 2384 Ἐνικ).ησίοις
3237 2314 3333 2382 τῆς
3383 2315 3652 2383 ὑμετέρας

2077 2403 2381 2457 ἀπολαῦσαι
2412 2404 2756 2472 κηδεμονίας·
2791 2405 2882 2457 καὶ
2924 2405 3286 2475 διαφερόντως
3316 2405 3412 2470 τῆς
3446 2405 3653 2459 ἄνωθεν

2078 2497 2231 2566 παρὰ
2260 2497 2364 2550 τῶν
2392 2497 2550 2567 ἱερῶν
2576 2497 2885 2548 ἀποστόλων
2917 2497 3312 2567 παραδοθείσης
3335 2497 3654 2565 ὑπερμαχῆ-

2079 2608 2170 2642 σαι
2194 2590 2449 2651 πίστεως,
2487 2589 2580 2640 καὶ
2610 2588 2802 2640 ἄσυλον
2824 2589 2913 2640 τὸν
2943 2587 3194 2657 πατρῷον
3229 2589 3428 2656 κλῆρον
3454 2588 3646 2656 διαφυ-

2077 2681 2255 2745 λάξαι,
2292 2683 2384 2733 καὶ
2428 2681 2524 2749 τὴν
2573 2678 2924 2748 ἐπικειμένην
2970 2678 3200 2748 ὀμίχλην
3257 2679 3649 2734 ἀποσκεδάσαι,

2077 2774 2170 2826 καὶ
2203 2772 2324 2826 ἀντὶ
2353 2771 2448 2838 τῆς
2486 2771 2825 2840 σκοτομήνης
2856 2769 3102 2841 καθαρὰν
3151 2770 3368 2841 αἰθρίαν
3411 2771 3649 2841 ἐργάσα-

2079 2859 2222 2920 σθαι,
2247 2858 2338 2912 καὶ
2364 2858 2458 2928 τὴν
2483 2858 2603 2911 καθ’
2629 2858 2784 2928 ἡμῶν
2816 2858 3012 2920 ἀδίκως
3034 2861 3412 2929 γεγενημένην
3435 2861 3644 2926 ἐξελεγ-

394 2945 481 3010 ξαι
510 2947 743 3016 σφαγήν.
780 2945 988 3015 Πρέπει
1019 2949 1126 3018 γάρ
1162 2965 1256 3000 σου
1287 2952 1351 3020 τῇ
1378 2950 1614 3021 ὁσιότητι
1645 2954 1755 3013 τοῖς
1791 2952 1969 3015 ἄλλοις
2005 2951 2176 3020 αὐτῆς
2222 2949 2610 3021 κατορθώμασι
2643 2949 2734 3001 καὶ
2772 2949 2957 3003 τοῦτον
2997 2949 3308 3020 προσθεῖναι
3341 2953 3430 3004 τὸν
3468 2951 3650 3022 ζῆλον.

769 3077 931 3132 CXIX
945 3117 960 3131 .
976 3108 1044 3116 —
1064 3077 1308 3132 Anatolio
1359 3081 1597 3150 patricio.

459 3187 820 3258 Magnitudini
862 3200 1058 3244 vestra:
1097 3171 1322 3260 prorsus
1362 3203 1490 3247 nota
1537 3202 1664 3248 sunt
1708 3194 1800 3249 illa
1855 3211 1976 3265 quae

387 3281 680 3351 justissimi
729 3281 872 3351 apud
920 3283 1194 3352 Ephesum
1238 3285 1452 3354 judices
1480 3295 1728 3357 egerunt.
1773 3287 1830 3341 In
1860 3303 1976 3341 om-

391 3389 519 3426 nem
570 3373 769 3442 quippe
793 3381 994 3426 terram
1040 3373 1209 3427 exivit
1238 3389 1406 3430 sonus
1434 3392 1646 3441 eorum,
1675 3387 1728 3430 et
1761 3378 1813 3430 in
1842 3376 1976 3431 ﬁnes

393 3461 546 3515 orbis
576 3471 733 3515 terra:
763 3461 1064 3516 rectissima
1087 3463 1355 3516 sententia
1382 3480 1571 3518 eorum
1593 3467 1660 3517 ’⁷.
1681 3465 1811 3531 Quae
1827 3467 1972 3519 enim

394 3550 639 3604 Ecclesia
677 3559 1002 3603 commotam
1033 3548 1160 3602 inde
1209 3559 1587 3619 tempestatem
1622 3566 1730 3603 non
1766 3551 1976 3604 sensit?

392 3641 526 3694 Nam
555 3641 808 3711 injuriam
837 3640 927 3692 alii
959 3639 1283 3706 intulerunt,
1341 3641 1434 3694 alii
1465 3649 1830 3710 acceperunt;
1879 3642 1971 3709 qui

393 3747 524 3786 vero
561 3748 660 3784 nec
701 3731 812 3784 laesi
850 3739 976 3784 sunt
998 3729 1124 3798 ipsi,
1153 3745 1256 3784 nec
1288 3731 1568 3795 laeserunt,
1597 3739 1651 3784 et
1682 3731 1974 3784 condolent

394 3819 462 3874 iis
491 3820 692 3887 quibus
728 3819 929 3888 injuria
962 3819 1105 3873 facta
1155 3828 1259 3884 est,
1285 3828 1340 3876 et
1369 3836 1464 3874 eos
1493 3821 1680 3890 lugent
1705 3821 1796 3889 qui
1833 3821 1974 3875 {cce-

393 3921 543 3972 rnnt,
608 3917 666 3962 ut
713 3908 808 3977 qui
854 3909 1235 3964 crudelissime
1263 3919 1317 3964 et
1346 3918 1536 3964 contra
1579 3911 1726 3981 leges
1761 3928 1968 3977 onmes,

397 4001 604 4070 1201
656 4008 769 4053 tum
811 4000 1058 4066 divinas,
1084 4010 1198 4055 tum
1231 4002 1518 4066 humanas,
1546 4001 1767 4071 prOpria
1804 4020 1973 4058 mem-

392 4090 492 4144 bra
539 4091 874 4160 jugularunt.
926 4092 1224 4146 Enimvero
1283 4093 1603 4147 etfraetores
1659 4095 1710 4148 in
1766 4097 1971 4151 scelere

392 4181 764 4250 deprehensos
795 4183 1045 4252 judicant
1075 4183 1335 4252 primum,
1369 4191 1482 4236 tum
1507 4184 1703 4240 deinde
1737 4188 1972 4256 puniunt

387 4272 600 4344 judices
641 4291 654 4325 :
693 4275 710 4293 '
745 4275 1053 4343 eodemque
1102 4274 1265 4327 modo
1311 4283 1364 4328 et
1401 4275 1721 4341 homicidas,
1779 4289 1833 4333 et
1883 4296 1968 4334 se-

389 4363 707 4432 pulcrorum
746 4363 1055 4427 ellossores,
1099 4373 1154 4418 et
1187 4365 1361 4418 aliena
1387 4367 1638 4437 conjugia
1680 4368 1965 4434 violantes,

388 4463 557 4525 agunt
598 4455 751 4525 prius
791 4455 845 4509 in
893 4455 1158 4526 judicium
1195 4466 1250 4512 et
1304 4468 1648 4513 accusatores
1695 4460 1964 4513 actionem

391 4546 678 4601 intendere
727 4547 924 4617 jubent
961 4565 973 4600 :
1010 4556 1065 4601 et
1113 4549 1336 4603 testium
1384 4559 1625 4604 mentem
1675 4552 1968 4619 explorant

387 4653 456 4690 an
506 4637 878 4690 testimonium
923 4637 976 4691 in
1031 4653 1412 4694 accusatorum
1466 4642 1694 4710 gratiam
1759 4643 1964 4710 dicant,

387 4740 454 4778 an
489 4724 704 4779 infenso
742 4725 797 4779 in
832 4742 953 4780 reos
986 4727 1334 4795 sintanimo;
1362 4737 1416 4782 et
1438 4739 1558 4798 post
1595 4731 1709 4784 haec
1743 4747 1966 4801 respon-

385 4815 503 4870 t‘eri
558 4817 972 4872 accusatoribus
1016 4821 1234 4890 jubent.
1283 4820 1462 4889 Atque
1512 4822 1615 4875 hoc
1667 4822 1752 4876 bis
1793 4833 1964 4889 terve,

385 4903 664 4958 interdum
721 4906 882 4960 etiam
931 4917 1126 4977 quater
1169 4909 1380 4962 faciunt
1417 4926 1429 4960 :
1473 4924 1536 4962 ac
1581 4920 1695 4963 tum
1746 4911 1965 4966 demum

387 4996 637 5066 indagata
664 5013 732 5051 ex
762 5006 1121 5068 utrorumque
1152 4999 1336 5053 verbis
1371 5001 1602 5055 veritate
1638 5005 1966 5059 sententiam

384 5095 664 5153 promunt.
699 5087 794 5141 Isti
827 5103 958 5143 vero
993 5087 1450 5156 quemadmodum
1496 5090 1562 5144 de
1601 5092 1722 5146 aiiis
1757 5094 1972 5163 judica-

385 5178 495 5232 rint
518 5194 626 5232 non
650 5179 848 5242 dicam,
877 5197 942 5234 ne
968 5180 1130 5233 nimis
1164 5180 1395 5248 diligens
1424 5191 1477 5234 et
1501 5183 1752 5238 curiosus
1781 5187 1969 5242 videar

384 5269 441 5324 ftn
471 5272 665 5327 alienis
692 5290 704 5326 :
731 5273 799 5327 de
837 5287 924 5326 me
963 5287 1072 5325 uno
1111 5273 1308 5343 injusta
1341 5274 1654 5342 impellente
1681 5280 1964 5335 vexatione

389 5363 568 5417 dicere
613 5378 796 5432 cogor.
841 5362 975 5415 Nam
1007 5379 1128 5416 eum
1181 5380 1265 5416 me
1308 5364 1451 5418 domi
1498 5367 1581 5420 lex
1617 5369 1759 5439 regia
1807 5386 1964 5426 coer-

461 5495 505 5524 "‘
532 5496 674 5550 Psal.
702 5497 937 5562 xvnt,5;
978 5498 1134 5552 Rom.
1172 5515 1222 5562 χ,
1260 5500 1344 5552 18.

2399 3080 2542 3135 ΡῐΘ’.
2577 3111 2647 3120 --
2683 3082 2997 3147 Ἇνατολίῳ
3026 3085 3329 3151 πατρικίῳ.

2154 3194 2334 3260 Ἔγνω
2366 3193 2579 3258 πάντως
2619 3193 2680 3246 τὸ
2709 3194 2972 3265 ὑμέτερον
3002 3194 3230 3266 μέγεθος
3260 3194 3327 3248 τὰ
3363 3197 3511 3268 παρὰ
3543 3197 3652 3251 τῶν

2075 3282 2426 3338 δικαιοτάτων
2465 3287 2521 3338 ὲν
2559 3283 2768 3356 Ἐφέσῳ
2797 3285 3062 3356 γενόμενα
3093 3287 3380 3340 δικαστῶν.
3421 3289 3513 3352 Είς
3548 3292 3652 3343 πᾶ-

2078 3392 2175 3427 σαν
2203 3375 2309 3446 γάρ
2362 3377 2458 3445 τὴν
2488 3377 2590 3445 γῆν
2633 3375 2853 3446 ἐξῆλθεν
2890 3379 2916 3430 ό
2945 3377 3178 3446 φθόγγος
3210 3379 3409 3442 αὐτῶν,
3447 3381 3540 3433 καὶ
3570 3382 3650 3446 είς

2075 3466 2142 3518 τὰ
2175 3466 2384 3536 πέρατα
2412 3468 2509 3536 τῆς
2535 3467 2911 3538 οἰκουμένηςὴ
2945 3467 3206 3539 όρθοτάτη
3237 3470 3416 3538 ψῆφος
3447 3471 3648 3526 αὐτῶν.

2076 3557 2211 3610 Ποία
2243 3557 2350 3627 γὰρ
2383 3557 2676 3627 Ἐκκλησία
2722 3559 2818 3630 τὴν
2848 3559 3094 3612 ἐντεῦθεν
3134 3561 3517 3614 ὲπαναστᾶσαν
3550 3565 3653 3617 οὐκ

2075 3647 2290 3712 ἐδέξατο
2327 3648 2516 3718 Cain»;
2542 3650 2605 3701 Οί
2649 3649 2745 3719 μὲν
2773 3649 2880 3721 γάρ
2909 3650 3194 3720 ἠδίκησαν,
3224 3653 3272 3704 οἱ
3308 3653 3364 3704 δὲ
3395 3654 3652 3726 ἠδικήθη-

2077 3754 2196 3790 σανο
2226 3742 2273 3791 οἱ
2299 3739 2354 3792 δὲ
2379 3739 2534 3792 τοῦτο
2560 3741 2696 3810 μήτε
2727 3741 3134 3810 ὑπομείναντες,
3167 3744 3305 3814 μήτε
3329 3744 3648 3813 δράσαντες,

2074 3831 2184 3891 τοῖς
2221 3829 2316 3898 μὲν
2344 3829 2690 3900 ἠδικημένοις
2721 3831 3064 3898 συναλγοῦσι,
3091 3835 3217 3895 τοὺς
3235 3834 3291 3886 δὲ
3321 3835 3652 3905 ἠδικηκότας

2075 3919 2380 3991 θρηνοῦσιν,
2412 3921 2483 3984 ὡς
2513 3921 2680 3990 ὠμῶς
2705 3922 2843 3990 ἄγαν
2875 3922 2970 3976 καὶ
3000 3924 3148 3994 παρᾶ
3176 3925 3386 3988 πάντας
3413 3928 3538 3990 τοὺς
3563 3929 3651 3982 νό-⁵

2079 4027 2230 4079 μους,
2255 4010 2377 4074 τούς
2409 4029 2466 4063 τε
2499 4011 2692 4076 θείους,
2717 4014 2841 4075 τούς
2867 4031 2926 4066 τε
2956 4014 3342 4085 ἀνθρωπίνους,
3380 4017 3447 4070 τὰ
3475 4018 3649 4072 οἰκεῖα

2073 4103 2526 4172 κατασφάξαντας
2590 4105 2744 4176 μέλη.
2778 4107 2913 4168 Τοὺς
2967 4107 3064 4176 μὲν
3127 4107 3234 4176 γὰρ
3279 4108 3649 4180 τοιχωρύχους

2073 4192 2465 4263 ἁλισκομένους
2498 4193 2584 4246 ἐπ’
2621 4195 2922 4266 αὐτοτώρῳ
2975 4197 3218 4267 κρίνουσι
3268 4199 3506 4270 πρῶτον,
3545 4201 3647 4253 εἷθ’

2072 4283 2214 4336 οὕτω
2253 4285 2569 4348 κολάζουσιν
2597 4288 2644 4338 oi
2673 4286 3001 4350 δικάζοντες
3033 4289 3128 4341 καὶ
3171 4289 3354 4358 μέντοι
3393 4291 3487 4342 καὶ
3519 4291 3649 4355 τοὺς

2074 4377 2452 4447 ἀνδροφόνους,
2495 4380 2587 4432 καὶ
2628 4380 2754 4442 τοὺς
2793 4380 3203 4452 τυμϐωρύχους,
3248 4383 3338 4436 καὶ
3381 4385 3507 4448 τοὺς
3546 4385 3651 4448 τὰς

2072 4467 2356 4538 ἀλλοτρίας
2411 4470 2794 4533 ἀποσυλῶντας
2840 4471 3018 4535 εὐνάς,
3057 4472 3334 4542 εἰσάγουσι
3386 4475 3648 4546 πρότερον

2069 4561 2148 4620 εἰς
2179 4560 2238 4610 τὸ
2270 4561 2572 4630 κριτήριον,
2607 4562 2700 4615 καὶ
2735 4565 2848 4626 τοῖς
2881 4564 3211 4635 κατηγόροις
3248 4566 3516 4620 ποιεῖσθαι
3556 4585 3649 4620 κε-

2068 4649 2282 4702 λεύουσι
2319 4652 2417 4714 τὰς
2439 4655 2673 4723 γραφὰς,
2703 4655 2914 4708 καὶτὸν
2955 4656 3063 4710 τῶν
3109 4657 3401 4727 μαρτύρων
3445 4659 3648 4712 σκοπὸν

2069 4741 2433 4805 ἐξετάζουσιν,
2480 4747 2526 4797 εί
2553 4745 2625 4816 μὴ
2661 4747 2794 4818 πρὸς
2827 4747 2984 4816 χάριν
3015 4748 3354 4822 μαρτυροῦσι
3385 4749 3493 4801 τῶν
3521 4750 3648 4802 διω-

2069 4834 2295 4890 κόντων.
2343 4837 2390 4886 εἰ
2436 4836 2509 4905 μὴ
2566 4836 2671 4890 τῶν
2711 4840 3020 4906 φευγόντων
3066 4841 3173 4892 εἰσὶ
3217 4839 3519 4910 δυσμενεῖς,
3551 4840 3648 4892 καὶ

2074 4923 2208 4994 πρὸς
2243 4925 2448 4988 τούτοις
2478 4927 2863 4995 ἀπολογεῖσθαι
2893 4933 3006 4993 τοῖς
3035 4930 3361 5001 κατηγόροις
3395 4929 3651 4984 κελεύου-

2072 5027 2144 5062 σι.
2185 5012 2290 5063 Καὶ
2333 5013 2490 5066 τοῦτο
2521 5014 2600 5076 δὶς
2637 5015 2845 5083 γίνεται
2886 5020 2979 5072 καὶ
3021 5021 3160 5090 τρὶς,
3190 5020 3305 5074 ἔστι
3332 5021 3387 5073 δὲ
3433 5020 3520 5072 ὅτε
3553 5021 3651 5072 κα).

2071 5103 2344 5172 τετράκις·
2381 5106 2473 5158 καὶ
2504 5107 2624 5159 τότε
2671 5108 2855 5164 λοιπὸν
2902 5112 2959 5163 ὲν
2996 5114 3107 5174 τοῖς
3140 5112 3343 5165 τούτων
3381 5112 3651 5165 κάκείνων

2070 5191 2248 5260 λόγοις
2283 5194 2617 5266 ζητήσαντες
2668 5200 2765 5270 τὴν
2813 5202 3089 5273 ἀλήθειαν,
3118 5203 3216 5274 τὴν
3261 5203 3439 5274 ψῆφον
3487 5202 3654 5270 ἐκφέ-

2015 5352 2020 5357 .
2079 5300 2246 5352 ρουσι.
2283 5280 2440 5340 Οὗτοι
2465 5289 2519 5341 δὲ
2542 5289 2688 5354 ὅπως
2714 5292 2810 5362 μὲν
2841 5297 2950 5356 τοῖς
2980 5294 3158 5358 ἄλλοις
3187 5295 3460 5358 ἐδίκασαν,
3496 5292 3651 5346 οὐδὲν

2075 5376 2204 5446 ὲρῶ,
2241 5378 2325 5430 ἵνα
2362 5379 2436 5450 μὴ
2462 5379 2594 5445 δόξω
2625 5384 2876 5454 περιττός
2909 5403 2993 5450 τις
3028 5380 3166 5442 εἶναι
3203 5388 3297 5440 καὶ
3329 5385 3651 5456 πολυπραγ-

597 5611 798 5694 Eadem
823 5613 1053 5699 epistola
1087 5615 1277 5667 Ix‘titn‘
1304 5627 1380 5668 "st
1423 5615 1563 5683 apud
1591 5618 1787 5671 Baron.
1821 5627 1950 5673 tom.
1992 5625 2080 5692 VI,
2111 5643 2166 5696 p.
2201 5627 2302 5684 105
2331 5643 2445 5699 seq.
2475 5629 2540 5684 ad
2561 5645 2614 5685 ε.
2639 5633 2698 5688 C,
2740 5630 2862 5687 449,

457 5681 565 5748 (8⁸2)
602 5681 882 5754 εύστομον.
918 5685 1083 5753 Neap.
