4072 6476
403 475 545 540 1329

1753 481 2109 543 FPlSTOLA
2147 487 2317 547 CXX.

3527 498 3664 557 1330

401 591 592 661 μονεῖν
629 587 696 642 τά
736 587 1009 657 ἀλλότρια·
1048 587 1186 657 ὑπὲρ
1236 586 1472 657 ὲμαυτοῦ
1515 587 1570 641 δὲ
1604 588 1784 657 λέγειν
1821 590 1982 660 μόνου

2109 605 2257 658 :eret,
2303 606 2466 666 atque
2499 607 2652 654 extra
2704 602 3009 658 commissa:
3061 605 3194 658 mihi
3246 605 3484 659 civitatis
3535 610 3672 664 tinea

400 680 691 752 βιάζομαι,
722 678 822 749 τῆς
853 678 1040 732 ἀδίκου
1076 694 1143 749 με
1179 676 1699 750 καταναγκαζούσης
1750 682 1984 750 σφαγῆς.

398 772 562 824 Οῖκοι
584 771 692 841 γάρ
722 787 788 841 με
823 769 918 822 τοῦ
948 768 1226 839 βασιλικοῦ
1263 768 1643 839 καθείργοντος
1677 771 1863 841 νόμου,
1896 773 1989 825 καὶ
2038 786 2041 789 ‘

405 863 727 934 περαιτέρω
753 862 864 915 τῶν
894 863 1035 933 ὅρων
1055 861 1152 932 τῆς
1177 861 1266 915 ὑπ’
1289 860 1422 930 ἐμοῦ
1450 863 1874 933 ποιμαινομένης
1900 863 1990 916 πό-

404 952 551 1016 λεως
593 950 907 1024 προϐαίνειν
939 949 1258 1016 κωλύοντος,
1290 949 1548 1004 ἐκάθισαν
1592 949 1714 1004 κατ’
1751 951 1883 1020 ἐμοῦ
1929 951 1992 1004 τὸ

408 1042 717 1113 συνέδριον,
783 1041 875 1095 τὸν
930 1041 986 1094 δὲ
1042 1042 1203 1094 πέντε
1248 1041 1341 1094 καὶ
1391 1040 1682 1112 τριάκοντα
1731 1041 1990 1112 σταθμοῖς

406 1133 761 1203 ἀφεστηκότα
798 1131 1145 1203 κατέκριναν.
1173 1131 1283 1184 Καὶ
1320 1131 1348 1182 ό
1392 1132 1489 1201 μὲν
1532 1130 1641 1184 τῶν
1688 1131 1825 1185 ὅλων
1856 1132 1990 1196 Θεὸς

410 1225 557 1295 πρὸς
600 1224 691 1278 τὸν
735 1224 1078 1296 πατριάρχην
1120 1222 1371 1294 Ἀϐραάμ
1415 1223 1543 1296 περὶ
1594 1225 1843 1293 Σοδόμων
1887 1226 1988 1295 ἔφη

410 1314 514 1368 καὶ
587 1313 913 1387 Γομόρρων·
968 1332 986 1365 ι
1034 1312 1265 1385 Κραυγὴ
1327 1313 1573 1384 Σοδόμων
1629 1316 1724 1367 καὶ
1782 1315 1991 1387 Γομόρ-

410 1406 528 1475 ρων
574 1403 945 1475 πεπλήθυνται
998 1403 1133 1474 πρός
1188 1422 1287 1475 με,
1339 1405 1431 1458 καὶ
1484 1406 1538 1459 αἱ
1596 1404 1859 1475 ἁμαρτίαι
1897 1406 1993 1458 αύ-

408 1494 527 1547 τῶν
568 1493 803 1564 μεγάλαι
830 1492 1055 1563 σφόδρα.
1098 1494 1357 1559 Καταϐὰς
1384 1490 1477 1547 οῦν
1517 1493 1738 1564 ὂψομαι,
1765 1495 1814 1546 εί
1855 1493 1993 1547 κατὰ

409 1587 514 1658 τὴν
548 1588 797 1658 κραυγὴν
837 1587 1017 1641 αὐτῶν
1049 1586 1147 1657 τὴν
1186 1587 1487 1657 ἐρχομένην
1522 1584 1725 1652 ταύτην
1756 1585 1888 1654 πρός
1926 1600 1992 1654 με

413 1679 816 1734 συντελοῦνται.
852 1679 915 1732 Ei
946 1679 1001 1732 δὲ
1046 1678 1144 1749 μὴ,
1186 1678 1272 1732 ἴνα
1308 1677 1441 1746 γνῶ.
1483 1696 1500 1728 ι
1568 1675 1758 1730 Καίτοι
1810 1675 1995 1742 σαφῶς

414 1772 537 1843 ᾔδει
560 1771 665 1826 τῶν
699 1769 999 1844 ἀνθρώπων
1023 1771 1245 1823 ἐκείνων
1265 1770 1362 1841 τὴν
1387 1768 1667 1840 πονηρίαν·
1702 1767 1815 1820 ἀλλ’
1848 1766 1996 1837 ὅμως

412 1863 545 1933 ἔφη·
588 1881 608 1915 ι
644 1863 904 1928 Καταϐὰς
931 1862 1152 1933 ὖνπικομαι,
1190 1880 1207 1913 ι
1241 1861 1504 1915 διδάσκων
1535 1861 1681 1931 ἡμᾶς
1706 1858 1994 1926 ἀναμένειν

2089 688 2273 756 egredi
2292 696 2517 753 vetaret,
2538 690 2805 760 judicium
2829 695 3118 749 adversum
3142 711 3226 748 me
3243 698 3669 762 constituerunt,

2091 782 2148 827 et
2182 775 2402 845 triginta
2435 779 2683 849 quinque
2719 783 3098 838 mansionibus
3127 783 3382 838 dissitum
3413 785 3672 840 condem-

2090 874 2312 947 narunt.
2342 866 2410 920 Et
2456 868 2604 925 Deus
2635 871 2857 939 quidem
2895 873 3300 939 universorum,
3338 874 3403 927 ad
3439 876 3673 943 patriar-

2090 956 2250 1010 cham
2272 958 2641 1016 Abrahamum
2661 962 2729 1016 de
2752 962 3001 1018 Sodomis
3016 973 3071 1018 et
3085 964 3389 1018 Gomorrha
3408 965 3665 1034 loquens,

2101 1061 2119 1094 ‹
2142 1044 2380 1112 Clamor,
2413 1049 2512 1115 ait,
2557 1050 2925 1106 Sodomorum
2965 1063 3021 1109 et
3058 1054 3375 1110 Gomorrha:
3409 1054 3674 1124 multipli-

2092 1144 2251 1189 catus
2290 1146 2375 1191 est
2408 1139 2476 1192 ad
2512 1155 2621 1205 me,
2664 1151 2720 1196 et
2767 1151 2990 1211 peccata
3032 1159 3219 1198 eorum
3265 1160 3457 1214 magna
3490 1145 3669 1199 valde.

2095 1225 2429 1283 Descendam
2473 1230 2659 1301 igitur,
2710 1242 2766 1287 et
2807 1234 3008 1288 videbo
3040 1242 3222 1289 utrum
3253 1236 3543 1289 clamorem
3581 1236 3674 1304 qui

2095 1316 2245 1370 venit
2300 1318 2369 1371 ad
2429 1335 2515 1374 me
2577 1336 2744 1390 opere
2800 1324 3130 1393 compleant.
3192 1323 3286 1378 Sin
3338 1323 3548 1386 minus,
3616 1333 3676 1376 ut

2095 1406 2263 1461 sciam
2291 1406 2356 1462 ".
2392 1430 2409 1459 ι
2457 1410 2572 1465 Etsi
2617 1422 2959 1481 perspectam
3013 1414 3250 1468 habebat
3294 1415 3575 1469 hominum
3614 1414 3678 1467 il-

2096 1494 2276 1550 lorum
2316 1498 2640 1566 nequitiam,
2670 1508 2909 1555 attamen
2944 1520 2961 1551 ι
2993 1502 3350 1565 Descendam,
3394 1502 3593 1570 inquit,
3622 1511 3678 1555 et

2098 1587 2347 1654 videbo,»
2370 1590 2571 1646 docens
2598 1607 2697 1647 nos
2724 1609 2909 1646 rerum
2935 1593 3326 1662 experientiam
3356 1592 3677 1660 120201)-

2097 1679 2287 1747 periri.
2322 1678 2391 1733 At
2420 1679 2510 1736 isti
2547 1697 2650 1735 nos
2681 1698 2785 1737 nec
2829 1682 2884 1736 in
2925 1682 3195 1753 judicium
3245 1692 3525 1740 voeantes,
3575 1695 3677 1735 nec

2098 1784 2286 1825 vocem
2326 1779 2571 1826 nostram
2615 1773 2929 1838 audientes,
2972 1790 3073 1828 nec
3102 1789 3169 1827 ex
3199 1772 3359 1827 nobis
3389 1771 3518 1841 quid
3546 1786 3675 1825 sen-

2102 1860 2303 1916 tiamus
2362 1877 2692 1932 cognoscere
2752 1865 3087 1928 laborantes,
3143 1862 3387 1919 veritatis
3433 1861 3683 1919 hostium

412 1955 528 2009 τῶν
562 1955 899 2026 πραγμάτων
935 1956 1034 2027 τὴν
1065 1957 1279 2026 πεῖραν.
1309 1946 1469 2007 Οὗτοι
1510 1953 1566 2006 δὲ
1603 1952 1702 2005 οὐκ
1739 1952 1817 2014 είς
1840 1950 1993 2002 δικα-

2109 1949 2268 2005 :‘urori
2314 1953 2644 2024 jugulandos
2689 1970 2791 2010 nos
2831 1955 3213 2025 prodiderunt.

416 2049 643 2121 στήριον
669 2051 816 2120 ἡμᾶς
852 2050 1201 2113 καλέσαντες,
1235 2048 1297 2101 ού
1349 2049 1536 2117 φωνῆς
1571 2045 1731 2118 ἡμῶν
1792 2043 2219 2114 ἐπακούσαντες,
2285 2049 2344 2101 οὐ
2400 2049 2453 2102 τί
2523 2050 2828 2121 φρονοῦμεν
2865 2051 3056 2121 μαθεῖν
3101 2051 3229 2121 παρ’
3277 2048 3433 2120 ἡμῶν
3489 2047 3675 2118 ἐθελή-

416 2155 636 2205 σαντες,
666 2138 743 2209 τῴ
770 2138 925 2210 θυμῷ
950 2138 1059 2191 τῶν
1088 2138 1186 2208 τῆς
1215 2138 1474 2209 ἀληθείας
1503 2136 1711 2210 ἐχθρῶν
1741 2136 1837 2208 τὴν
1865 2135 2139 2208 ἡμετέραν
2166 2140 2379 2211 σφαγὴν
2405 2141 2747 2211 ἐχαρίσαντο.

491 2228 635 2301 Ἐγὼ
660 2233 715 2286 δὲ
740 2232 839 2305 τὴν
868 2234 965 2303 μὲν
995 2232 1224 2304 ἡσυχίαν
1243 2233 1579 2303 ἀσπάζομαι,
1605 2233 1698 2287 καὶ
1717 2232 1999 2304 διαφερόνυ

417 2341 530 2386 τως
562 2324 621 2375 ὲν
661 2324 736 2394 τῷ
776 2325 1003 2399 παρόντι
1041 2323 1241 2394 καιρῷ,
1286 2324 1399 2376 τῶν
1432 2324 1807 2378 ἀποστολικῶν
1846 2323 1998 2394 παρὰ

418 2414 637 2478 πόλλοις
692 2414 1096 2485 διαφθαρέντων
1147 2415 1452 2485 δογμάτων,
1500 2416 1596 2469 καὶ
1661 2418 1762 2485 τῆς
1806 2416 1999 2484 καινῆς

418 2505 817 2576 κρατυνθείσης
838 2505 1121 2577 αἱρέσεως.
1149 2506 1263 2561 ’Ὶνα
1288 2506 1345 2559 δὲ
1377 2509 1451 2577 μή
1491 2525 1576 2571 τις
1597 2508 1708 2562 τῶν
1740 2506 1996 2575 ἀγνοούν-

420 2613 533 2650 των
561 2597 710 2667 ημᾶς
747 2596 946 2667 ἀληθὲς
979 2593 1113 2651 εἶναι
1148 2598 1414 2670 πιστεύσῃ
1442 2598 1541 2662 τὰς
1572 2596 1692 2651 καθ’
1722 2596 1880 2669 ἡμῶν
1906 2614 2000 2667 γε·-

421 2688 733 2759 γενημένας
766 2688 1041 2752 διαϐολὰς,
1071 2690 1166 2742 καὶ
1199 2689 1555 2763 σκανδαλισθῇ
1582 2690 1810 2761 νομίσας
1835 2689 1999 2760 ἕτερα

426 2781 584 2851 παρὰ
613 2780 713 2851 τὴν
744 2781 1106 2851 εὐαγγελικὴν
1131 2780 1479 2835 διδασκαλίαν
1522 2782 1759 2851 φρονεῖν,
1790 2781 2002 2835 ἀντιϐο-

422 2868 505 2921 λῶ
531 2868 641 2940 (85)
673 2868 772 2939 τὴν
803 2868 1073 2940 ὑμετέραν
1100 2867 1597 2939 μεγαλοπρέπειαν,
1627 2867 1831 2938 ταύτην
1855 2866 2003 2936 αἰτῆ-

428 2976 522 3013 σαι
549 2959 646 3031 τὴν
674 2959 833 3031 χάριν
861 2959 959 3031 τὴν
992 2958 1297 3015 καλλίνικον
1324 2958 1592 3031 κορυφὴν,
1628 2957 1768 3012 ὥστε
1808 2974 1871 3027 με
1905 2957 2004 3027 τὴν

442 3051 713 3124 Ἑσπέραν
757 3050 1107 3115 καταλαϐεῖν,
1139 3051 1235 3106 καὶ
1267 3052 1417 3123 παρὰ
1445 3053 1557 3114 τοῖς
1583 3051 1640 3103 ἐν
1674 3049 1858 3122 ἐκείνῃ
1884 3047 2006 3100 θεο-

433 3141 776 3212 φιλεστάτοις
808 3141 903 3195 καὶ
936 3142 1260 3210 ἁγιωτάτοις
1303 3140 1625 3218 ἐπισκόποις
1656 3136 2004 3193 δικάσασθαιο

430 3236 529 3288 καὶ
552 3236 600 3287 εί
623 3234 844 3304 ὀφθείην
871 3234 1044 3305 βραχὺ
1071 3233 1201 3303 γοῦν
1232 3250 1285 3286 τι
1312 3232 1692 3304 παρεκϐαίνων
1729 3229 1823 3283 τοῦ
1853 3229 2010 3283 κανό-

432 3343 525 3389 νος
549 3326 651 3396 τῆς
673 3326 929 3389 πίστεως,
956 3323 1104 3394 αὐτῷ
1125 3341 1191 3394 με
1216 3321 1682 3395 παραδοθῆναιτῷ
1702 3321 2010 3390 μεσαιτάτῳ

2170 2236 2284 2307 Ego
2328 2246 2509 2293 autem
2541 2238 2822 2293 silentium
2849 2236 3031 2293 libens
3076 2243 3259 2300 teneo,
3296 2235 3401 2290 hoc
3447 2234 3677 2289 maxime

2101 2332 2369 2397 tempore,
2398 2345 2523 2385 eum
2547 2329 2846 2400 apostolica
2872 2329 3126 2399 dogmata
3155 2327 3301 2397 apud
3334 2327 3535 2381 multos
3559 2341 3679 2379 cor-

2101 2427 2261 2487 rupta
2309 2427 2457 2484 sunt,
2510 2427 2568 2474 et
2618 2434 2759 2473 nova
2802 2419 3027 2474 haaresis
3058 2418 3203 2471 vires
3243 2432 3307 2471 ac
3339 2416 3507 2470 robur
3536 2414 3680 2468 obti—

2098 2507 2239 2561 nuit.
2261 2506 2463 2562 Verum
2493 2522 2563 2561 ne
2591 2507 2716 2577 quis
2740 2521 2929 2561 eorum
2954 2505 3157 2575 quibus
3186 2504 3301 2558 noti
3328 2518 3439 2556 non
3465 2517 3676 2566 sumus,

2099 2612 2258 2651 veras
2301 2596 2491 2651 credat
2517 2611 2639 2651 esse
2682 2595 3005 2659 calumnias,
3034 2606 3157 2663 quae
3183 2592 3237 2646 in
3288 2606 3389 2645 nos
3422 2591 3680 2662 conjecta:

2100 2696 2248 2752 sunt,
2290 2686 2729 2756 olfendaturque,
2761 2686 2979 2741 diversa
3010 2700 3111 2740 nos
3144 2684 3214 2738 ab
3243 2682 3557 2752 evangelica
3583 2681 3681 2735 do-

2100 2778 2279 2833 ctrina
2304 2779 2512 2834 sentire
2550 2777 2892 2843 existimans,
2931 2774 3362 2847 magnitudinem
3394 2781 3543 2827 tuam
3577 2770 3679 2825 ob—

2113 2878 2306 2935 testor,
2340 2870 2485 2924 banc
2526 2884 2557 2923 a
2583 2869 2810 2935 _victorc
2862 2866 3109 2937 Augusto
3154 2865 3382 2936 gratiam
3423 2871 3590 2933 petat,
3624 2870 3684 2916 ut

2109 2964 2166 3018 in
2217 2961 2571 3018 Occidentem
2610 2961 2850 3026 veniam,
2895 2958 3084 3027 ibique
3124 2973 3154 3012 a
3200 2958 3312 3011 Deo
3345 2954 3687 3010 charissimis

2107 3053 2577 3123 sanctissimisque
2629 3051 2905 3121 episcopis
2955 3048 3172 3121 judicer
3213 3065 3227 3101 :
3273 3062 3336 3102 ac
3367 3046 3413 3101 si
3445 3047 3531 3100 vel
3581 3045 3687 3099 mi-

2106 3147 2316 3200 nimum
2352 3162 2382 3200 a
2414 3145 2537 3201 fidei
2578 3145 2766 3216 regula
2794 3142 3085 3200 deﬂectere
3120 3140 3328 3203 videar,
3359 3140 3417 3193 in
3447 3137 3688 3193 medium

2108 3235 2276 3291 maris
2332 3235 2666 3305 profundum
2716 3233 2965 3304 dejiciar.
3015 3229 3171 3297 Quod
3200 3228 3249 3284 si
3294 3229 3382 3283 his
3427 3226 3690 3299 precibus

2109 3325 2308 3380 vestris
2350 3341 2462 3384 non
2506 3325 2687 3389 cedet,
2746 3323 2997 3378 habitare
3042 3337 3131 3379 me
3175 3320 3367 3376 saltem
3409 3319 3598 3389 jubeat
3634 3317 3691 3371 in

436 3415 537 3486 τῆς
569 3415 838 3485 θαλάττης
873 3413 1039 3485 βυθῷ.
1095 3415 1158 3466 Ei
1206 3413 1263 3465 δὲ
1303 3413 1425 3466 οὐδὲ
1468 3411 1674 3481 ταύτην
1722 3408 1876 3480 ὑμῶν
1912 3409 2008 3479 τὴν

2112 3417 2442 3472 monasterio
2468 3425 2679 3479 nostro,
2705 3415 2853 3487 quod
2880 3413 3103 3485 quidem
3132 3430 3161 3468 a
3184 3411 3495 3484 Cyrrestica
3521 3415 3536 3431 '
3562 3409 3690 3464 mil-

433 3505 622 3575 δέησιν
648 3506 883 3575 δέχεται,
904 3505 1125 3573 οίκῆσαι
1149 3498 1284 3572 γοῦν
1309 3520 1375 3574 με
1396 3501 1708 3556 κελευσάτω
1733 3500 1793 3553 τὸ
1814 3501 1846 3571 ή
1854 3499 2008 3567 μέτε-

2113 3507 2345 3562 liaribus
2388 3508 2542 3563 abest
2594 3514 2817 3562 centum
2863 3514 2921 3560 et
2955 3503 3175 3575 viginti,
3228 3503 3299 3556 ab
3347 3499 3694 3555 Antiochena

441 3613 534 3668 ρον
570 3598 951 3669 μοναστήριον,
1003 3595 1032 3649 δ
1080 3595 1181 3665 τῆς
1217 3595 1315 3664 μὲν
1349 3593 1680 3666 Κυρρεστῶν
1717 3593 1889 3646 εἴκοσι
1918 3592 2008 3644 καὶ

2114 3599 2354 3668 quinque
2374 3606 2429 3652 et
2451 3597 2813 3668 septuaginta,
2844 3596 3021 3650 tribus
3055 3603 3237 3649 autem
3271 3591 3599 3646 milliaribus
3624 3584 3694 3644 ab

438 3687 635 3740 ἑκατὸν
657 3686 854 3757 μιλίοις
882 3685 1180 3756 ἀφέστηκε,
1210 3683 1311 3754 τῆς
1334 3684 1392 3737 δὲ
1423 3682 1693 3752 Ἀντιόχου
1728 3681 1890 3733 πέντε
1919 3681 2013 3733 καὶ

441 3777 832 3849 ἑϐδομήκοντα,
889 3778 997 3831 ἀπὸ
1035 3777 1095 3830 δὲ
1134 3776 1301 3848 τριῶν
1349 3775 1538 3846 μιλίων
1574 3775 1673 3842 τῆς
1725 3772 2015 3842 Ἀπαμέων

437 3869 710 3923 διάκειται
734 3869 961 3931 πόλεως.
998 3866 1236 3931 Τούτων,
1259 3868 1308 3919 εί
1340 3867 1438 3934 μὲν
1469 3864 1712 3928 δυνατὸν,
1736 3864 1798 3915 τὸ
1825 3863 2021 3932 πρότε-

446 3971 565 4027 ρον·
603 3959 653 4011 εί
686 3957 743 4010 δὲ
779 3958 876 4027 μὴ,
907 3956 967 4008 τὸ
998 3954 1129 4023 γοῦν
1175 3953 1424 4022 δεύτερον
1468 3948 1877 4020 παρασχεθῆναί
1929 3963 2021 4015 μοι

443 4050 534 4103 διὰ
559 4048 654 4103 τοῦ
688 4048 957 4120 ὑμετέρου
992 4046 1253 4118 μεγέθους
1287 4042 1610 4117 παρακαλῶ.
1646 4035 1721 4095 Οῦ
1756 4039 1854 4110 τὴν
1887 4039 2021 4108 μνή-

447 4157 560 4210 μην
579 4140 679 4194 κάν
699 4141 767 4210 τῇ
783 4137 1012 4208 διανοίᾳ,
1027 4137 1130 4190 κάν
1155 4139 1220 4207 τῇ
1244 4134 1478 4205 γλώττῃ,
1502 4131 1763 4202 διηνεκῶς
1790 4129 2019 4199 περιφέ-

448 4248 640 4303 ρομεν,
668 4229 1004 4293 ἱκετεύοντες
1034 4229 1126 4281 τὸν
1153 4227 1263 4286 τῶν
1292 4225 1574 4295 δυνάμεων
1616 4222 1839 4291 Κύριον,
1867 4216 2023 4288 ἀμεί-

444 4321 651 4392 ψασθαι
679 4322 778 4392 τὴν
806 4319 1083 4391 ὑμετέραν
1112 4316 1607 4389 μεγαλοπρέπειαν,
1633 4314 1724 4367 καὶ
1751 4315 1862 4373 τοῖς
1886 4326 2023 4379 παρ-

446 4413 590 4477 οῦσι,
621 4414 717 4466 καὶ
742 4406 858 4474 τοῖς
896 4409 1182 4481 μέλλουσιν
1219 4406 1464 4475 ἀγαθοῖς.
1499 4403 1682 4458 Ταῦτα
1723 4402 1779 4455 δὲ
1812 4399 2022 4470 γράψαι

448 4503 546 4557 νῦν
595 4499 971 4575 ἠναγκάσθην,
1002 4498 1191 4568 μαθὼν
1220 4497 1297 4560 ὥς
1320 4513 1464 4560 τινες
1500 4495 1595 4548 καὶ
1633 4492 1730 4564 τὴν
1777 4488 2024 4544 ἐντεῦθεν

452 4606 546 4661 μοι
566 4589 859 4643 καττύουσι
885 4582 1216 4659 μετάστασιν
1243 4584 1378 4657 (84).

986 4698 1119 4752 PK'.
1153 4727 1223 4739 ——-
1248 4699 1568 4764 Λουπικίῳ.

2116 3689 2254 3744 urbe
2301 3688 2466 3744 distat
2511 3689 2808 3759 Apamcna.
2842 3686 3069 3751 Horum,
3103 3684 3149 3740 si
3193 3684 3416 3755 quidem
3458 3681 3575 3736 ﬁeri
3600 3697 3698 3751 po-

2118 3787 2246 3845 test,
2308 3781 2460 3850 prius
2509 3780 2672 3847 illud;
2722 3780 2808 3834 sin
2856 3778 3063 3855 minus,
3109 3777 3345 3831 alterum
3394 3783 3543 3829 certe
3582 3787 3700 3835 mas

2118 3870 2424 3943 gnitudinis
2454 3879 2647 3927 vestra:
2669 3887 2835 3941 opera
2860 3868 3091 3925 concedi
3114 3867 3249 3921 mihi
3274 3866 3508 3937 postulo.
3530 3863 3719 3935 Cujus,

2122 3980 2224 4019 nos
2257 3964 2578 4019 memoriam
2608 3970 2664 4017 et
2684 3961 2867 4016 animo
2893 3970 2948 4017 et
2974 3962 3155 4031 lingua
3173 3965 3438 4030 perpetuo
3467 3956 3702 4011 circum-

2121 4058 2371 4122 ferimus,
2423 4058 2688 4112 virtutum
2728 4055 3022 4127 Dominum
3066 4053 3437 4112 obsecrantes,
3484 4055 3545 4101 ut
3586 4062 3702 4100 ma-

2123 4149 2489 4219 gniﬁcentiam
2514 4155 2751 4202 vestram
2781 4155 2837 4200 et
2860 4143 3222 4215 pratsentibus
3241 4151 3297 4196 et
3314 4138 3518 4199 futuris
3540 4136 3702 4191 bonis

2121 4249 2456 4295 remuneret.
2494 4238 2618 4293 llam
2659 4252 2791 4292 vero
2840 4251 2989 4290 nunc
3036 4242 3099 4289 ut
3145 4233 3446 4288 scriberem
3480 4243 3548 4283 eo
3576 4243 3698 4283 sum

2125 4331 2373 4397 adactus,
2406 4330 2615 4400 1203
2649 4328 2797 4399 quod
2845 4336 2908 4383 ut
2952 4326 3088 4381 hinc
3106 4324 3274 4381 etiam
3316 4323 3468 4378 abire
3500 4320 3707 4394 iubear-

2126 4420 2304 4474 moliri
2353 4419 2620 4490 quosdam
2667 4418 2917 4490 cognovi.

2653 4700 2816 4758 CXX.
2842 4731 2911 4741 —
2938 4701 3170 4774 Lupicio.

521 4811 688 4886 Οἶμαι
713 4815 808 4868 καὶ
839 4814 965 4878 τοῦς
993 4815 1093 4885 τῆς
1122 4811 1380 4883 ἀληθείας
1432 4810 1769 4881 σχετλιάζειν
1797 4813 2008 4885 ὲχθροῦι

2200 4813 2455 4869 Arbitror
2476 4813 2642 4868 etiam
2672 4813 2823 4886 ipsos
2847 4814 3102 4869 veritatis
3122 4813 3312 4868 hostes
3338 4810 3608 4883 indignari
3633 4812 3705 4869 ob

450 4906 547 4957 ἐπὶ
595 4908 716 4967 ταῖς
764 4904 970 4967 ἀδίκοις
1024 4903 1179 4973 ἡμῶν
1232 4902 1327 4954 καὶ
1375 4902 1713 4973 παρανόμοις
1770 4907 2023 4972 σφαγαῖς.

453 4993 642 5065 Πολλῷ
667 4994 724 5047 δὲ
755 4994 941 5059 πλέον,
973 4992 1049 5056 ὡς
1093 4993 1258 5058 εἰκὸς,
1292 4993 1419 5063 ἀνιᾷ
1453 4994 1578 5056 τοὺς
1600 4994 1902 5065 τροφίμους
1930 4998 2027 5067 τῆς

451 5086 735 5150 εὐσεϐείας
777 5088 811 5157 ἡ
854 5085 1014 5157 καινὴ
1055 5082 1195 5154 α’ύτη
1232 5084 1328 5136 καὶ
1370 5083 1675 5155 παράδοξος
1725 5086 2025 5155 τραγῳδία,

450 5172 529 5229 ὧν
565 5180 600 5247 ἡ
649 5175 891 5245 ὑμετέρα
946 5172 1214 5245 πρωτεύει
1263 5170 1725 5241 μεγαλοπρέπεια.
1755 5172 2029 5243 Προσηκει

452 5269 515 5320 δὲ
545 5268 671 5331 τοὺς
731 5266 915 5320 πλεῖον
961 5262 1260 5333 ἀλγοῦντας
1293 5262 1512 5315 πλείονα
1559 5260 1795 5330 σπουδήν
1834 5279 1892 5314 τε
1936 5260 2030 5314 καὶ

458 5357 768 5430 προθυμίαν
806 5358 1159 5424 εἰσενεγκεῖν,
1185 5353 1326 5407 ὥστε
1363 5352 1433 5406 τά
1460 5352 1734 5415 δυσσεϐῶς
1760 5352 1855 5405 καὶ
1887 5369 2029 5422 παρ-

451 5450 672 5520 ανόμως
719 5448 1063 5519 γεγενημένα
1103 5447 1258 5501 λύσιν
1288 5445 1493 5509 λαϐεῖν,
1522 5444 1586 5498 τὸ
1606 5444 1662 5497 δὲ
1687 5443 2025 5513 διασπασθῆ-

451 5560 542 5601 ναι
563 5543 874 5599 κινδυνεῦον
901 5541 1060 5613 σῶμα
1083 5542 1184 5613 τῆς
1227 5539 1554 5610 Ἐκκλησίας
1587 5540 1667 5603 εἰς
1703 5539 1803 5610 τὴν
1826 5539 2025 5609 προτέ-

517 5700 561 5732 ²⁸
585 5697 721 5754 Gen.
748 5714 895 5763 xvnt,
925 5697 1017 5763 21,
1043 5697 1131 5751 22.

2135 4904 2368 4976 injustas
2395 4913 2452 4959 et
2473 4903 2692 4977 iniquas
2715 4905 3035 4959 vexationes
3066 4919 3205 4974 quas
3226 4903 3485 4974 patimur.
3538 4902 3708 4957 Multo

2132 5002 2320 5050 autem
2343 4994 2535 5065 magis,
2571 5002 2633 5048 ut
2656 5010 2757 5064 par
2782 5003 2887 5058 est,
2925 4994 3143 5064 pietatis
3166 4994 3437 5057 alumnos,
3472 5007 3708 5063 quorum

2132 5086 2392 5155 princeps
2415 5093 2507 5140 est
2529 5085 2935 5154 magniﬁcentia
2964 5094 3074 5149 tua,
3121 5085 3411 5159 contristat
3433 5084 3550 5138 haec
3568 5098 3709 5137 nova

2133 5182 2190 5228 et
2212 5174 2458 5229 inaudita
2484 5174 2770 5243 tragmdia.
2796 5173 3065 5228 Convenit
3083 5183 3266 5229 autem
3297 5182 3356 5228 ut
3376 5173 3469 5243 qui
3492 5170 3711 5244 gravius

2133 5266 2450 5331 condolent,
2479 5267 2742 5336 majorem
2765 5274 3022 5319 conatum
3045 5275 3102 5320 ct
3122 5265 3530 5321 contentionem
3555 5261 3684 5315 adhi

2133 5355 2329 5422 beant,
2380 5364 2442 5410 ut
2467 5371 2589 5425 qua:
2613 5354 2780 5427 impie
2805 5365 2861 5412 et
2888 5357 3077 5427 inique
3102 5366 3222 5410 acta
3245 5361 3373 5409 sunt
3400 5352 3700 5406 dissolvan-

2132 5457 2243 5514 tur,
2277 5458 2334 5505 et
2355 5446 2502 5518 quod
2534 5447 2588 5501 in
2614 5448 3021 5503 dilacerationis
3043 5447 3291 5516 periculo
3316 5453 3565 5497 versatur
3589 5457 3703 5497 cor-

2132 5553 2237 5609 pus
2271 5536 2564 5601 Ecclesiae,
2600 5536 2667 5591 ad
2711 5536 2998 5606 pristinam
3044 5530 3232 5588 redeat
3270 5530 3704 5585 consensionem.

527 5809 640 5882 (85)
672 5810 849 5867 Locus
878 5818 1058 5867 exstat
1104 5811 1271 5865 etiam
1317 5809 1460 5880 apud
1507 5809 1729 5875 Baron.,
1765 5814 1805 5860 t.
1855 5805 1946 5871 Vl,
1983 5821 2036 5875 p.
2076 5805 2195 5871 106,
2229 5804 2296 5861 ad
2321 5821 2369 5860 a.
2407 5803 2467 5860 C.
2502 5803 2625 5860 449.

529 5883 639 5953 (Si)
674 5883 1094 5951 μετανάσταξιν.
1134 5882 1300 5950 Neap.
