4072 6412
427 430 564 506 ιειι,

1410 440 1896 501 TIIEODORETI
1935 439 2274 500 EPISCOPI
2312 444 2676 503 CYRENSIS

3553 439 3688 505 i332

423 546 789 613 Quamobrem
821 561 919 600 oro
945 544 1377 615 magnitudinem
1404 556 1574 613 tuam,
1614 557 1674 602 ut
1698 548 1993 618 Spiritualis

2109 565 2206 617 ραν
2259 549 2576 618 συμφωνίαν
2612 549 2950 605 ἐπανελθεῖν.
2980 551 3182 605 Τούτου
3205 551 3268 622 δὴ
3304 551 3467 623 χάριν
3505 567 3685 623 παρα-

424 638 812 710 negotiationis
840 654 1028 695 ansam
1074 654 1313 707 praesens
1361 646 1577 709 tempus
1612 654 1735 694 esse
1773 648 2000 706 statuat,

423 739 480 782 et
518 742 621 798 pro
660 727 861 782 tuenda
896 729 1099 796 pietate
1134 735 1451 799 promptum
1487 730 1606 799 ipsa
1637 728 1885 784 studium
1920 730 2003 784 af-

403 824 590 887 ferat,
639 821 993 891 vicissimque
1023 837 1054 875 a
1078 822 1339 877 muniﬁco
1362 823 1616 888 Domino,
1650 831 1707 878 et
1734 839 2003 882 summam

424 908 479 964 in
508 911 611 965 hac
633 911 744 965 vita
771 911 1195 980 providentiam,
1220 919 1276 964 et
1301 911 1359 965 in
1381 911 1567 966 futura
1588 928 1816 983 regnum
1838 913 2003 968 (ταξιο-

425 1018 545 1058 rum
567 1002 818 1073 accipiat.

811 1215 993 1271 CXXI.
1014 1246 1082 1256 --
1098 1216 1344 1270 Anatolio
1368 1216 1609 1284 patricio.

493 1325 760 1382 Patefecit
806 1341 989 1380 rerum
1011 1326 1254 1379 omnium
1280 1325 1560 1394 inspector
1585 1331 1643 1379 et
1681 1324 1997 1379 moderator

419 1416 685 1471 Dominus
705 1423 761 1470 et
784 1413 1139 1484 apostolicam
1166 1412 1480 1482 degmatum
1508 1420 1827 1466 nostrorum
1852 1412 1999 1465 veri-

423 1516 609 1575 tatem,
632 1510 914 1579 etjactataa
938 1506 993 1561 in
1019 1519 1120 1560 nos
1137 1503 1425 1559 calumniae
1448 1502 1995 1558 falsitatem.Etenim

420 1615 543 1670 quae
572 1615 602 1653 a
626 1600 736 1652 Deo
758 1597 1083 1652 charissimo
1123 1605 1180 1650 ct
1205 1595 1552 1649 sanctissimo
1578 1610 1788 1665 magna:
1808 1594 1997 1648 Romae

420 1687 838 1756 archiepiscopo
883 1685 1108 1739 domino
1146 1684 1332 1738 Leone
1369 1684 1437 1738 ad
1478 1691 1679 1738 sanctae
1717 1683 1997 1738 memoriae

420 1779 758 1845 Flavianum,
773 1779 1021 1848 aliosque
1034 1778 1178 1847 apud
1192 1777 1471 1846 Ephesum
1483 1783 1842 1847 congregatos
1858 1777 1996 1830 scri-

416 1878 510 1941 pta
548 1880 701 1937 sunt,
744 1886 868 1925 cum
900 1869 969 1924 iis
996 1869 1216 1940 penitus
1245 1867 1597 1923 consentiunt
1626 1883 1749 1937 quae
1776 1883 1878 1922 nos
1907 1868 1992 1922 vel

417 1961 865 2039 conscripsimus,
892 1961 979 2016 vel
1011 1961 1067 2015 in
1096 1959 1357 2015 Ecclesiis
1387 1968 1656 2030 perpetuo
1684 1959 1992 2015 docuimus.

416 2056 707 2123 Quocirca,
741 2052 956 2126 120i.
987 2054 1151 2108 simul
1180 2068 1243 2107 ac
1281 2067 1375 2107 eas
1415 2052 1626 2107 litteras
1670 2050 1802 2122 legi,
1843 2050 1997 2107 beni-

416 2162 584 2216 gnum
604 2146 898 2200 Dominum
919 2142 1161 2204 laudavi,
1179 2142 1324 2212 quod
1348 2141 1621 2196 Ecclesias
1642 2156 1751 2195 non
1769 2155 1997 2210 prorsus

416 2237 750 2300 deseruerit,
790 2234 886 2291 sed
920 2241 1085 2289 recta:
1109 2233 1376 2288 doctrinae
1410 2231 1707 2287 scintillam
1737 2233 1993 2300 servarit,

415 2330 503 2385 vel
527 2328 713 2399 potius
738 2342 849 2381 non
873 2326 1190 2387 scintillam,
1216 2323 1311 2379 sed
1336 2323 1512 2377 facem
1536 2322 1849 2388 maximam,
1874 2338 1997 2393 quae

416 2422 608 2477 orbem
638 2431 908 2476 terrarum
932 2420 1232 2477 accendere
1256 2430 1313 2476 et
1335 2419 1646 2476 illuminare
1671 2421 1865 2491 possit.
1891 2420 1999 2476 Re-

414 2529 545 2569 vera
569 2516 588 2536 ‘
609 2515 757 2570 enim
782 2513 1145 2583 apostolicum
1168 2513 1223 2568 in
1246 2512 1468 2582 scriptis
1485 2513 1601 2568 suis
1617 2514 1996 2569 characterem

415 2614 638 2661 secutus
663 2611 786 2670 est,
842 2612 898 2660 et
941 2620 1064 2675 qua:
1095 2620 1125 2659 a
1156 2605 1364 2660 sanctis
1393 2605 1681 2677 beatisque
1708 2605 1996 2675 prophetis

414 2704 470 2752 et
498 2696 791 2767 apostolis,
847 2703 904 2751 et
957 2695 1122 2750 abiis
1173 2694 1268 2765 qui
1309 2701 1433 2765 post
1480 2695 1607 2750 illos
1631 2694 1994 2766 Evangelium

413 2790 802 2862 praedicarunt,
831 2803 1060 2859 quaeque
1084 2803 1113 2841 a
1137 2787 1343 2843 sanctis
1366 2787 1625 2842 Patribus
1649 2786 1845 2843 Nicaaa:
1865 2802 1995 2842 con-

413 2881 654 2955 gregatis
678 2881 878 2936 tradita
903 2889 1053 2945 sunt,
1088 2871 1281 2934 eadem
1307 2879 1363 2933 in
1390 2878 1479 2934 his
1500 2879 1703 2934 litteris
1731 2878 1879 2935 nacti
1905 2894 1997 2934 su-

413 2989 538 3029 mus
587 2991 601 3027 :
649 2972 853 3043 quibus
881 2980 937 3027 et
960 2988 1063 3027 nos
1109 2972 1366 3031 insistere
1388 2972 1745 3042 proﬁtemur,
1800 2980 1858 3026 et
1899 2985 1996 3025 eos

413 3064 509 3135 qui
540 3064 617 3118 ab
637 3063 727 3117 his
758 3061 976 3117 diversa
1005 3061 1282 3127 sentiunt,
1323 3062 1623 3131 impietatis
1647 3061 1991 3117 damnamus.

411 3155 550 3210 Cum
589 3154 680 3210 his
714 3164 900 3209 autem
933 3153 1136 3208 litteris
1157 3153 1296 3209 meis
1323 3167 1489 3207 unam
1520 3138 1589 3208 ex
1615 3151 1864 3222 epistolis
1896 3167 1993 3206 co-

2108 642 2257 694 καλῶ
2292 642 2351 695 τὸ
2391 642 2655 713 ὑμέτερον
2695 643 2945 713 μέγεθος.
2985 644 3366 714 πνευματικῆς
3418 646 3686 717 ἐμπορίας

2107 732 2360 804 ἀφορμὴν
2405 734 2623 803 νομίσαι
2663 734 2755 787 τὸν
2784 734 3028 805 παρόντα
3072 735 3296 806 καιρόν⁵
3329 735 3423 788 καὶ
3450 736 3549 806 τὴν
3585 739 3684 808 μὲν

2107 824 2248 894 ὑπὲρ
2277 825 2378 894 τῆς
2429 824 2714 888 εὐσεϐείας
2744 828 3076 893 εἰσενεγκεῖν
3107 826 3435 896 προθυμίαν,
3470 826 3687 880 ἀντιλα-

2111 916 2228 966 ϐεῖν
2269 912 2327 966 δὲ
2366 914 2517 985 παρᾶ
2558 913 2652 967 τοῦ
2698 914 3075 985 μεγαλοδώρου
3134 916 3433 979 Δεσπότου,
3471 916 3574 969 κάν
3606 916 3686 984 τῷ

2105 1005 2335 1074 παρόντι
2367 1004 2468 1075 βίῳ
2503 1005 2600 1076 τήν
2625 1004 2894 1075 μεγίστην
2928 1006 3273 1075 κηδεμονίαν,
3305 1007 3408 1059 κάν
3444 1006 3522 1076 τῷ
3553 1006 3683 1076 μέλ-

2104 1096 2251 1148 λοντι
2278 1098 2377 1165 τὴν
2398 1094 2507 1148 τῶν
2542 1094 2789 1166 οὐρανῶν
2817 1096 3118 1166 βασιλείαν.

2406 1209 2580 1266 PKA'.
2617 1241 2689 1250 —
2715 1209 3037 1276 Ἀνατολίῳ
3073 1213 3375 1278 πατρικ.’ῳ.

2177 1319 2419 1385 Ἐδειξεν
2476 1321 2505 1374 ὁ
2562 1321 2629 1375 τὰ
2688 1322 2845 1375 πάντ’
2900 1321 3113 1393 ἐφορῶν
3180 1321 3272 1374 καὶ
3328 1322 3686 1393 πρυτανεύων

2100 1412 2402 1481 Δεσπότης.
2432 1412 2527 1464 καὶ
2564 1413 2661 1481 τὴν
2710 1411 3076 1482 ἀποστολικὴν
3105 1411 3212 1464 τῶν
3243 1411 3527 1483 ἡμετέρων
3563 1414 3686 1480 δογ-

2103 1504 2287 1572 μάτων
2330 1501 2606 1572 ἀλήθειαν,
2657 1502 2752 1556 καὶ
2802 1503 2906 1572 τῆς
2954 1503 3075 1557 καθ’
3104 1502 3261 1574 ήμῶν
3307 1505 3685 1575 γεγενημένης

2101 1594 2464 1663 συκοφαντίας
2501 1595 2560 1647 τὸ
2588 1594 2804 1664 ψεῦδος.
2850 1595 2932 1647 Τὰ
2959 1595 3069 1665 γάρ
3108 1595 3262 1666 παρὰ
3295 1595 3388 1648 τοῦ
3436 1596 3685 1666 θεοφιλε-

2103 1685 2302 1738 στάτου
2341 1685 2435 1737 καὶ
2480 1685 2785 1752 άγιωτάτου
2828 1684 2926 1756 τῆς
2970 1686 3213 1755 μεγάλης
3248 1685 3465 1757 Ῥώμης
3492 1688 3681 1759 ἀρχιε-

2099 1777 2369 1831 πισκόπου
2423 1775 2614 1846 κυρίου
2656 1775 2904 1840 Λέοντος,
2940 1776 3010 1829 τὰ
3055 1779 3190 1848 πρὶς
3236 1778 3327 1831 τὶν
3380 1779 3478 1848 τῆς
3527 1781 3684 1842 ὁσίας

2102 1871 2322 1940 μνήμης
2359 1867 2677 1934 Φλαόιανὸν,
2730 1867 2827 1921 καὶ
2871 1868 3008 1939 πρὸς
3057 1870 3183 1931 τοὺς
3222 1869 3413 1931 ἄλλους
3458 1870 3584 1933 τοὺς
3623 1872 3685 1922 ἐν

2112 1962 2324 2032 Ἐφέσῳ
2354 1960 2841 2031 συναθροισθέντας
2872 1960 3179 2030 γραφέντα,
3221 1959 3361 2027 ἄγαν
3401 1962 3687 2028 συμφωνεῖ

2097 2057 2211 2118 τοῖς
2247 2054 2377 2123 παρ’
2414 2052 2570 2124 ἡμῶν
2616 2052 2709 2105 καὶ
2747 2054 3129 2121 συγγραφεῖσι,
3183 2051 3278 2104 καὶ
3322 2051 3410 2102 ἐπ’
3456 2052 3686 2121 Ἐκκλη-

2100 2149 2222 2209 σίας
2270 2143 2625 2216 κηρυχθεῖσιν
2658 2142 2764 2196 άεί.
2815 2139 2888 2197 Οῦ
2926 2143 2989 2213 δὴ
3028 2143 3189 2213 χάριν
3242 2142 3404 2206 εὐθὺς
3444 2143 3688 2212 ἐντυχὼν

2100 2237 2319 2307 ὕμνησα
2347 2237 2440 2289 τὸν
2471 2234 2850 2306 φιλάνθρωπον
2878 2234 3104 2305 Κύριον,
3128 2235 3210 2287 ὅτι
3240 2234 3301 2286 οὗ
3324 2233 3422 2298 τὰς
3455 2233 3688 2304 Ἐκκλη-

2101 2334 2223 2395 σίας
2257 2332 2536 2397 παντελῶς
2578 2328 2991 2394 καταλέλοιπεν,
3028 2328 3142 2382 ἀλλ’
3176 2328 3410 2399 ἐφύλαξε
3446 2327 3538 2381 τὸν
3580 2327 3685 2397 τῆς

2102 2425 2412 2497 ὀρθοδοξίας
2446 2424 2746 2495 σπινθῆραο
2783 2422 2983 2494 μᾶλλον
3027 2422 3083 2475 δὲ
3122 2421 3181 2474 οὐ
3214 2420 3512 2491 σπινθῆρα,
3544 2419 3687 2472 ἀλλά

2098 2514 2305 2585 πυρσὸν
2356 2514 2634 2584 μέγιστον,
2691 2512 2876 2566 ἱκανὸν
2923 2511 3119 2581 ἐξάψαι
3164 2510 3258 2564 καὶ
3304 2509 3539 2579 φωτίσαι
3581 2508 3688 2579 τὴν

2096 2607 2442 2678 οἰκουμένην.
2503 2604 2743 2675 Ἀληθῶς
2794 2606 2902 2676 γάρ
2960 2603 3048 2656 τὸν
3104 2602 3458 2659 ἀποστολικδν
3500 2604 3559 2655 ἐν
3597 2595 3682 2663 οἷς

2097 2699 2304 2771 ἔγραψε
2361 2698 2648 2769 διεφύλαξε
2704 2700 3070 2768 χαρακτῆρα,
3134 2695 3318 2750 καὶτὰ
3366 2695 3517 2767 παρὰ
3572 2693 3683 2747 τῶν

2098 2792 2267 2860 ἁγίων
2299 2792 2392 2845 καὶ
2425 2791 2713 2861 μακαρίων
2757 2788 3049 2860 προφητῶν
3083 2787 3176 2842 καὶ
3217 2787 3548 2851 ἀποστόλων,
3585 2786 3683 2838 καὶ

2096 2884 2204 2938 τῶν
2256 2884 2374 2954 μετ’
2427 2881 2667 2944 ἐκείνους
2699 2878 3052 2952 κηρυξάντων
3095 2880 3156 2932 τὸ
3191 2877 3543 2947 Εὑαγγέλιον,
3584 2876 3684 2929 καὶ

2101 2975 2286 3046 μέντοι
2328 2974 2423 3027 καὶ
2460 2973 2567 3027 τῶν
2605 2974 2665 3026 ἐν
2705 2972 2912 3044 Νικαίᾳ
2958 2969 3456 3042 συναθροισθέντων
3508 2966 3681 3035 άγίων

2098 3066 2381 3138 Πατέρων,
2433 3064 2668 3136 εὕρομεν
2712 3065 2770 3117 ἐν
2825 3066 2938 3124 τοῖς
2985 3065 3279 3134 γράμμασι
3329 3060 3567 3125 τούτοις*
3597 3055 3683 3124 οἷς

2096 3158 2355 3229 ἐμμένειν
2385 3154 2777 3226 ὀμολόγοῦμεν,
2810 3155 2903 3209 καὶ
2934 3155 3063 3218 τοὺς
3094 3154 3222 3208 ἄλλο
3253 3171 3305 3207 τι
3335 3152 3486 3224 παρὰ
3505 3151 3683 3205 ταῦτα

410 3247 619 3318 pulavi,
656 3262 779 3317 quae
806 3247 874 3301 ab
900 3246 995 3302 illo
1028 3246 1307 3315 Ephesum
1337 3246 1517 3301 missae
1538 3252 1667 3299 sunt
1703 3262 1717 3295 :
1754 3251 1834 3309 ut,
1861 3258 1986 3298 cum

2100 3240 2429 3320 φρονοῦντας
2454 3246 2711 3310 ἀσεϐείας
2730 3245 3073 3319 γραφόμεθα.
3112 3245 3388 3313 Συνέταξα
3419 3245 3475 3299 δὲ
3499 3245 3681 3298 τοῖσδε

412 3354 536 3394 eam
579 3338 775 3410 legerit
817 3335 1222 3408 magniﬁcentia
1261 3347 1384 3404 tua,
1442 3352 1635 3393 eorum
1664 3335 1988 3390 recordetur

413 3445 537 3502 quae.
579 3445 609 3484 a
645 3429 807 3485 nobis
833 3427 1032 3499 saepius
1067 3428 1123 3483 in
1147 3428 1396 3485 Ecclesia
1427 3436 1558 3483 sunt
1579 3427 1724 3482 dicta
1748 3469 1762 3493 ,
1798 3434 1855 3481 et
1885 3425 1979 3481 do-

410 3531 652 3597 gmatum
674 3523 1093 3578 consensionem
1116 3532 1396 3593 agnoscat,
1418 3535 1623 3590 eosque
1641 3518 1771 3572 odio
1788 3517 1989 3571 habeat

409 3616 505 3684 qui
530 3614 832 3684 loquuntur
855 3612 1226 3678 mendacium,
1252 3611 1460 3682 quique
1483 3610 1751 3665 adversus
1768 3618 1987 3680 aposto-

409 3703 516 3759 lica
544 3703 798 3775 dogmata
832 3717 1024 3760 novam
1056 3702 1290 3758 haeresin
1314 3700 1703 3756 condiderunt.

670 3996 885 4052 CXXII.
913 4029 983 4038 —
1021 3998 1220 4054 Urania
1251 3999 1488 4069 episcopo
1513 3998 1737 4053 Emesw.

479 4108 637 4175 Quod
685 4109 966 4180 conjuncti
1000 4123 1191 4163 sumus
1240 4108 1298 4162 in
1327 4109 1549 4175 litteris,
1587 4112 1681 4181 qui
1704 4112 1986 4183 conjuncti

409 4200 610 4256 animis
665 4216 888 4256 eramus
910 4242 926 4266 ,
979 4199 1275 4269 plurimum
1302 4200 1515 4257 laetatus
1540 4218 1682 4257 sum.
1718 4203 1789 4258 At
1817 4205 1988 4259 verba

410 4288 504 4342 illa
555 4304 668 4342 non
729 4288 968 4343 intellexi
1019 4304 1032 4339 :
1078 4287 1272 4344 Nonne
1347 4289 1437 4344 isti
1504 4301 1635 4347 sunt
1700 4308 1989 4348 sermones

407 4380 552 4435 mei?
605 4381 741 4435 Nam
787 4381 835 4435 si
883 4381 1321 4450 compellationis
1369 4384 1541 4439 solius
1586 4384 1764 4455 gratia
1809 4384 1864 4439 id
1903 4385 1989 4439 di-

408 4480 559 4526 ctum
581 4480 686 4537 est,
722 4486 835 4526 non
859 4471 1011 4541 angit
1035 4488 1122 4527 me
1169 4472 1414 4539 dictum;
1467 4474 1553 4530 sin
1594 4485 1779 4530 autem
1806 4474 1989 4530 consi-

407 4564 471 4618 lii
497 4573 724 4619 renovat
745 4565 1090 4630 memoriam,
1138 4582 1248 4637 quo
1277 4566 1559 4621 silentium
1601 4566 1892 4631 suadebas,
1932 4576 1989 4622 et

409 4671 575 4727 quam
604 4656 882 4727 appellant
911 4657 1402 4728 dispensationem,
1437 4657 1665 4728 gratiam
1700 4659 1988 4727 habemus,

406 4749 504 4803 sed
537 4749 849 4804 suasionem
880 4764 992 4803 non
1020 4749 1340 4817 recipimus.
1380 4747 1667 4802 Contraria
1688 4749 1834 4804 enim
1862 4766 1996 4821 prae.-

409 4839 545 4910 cipit
577 4838 799 4895 divinus
842 4839 1139 4908 Apostolus
1192 4856 1206 4890 :
1269 4838 1835 4908 «Instavopportune,
1886 4841 1993 4895 im-

406 4934 738 5002 portune”;
762 4952 781 4983 ι
816 4940 874 4986 et
893 4931 1159 4985 Dominus
1186 4930 1317 4985 huic
1346 4929 1556 5000 1205
1585 4931 1687 5000 ipsi
1713 4934 1950 5002 praeconi
1979 4951 1992 4988 :

413 5044 433 5076 ‹
459 5023 708 5092 Loquere
738 5032 883 5080 etne
908 5030 1089 5076 taceas
1108 5022 1203 5087 ³ος»
1240 5030 1295 5077 et
1319 5022 1470 5077 Isaiae
1498 5040 1510 5076 :
1544 5043 1562 5075 ι
1585 5022 1771 5079 Clama
1798 5024 1854 5078 in
1882 5025 1993 5080 for-

405 5111 647 5167 titudine
677 5122 792 5179 tua,
817 5120 873 5166 et
894 5126 963 5167 ne
996 5113 1298 5181 parcas“;n
1332 5123 1390 5168 et
1411 5114 1545 5168 Mosi
1570 5132 1583 5169 :
1616 5116 1991 5171 «Descendens

406 5213 719 5260 contestare
742 5205 1006 5274 populum
1030 5204 1176 5259 hunc
1195 5205 1290 5258 θ’.»
1320 5206 1457 5261 Item
1481 5207 1757 5264 Ezechieli
1783 5229 1797 5263 :
1830 5208 1993 5278 «Spe-

408 5297 713 5351 culatorem
746 5293 874 5349 dedi
901 5302 954 5348 te
981 5294 1166 5349 domui
1195 5296 1391 5362 Israel;
1444 5305 1498 5351 et
1525 5296 1636 5361 lict,
1681 5298 1726 5351 si
1751 5314 1863 5351 non
1886 5313 1989 5351 an-

410 5387 760 5441 nuntiaveris
810 5386 979 5454 impio
998 5387 1065 5451 ³³,
1096 5405 1113 5437 ›
1144 5396 1201 5442 et
1234 5404 1357 5456 quae
1402 5398 1711 5457 sequuntur
1744 5406 1758 5442 :
1794 5404 1989 5458 super-

406 5490 706 5531 vacaneum
732 5490 879 5529 enim
909 5484 993 5530 est
1020 5476 1166 5547 apud
1192 5492 1341 5542 eum,
1364 5478 1458 5547 qui
1480 5478 1652 5540 novit,
1681 5477 1987 5547 producere

404 5577 737 5620 sermonem.
772 5569 960 5635 Itaque
992 5582 1103 5621 non
1142 5567 1306 5622 modo
1350 5582 1459 5619 non
1496 5567 1859 5633 concidimus,
1891 5569 1986 5622 sed

477 5715 522 5749 ¹⁹
549 5717 595 5769 II
624 5717 768 5773 Tim.
800 5735 877 5783 ιν,
910 5718 966 5771 2.
1044 5720 1087 5751 ³ο
1121 5719 1244 5773 Act.
1268 5722 1492 5784 xvnl,9.
1571 5723 1612 5753 ³¹
1646 5723 1747 5779 Isa.
1785 5741 1928 5791 mm,
1975 5726 2026 5780 I.

2099 3358 2199 3412 μου
2228 3343 2341 3404 τοῖς
2366 3339 2692 3410 γράμμασιν
2726 3339 2854 3409 μίαν
2880 3338 2993 3391 τῶν
3042 3339 3122 3401 είς
3149 3337 3249 3407 τὴν
3282 3338 3517 3408 Ἔφεσον
3546 3336 3681 3405 παρ’

2098 3432 2258 3488 αὐτοῦ
2291 3430 2645 3501 πεμφθεισῶν
2679 3429 3002 3495 ἐπιστολῶν,
3044 3431 3131 3483 ἵνα
3173 3429 3471 3501 ἐντυχοῦσα
3523 3427 3685 3499 ὑμῶν

2096 3528 2129 3597 ἡ
2162 3524 2521 3596 μεγαλοφυῖα,
2557 3523 2667 3576 τῶν
2696 3523 2822 3593 παρ’
2846 3522 3003 3593 ήμῶν
3031 3520 3289 3584 πολλάκις
3330 3521 3415 3574 ἐπ’
3447 3520 3684 3589 Ἐκκλη-

2096 3620 2218 3683 σίας
2246 3617 2557 3688 εἰρημένων
2593 3616 2937 3686 ἀναμνησθῇ,
2972 3617 3067 3668 καὶ
3108 3615 3220 3685 γνῷ
3253 3615 3366 3667 τῶν
3392 3614 3685 3682 δογμάτων

2094 3709 2194 3780 τὴν
2227 3706 2570 3777 συμφωνίαν,
2604 3708 2698 3759 καὶ
2744 3707 2952 3777 μισήσῃ
2980 3707 3106 3769 τοὺς
3139 3704 3434 3768 λαλοῦντας
3459 3706 3518 3758 τὸ
3546 3704 3685 3773 ψεῦ-

2094 3801 2207 3866 δος,
2239 3798 2334 3853 καὶ
2367 3798 2492 3861 τοὺς
2524 3798 2621 3867 τὴν
2651 3797 2843 3868 καινὴν
2872 3798 3085 3867 αἵρεσιν
3118 3796 3261 3850 κατὰ
3307 3795 3417 3850 τῶν
3446 3796 3686 3849 ἀποστο-

2096 3889 2267 3945 λικῶν
2295 3887 2709 3951 συντεθεικότας
2733 3887 3043 3958 δογμάτων.

2202 4004 2378 4057 PKB’.
2404 4032 2475 4043 —-—
2496 4001 2765 4070 Οὐρανίφ
2790 4001 3103 4067 ἐπισκόπῳ
3143 4000 3395 4070 Ἐμέσης
3421 3999 3556 4073 (85).

2168 4116 2291 4168 Ὅτι
2330 4114 2429 4186 μὲν
2459 4112 2894 4183 συνεζεύχθημεν
2929 4113 2987 4165 ἐν
3018 4115 3130 4174 τοῖς
3163 4111 3487 4183 γράμμασιν
3530 4110 3575 4163 οί
3613 4112 3682 4181 τῇ

2096 4206 2333 4263 διαθέσει
2371 4204 2816 4282 συνεζευγμένοι,
2852 4203 2972 4257 λίαν
3015 4204 3283 4275 ἥσθημεν.
3313 4203 3388 4255 Οὐ
3423 4203 3686 4273 νενοήκα-

2101 4315 2201 4369 μεν
2232 4297 2288 4351 δὲ
2327 4296 2406 4360 τὸ,
2452 4296 2534 4349 ὅτι
2565 4296 2676 4365 Οὐχ
2724 4288 2868 4349 οὗτοι
2898 4295 2946 4346 oi
2975 4292 3124 4361 λόγοι
3156 4307 3288 4363 μου;
3318 4291 3381 4345 Εἰ
3430 4291 3530 4361 μὲν
3572 4290 3685 4359 γὰρ

2100 4389 2458 4461 προσρήσεως
2504 4386 2664 4458 χάριν
2707 4386 2926 4456 εἴρηται
2976 4385 3167 4456 μόνης,
3215 4385 3313 4437 οὐκ
3342 4385 3471 4455 ἀνιᾷ
3503 4384 3563 4437 to
3587 4382 3683 4436 λε-

2101 4477 2262 4549 χθένο
2291 4479 2341 4531 εί
2369 4477 2424 4530 δὲ
2452 4474 2763 4547 συμϐουλῆς
2799 4476 3205 4545 ἀναμιμνήσκει
3234 4474 3392 4544 σιγὴν
3416 4490 3683 4543 παραινεο

2102 4571 2298 4640 σάσης,
2329 4567 2425 4621 καὶ
2448 4569 2546 4639 τὴν
2576 4566 2917 4636 καλουμένην
2937 4566 3272 4635 οἰκονομίαν,
3304 4566 3463 4636 χάριν
3491 4564 3699 4633 ὁμολο-

2096 4660 2325 4731 γοῦμεν,
2362 4659 2436 4730 μὴ
2484 4659 2769 4729 δεξάμενοι
2811 4659 2912 4729 τὴν
2940 4659 3246 4729 εἰσήγησιν.
3298 4657 3359 4710 'O
3388 4658 3497 4729 γὰρ
3535 4657 3682 4721 θεῖος

2109 4753 2432 4817 Ἀπόστολος
2469 4753 2729 4805 τάναντία
2764 4752 3087 4822 παρεγγυᾷ·
3119 4772 3138 4803 ‹
3177 4750 3460 4819 Ἐπίστηθι
3488 4749 3681 4803 εὐκαί-

2099 4859 2228 4913 ρως,
2270 4841 2535 4911 ἀκαίρως.
2565 4858 2583 4891 ι
2624 4839 2733 4893 Καὶ
2759 4841 2787 4892 ὀ
2823 4839 3101 4910 Δεσπότης
3127 4838 3275 4909 αὐτῷ
3298 4854 3361 4904 γε
3393 4837 3567 4907 τούτῳ
3600 4836 3685 4906 τῷ

2096 4934 2302 5003 κήρυκι
2322 4947 2338 4963 ·
2368 4949 2387 4983 ι
2409 4931 2596 4995 Λάλει,
2627 4930 2721 4984 καὶ
2745 4929 2820 5001 μὴ
2844 4933 3147 5001 σιωπήσῃς.
3170 4948 3188 4979 ι
3210 4930 3319 4983 Καὶ
3347 4928 3425 4999 τῷ
3454 4927 3677 5000 Ἡσαΐᾳ·

2110 5041 2129 5073 ι
2154 5020 2483 5091 Ἀναδόησον
2510 5023 2575 5092 τῇ
2618 5021 2763 5091 ίσχύῖ
2797 5036 2913 5084 σου,
2948 5021 3044 5072 καὶ
3081 5021 3156 5091 μὴ
3194 5020 3375 5090 φείσῃ.
3401 5038 3420 5069 ›
3456 5018 3566 5072 Καὶ
3602 5018 3686 5088 τῷ

2095 5116 2340 5185 Μωῦσῇο
2382 5134 2399 5166 ι
2423 5112 2681 5176 Καταϐάς
2718 5112 3086 5183 διαμάρτυραι
3133 5111 3226 5182 τῷ,
3253 5109 3370 5180 λαῷ
3428 5108 3627 5180 τούτῳ.
3657 5129 3677 5162 ι

2095 5207 2207 5262 Καὶ
2251 5207 2435 5277 μέντοι
2469 5208 2565 5261 καὶ⁵
2607 5204 2685 5276 τῷ
2736 5204 3002 5275 Ίεζεκιήλ
3023 5221 3037 5235 ’
3079 5223 3099 5256 ι
3127 5203 3338 5257 Σκοπὸν
3365 5202 3578 5256 δέδωκά
3614 5219 3676 5255 σε

2093 5299 2171 5370 τῷ
2215 5300 2347 5365 οἴκῳ
2386 5296 2638 5369 Ἰσραήλ·
2683 5296 2775 5350 καί
2820 5295 2997 5358 ἔσται,
3022 5296 3118 5348 ἐὰν
3166 5294 3241 5365 μὴ
3287 5292 3566 5365 διαστείλῃ
3592 5292 3679 5363 τῷ

2102 5390 2312 5459 ἀνόμῳ,
2342 5407 2361 5439 ι
2418 5389 2515 5442 καὶ
2558 5389 2626 5441 τὰ
2678 5386 2888 5451 τούτοις
2933 5386 3239 5441 ἀκόλουθα·
3279 5384 3537 5455 περιττὸν
3564 5383 3679 5454 γὰρ

2100 5480 2236 5552 πρὸς
2266 5480 2446 5534 εἰδότα
2472 5479 2757 5551 μηκύνειν.
2786 5481 2861 5533 Οὐ
2895 5479 3056 5548 μόνον
3085 5478 3264 5532 τοίνυν
3288 5478 3390 5532 οὐκ
3418 5474 3678 5547 ἀλύομεν.

2098 5570 2383 5643 παρρησίᾳ
2427 5571 2783 5643 χρησάμενοι,
2841 5569 2978 5624 ἀλλὰ
3042 5569 3138 5622 καὶ
3186 5567 3522 5640 γαννύμεθα,
3584 5565 3685 5621 καὶ

2103 5727 2146 5758 ⁹²
2180 5726 2354 5781 Exod.
2396 5743 2506 5781 xu.
2544 5702 2642 5779 ~21.
2725 5727 2770 5759 ³³
2804 5727 3005 5783 Ezech.
3045 5726 3244 5794 111,17.

482 5848 591 5920 (85}
623 5852 777 5920 Apud
806 5855 1029 5921 Baron.,
1057 5864 1094 5909 t.
1130 5859 1216 5921 Vl,
1250 5875 1303 5926 p.
1331 5860 1429 5913 l0?
1460 5878 1575 5931 scq.
1609 5866 1673 5920 ad
1705 5882 1735 5920 a
1768 5867 1827 5923 (ἱ.
1856 5870 1977 5934 ΗΟ,
2019 5872 2208 5925 eadem
2240 5878 2324 5925 cst
2360 5868 2606 5939 epistola.
