4072 6468
360 434 498 500 1335

355 547 592 601 liabeto:
619 542 849 598 aliorum
876 559 962 598 me
979 544 1090 599 Deo
1110 544 1591 599 dilcaissimorum
1617 547 1634 564 ⁶
1651 545 1935 616 episcopo-
1965 552 2009 605 Α
2041 546 2168 616 θητε
2191 563 2204 578 ο

354 651 478 692 rum
522 636 768 704 eulogias
827 635 894 689 ad
943 650 1029 689 me
1082 636 1275 690 missas
1326 651 1433 689 non
1459 637 1736 705 accepisse
1767 654 1781 690 :
1815 653 1925 690 non

361 726 501 796 quod
556 742 652 780 eos
690 728 784 794 qui
835 725 1098 779 miserant
1141 737 1571 792 contemnerem,
1605 727 1774 780 absit!
1831 727 1927 780 sed

357 820 501 890 quod
545 819 911 872 necessarium
951 817 1154 871 victum
1203 817 1273 870 ab
1299 833 1365 871 eo
1393 819 1602 871 interea
1630 833 1926 881 sumerem,

358 911 449 980 qui
484 910 629 964 nunc
657 911 823 964 etiam
851 910 1032 963 corvis
1059 909 1405 962 abundanter
1426 909 1762 978 suppedilat.
1789 911 1928 978 Erga

359 1009 508 1054 tuam
531 1016 662 1054 vero
692 1001 954 1069 pietatem
979 1000 1086 1054 tale
1111 999 1244 1053 nihil
1272 1001 1378 1069 egi.
1407 1000 1547 1054 Vicit
1567 1001 1712 1053 enim
1739 1015 1929 1054 revera

357 1091 641 1146 charitatis
681 1092 846 1144 ardor
882 1091 936 1144 id
967 1090 1112 1159 quod
1143 1090 1276 1143 mihi
1309 1090 1496 1143 tandiu
1526 1090 1705 1143 fuerat
1730 1104 1930 1158 propo-

359 1179 547 1234 situm.
595 1179 729 1233 Nam
762 1187 818 1233 et
844 1195 910 1232 ex
937 1195 1046 1248 quo
1074 1179 1247 1232 crevit
1279 1179 1422 1232 inter
1446 1194 1546 1232 nos
1569 1177 1927 1240 consuetudo,

356 1268 741 1324 vehementius
772 1269 1048 1324 incensam
1077 1286 1196 1324 esse.
1243 1271 1351 1322 vim
1378 1271 1583 1322 amoris
1607 1280 1928 1338 persuasum

360 1360 559 1415 habeat
584 1361 696 1415 Deo
717 1361 917 1416 dilecta
944 1362 1122 1415 anima
1152 1371 1262 1416 tua.

674 1658 905 1714 CXXIV.
929 1691 997 1698 ——
1025 1658 1266 1713 Horunce
1288 1657 1612 1712 scholastica.

427 1768 544 1839 Ego
564 1784 785 1839 quoque
831 1770 1234 1824 ecclesiasticas
1270 1768 1445 1823 deﬂeo
1485 1767 1843 1831 calamitates,
1878 1775 1935 1820 et

359 1861 768 1915 incumbentem
823 1860 998 1914 deﬂeo
1045 1869 1451 1930 tempestatem.
1513 1859 1581 1912 Et
1623 1857 1758 1912 mihi
1802 1873 1932 1912 sane

357 1950 602 2021 gratulor
628 1950 721 2020 qui
751 1966 818 2004 ex
844 1951 1173 2005 tumultibus
1195 1950 1486 2016 eraserim,
1514 1949 1757 2018 mihique
1781 1958 1936 2020 grata

357 2047 507 2099 fruar
531 2046 956 2114 tranquillitate.
1015 2045 1164 2111 Quos
1183 2061 1314 2100 vero
1341 2061 1492 2100 nunc
1514 2045 1678 2100 etiam
1709 2044 1937 2098 infestos

357 2151 478 2190 esse
521 2137 762 2191 eruditio
794 2144 886 2191 tua
918 2136 1174 2204 scripsit,
1232 2137 1554 2206 propediem
1590 2151 1782 2190 eorum
1817 2150 1940 2204 qua;

359 2226 546 2297 inique
577 2229 738 2293 fnunc
770 2236 940 2298 agunt
972 2244 1166 2298 pinnas
1188 2229 1361 2282 luent.
1410 2228 1605 2284 Omnia
1628 2229 1774 2282 enim
1799 2243 1938 2297 pon-

358 2317 492 2372 dere
527 2333 593 2372 ac
625 2333 882 2372 mensura
919 2319 1190 2389 gubernat
1240 2321 1630 2374 universorum
1653 2320 1797 2373 Deus
1836 2336 1848 2371 :
1887 2326 1944 2373 et

359 2423 485 2462 cum
527 2409 596 2463 ad
627 2409 977 2464 immodicam
1033 2409 1380 2478 iniquitatem
1427 2411 1666 2480 prolapsi
1697 2410 1940 2480 quipiam

361 2498 586 2565 fuerint,
620 2514 730 2553 non
752 2500 988 2569 amplius
1011 2500 1268 2563 sustinet,
1296 2501 1391 2554 sed
1411 2501 1652 2571 judicem
1679 2500 1942 2569 deinceps

360 2607 528 2662 agens
546 2592 803 2646 vindictae
824 2607 1041 2662 prunam
1069 2591 1294 2661 irrogat.
1326 2589 1457 2656 Quae
1482 2605 1586 2644 nos
1603 2588 1943 2658 prospicien-

365 2687 466 2743 tes,
498 2687 560 2733 ut
587 2695 616 2734 a
643 2678 1061 2734 nimialicentia
1089 2677 1359 2732 desistant
1383 2691 1627 2741 oramus,
1655 2690 1724 2728 ne
1749 2674 1794 2727 si
1825 2688 1943 2743 poe-

361 2767 449 2821 nis
469 2765 695 2822 affectos
712 2766 1041 2831 viderimus,
1063 2766 1253 2835 lugere
1274 2765 1423 2835 ipsos
1441 2765 1642 2817 iterum
1661 2778 1941 2832 cogamur.

361 2857 822 2913 Admirabilitatis
869 2872 1038 2926 porro
1086 2867 1196 2912 tute
1273 2856 1494 2911 assidue
1548 2854 1942 2918 recordamur,

360 2961 820 3018 communemque
865 2946 1194 3011 Dominum,
1253 2955 1312 3000 ut
1341 2945 1561 3000 domum
1597 2952 1743 2997 tuam
1775 2943 1946 2997 bene-

361 3032 606 3089 dictione
635 3035 868 3105 repleat,
904 3048 1150 3090 oramus.

1337 429 1820 493 THEODORETI
1860 432 2197 493 EPISCOPI
2219 431 2583 494 CYRENSIS

3473 428 3613 496 i335

2247 546 2382 599 ἀλλὰ
2409 545 2518 598 τῶν
2545 545 2684 612 ὑπὲρ
2709 543 2804 614 τῆς
2839 543 3076 605 πίστεως
3114 545 3246 614 ἡμῖν
3287 547 3617 614 κεκοινωνή-

2035 653 2165 689 κατε
2216 635 2469 704 θλίψεων.
2519 635 2690 688 Τοῦτο
2743 634 2923 700 μέντοι
2971 627 3028 684 εὖ
3084 632 3212 698 ίσθι,
3247 633 3502 691 δέσποτα,
3535 635 3612 693 ὡς

2035 729 2126 780 καὶ
2179 725 2382 794 ἐτέρων
2413 743 2502 795 μοι
2536 723 2866 793 πεμψάντων
2916 720 3348 790 θεοφιλεστάτων
3396 722 3618 774 ἐπισκό-

2035 833 2153 870 πων
2199 816 2449 884 εὐλογίαν
2487 817 2585 868 οὐκ
2619 814 2919 884 ἐδεξάμην·
2957 813 3054 883 οὐχ
3083 814 3157 875 ὡς
3199 812 3436 884 ὑϐρίζων
3486 813 3614 874 τοὺς

2036 906 2415 975 πεπομφότας,
2451 907 2525 975 μὴ
2579 906 2825 972 γένοιτο·
2887 906 3001 958 ἀλλ’
3031 905 3104 967 ὡς
3154 904 3250 973 τὴν
3308 901 3615 970 ἀναγκαίαν

2035 997 2240 1068 τροτὴν
2287 997 2422 1060 τέως
2456 997 2809 1066 ποριζόμενος
2840 997 2988 1067 παρὰ
3025 996 3116 1049 τοῦ
3151 997 3244 1048 καὶ
3273 998 3385 1058 τοῖς
3423 994 3611 1065 κόραξι

2036 1087 2240 1156 ταύτην
2288 1087 2535 1154 ἀφθόνως
2568 1087 2916 1157 παρέχοντος.
2955 1087 3078 1138 Ἐπὶ
3111 1087 3166 1139 δὲ
3201 1087 3298 1156 τῆς
3334 1087 3432 1155 σῆς
3463 1086 3615 1153 φιλο-

2039 1180 2187 1242 θεῖας
2218 1179 2368 1231 οὐδὲν
2406 1177 2644 1230 τοιοῦτον
2699 1180 2993 1246 πεποίηκα.
3020 1177 3108 1248 Τῷ
3137 1177 3249 1230 ὄντι
3296 1178 3404 1246 γὰρ
3433 1177 3616 1246 ἐνίκη-

2038 1288 2128 1322 σεν
2167 1272 2198 1338 ἡ
2253 1270 2352 1338 τῆς
2400 1269 2621 1338 ἀγάπης
2671 1269 2939 1337 θερμότης
2994 1268 3086 1321 τὸν
3131 1267 3486 1336 ὲγγενόμενόν
3523 1283 3613 1334 μοι

2037 1362 2173 1424 τέως
2205 1362 2422 1414 σκοπόν.
2456 1362 2579 1414 Ὅτι
2618 1363 2727 1432 γὰρ
2755 1361 2814 1424 ἐξ
2843 1355 2904 1413 οὗ
2930 1360 2995 1412 τὰ
3021 1361 3123 1428 τῆς
3155 1357 3442 1426 συνηθείας
3480 1359 3616 1424 ἡμῖν

2040 1451 2278 1521 ηὐξήθη,
2328 1453 2420 1504 καὶ
2465 1451 2524 1504 τὸ
2579 1452 2800 1520 φίλτρον
2842 1450 3199 1520 σφοδρότερον
3229 1448 3459 1518 ἐξήφθη,
3494 1463 3617 1497 πει-

2042 1542 2220 1594 θέσθω
2253 1543 2285 1610 ἡ
2317 1541 2572 1610 θεοφιλής
2609 1557 2703 1593 σου
2738 1539 2902 1610 ψυχή.

2334 1653 2495 1708 PKA'.
2525 1684 2594 1693 —
2628 1651 2877 1722 Μαρὰνᾳ
2909 1650 3314 1720 σχολαστικῷ.

2111 1773 2221 1834 Τὰς
2266 1771 2363 1840 μὲν
2401 1768 2864 1840 ἐκκλησιαστικάς
2912 1767 3248 1838 ὀλοφύρομαι
3293 1766 3446 1833 κάγὼ
3477 1782 3613 1834 συμ-

1971 1862 2233 1949 Βφοράς,
2298 1861 2394 1914 καὶ
2450 1861 2542 1914 τὸν
2615 1862 2962 1932 ἐπικείμενον
3035 1859 3293 1931 ὀδύρομαι
3348 1857 3613 1910 κλύδωνα.

2053 1952 2306 2024 Ἐμαυτῷ
2337 1952 2522 2022 μέντοι
2552 1953 2849 2023 συνήδομαι
2894 1951 3139 2022 θορύϐων
3186 1949 3613 2019 ἀπηλλαγμένῳ,

2040 2046 2136 2099 καὶ
2168 2045 2409 2115 γαλήνης
2458 2043 2787 2098 ἀπολαύοντι
2833 2042 2928 2110 τῆς
2974 2040 3244 2112 ὲρασμίας
3277 2057 3385 2109 μοι.
3424 2038 3528 2102 Οὓς
3557 2037 3615 2090 δὲ

2041 2139 2135 2192 καὶ
2193 2137 2287 2190 νῦν
2339 2137 2546 2190 ἀδικεῖν
2594 2137 2627 2206 ἡ
2679 2135 2744 2205 σὴ
2795 2135 3073 2196 παίδευσις
3125 2133 3367 2202 εἴρηκεν,
3408 2131 3508 2184 οὐκ
3534 2133 3615 2193 είς

2045 2227 2253 2299 μακρὸν
2302 2227 2510 2280 τίσουσι
2557 2226 2710 2289 δίκας
2743 2217 2816 2279 ὧν
2845 2225 2939 2278 νῦν
2974 2224 3302 2295 παρανόμως
3353 2222 3610 2292 τολμῶσι.

2042 2319 2276 2389 Σταθμῷ
2306 2319 2413 2390 γὰρ
2467 2319 2683 2374 ἅπαντα
2731 2317 2825 2371 καὶ
2882 2317 3066 2388 μέτρῳ
3125 2315 3454 2388 πρυτανεύει
3507 2313 3616 2366 τῶν

2041 2413 2178 2467 ὅλων
2204 2414 2232 2464 ὁ
2258 2410 2494 2483 Κύριος·
2533 2411 2626 2464 καὶ
2657 2411 2784 2463 ὅταν
2817 2409 2960 2472 τινὲς
2999 2410 3079 2470 είς
3123 2408 3386 2478 ἀμετρίαν
3436 2423 3617 2476 παρα-

2044 2503 2236 2573 νομίας
2262 2501 2557 2567 ὲκπέσωσι,
2595 2499 2941 2572 μακροθυμεῖ
2975 2501 3076 2568 μὲν
3107 2499 3316 2561 οὐκέτι,
3353 2497 3616 2550 δικαστι-

2044 2595 2155 2659 κῶς
2181 2595 2236 2648 δὲ
2266 2593 2450 2646 λοιπὸν
2501 2593 2750 2663 ἐπιφέρει
2798 2594 2898 2664 τὴν
2925 2593 3214 2664 τιμωρίαν.
3267 2590 3452 2644 Ταῦτα
3483 2606 3619 2656 προ-

2043 2686 2276 2758 ορῶντες
2300 2687 2460 2756 ἡμεῖς
2490 2683 2801 2737 παύσασθαι
2831 2684 3026 2744 αὐτοὺς
3050 2684 3149 2752 τῆς
3173 2680 3439 2752 ἀμετρίας
3463 2679 3618 2747 εὐχό-

2049 2778 2221 2849 μεθα·
2261 2777 2347 2831 ἵνα
2381 2775 2455 2847 μὴ
2510 2775 2907 2844 κολαζομένους
2952 2774 3184 2843 ὁρῶντες
3234 2773 3392 2826 πάλιν
3424 2770 3619 2833 αὐτοὺς

2046 2867 2263 2937 θρηνεῖν
2311 2863 2646 2935 βιαζὼμεθα.
2681 2865 2790 2933 Τῆς
2823 2864 2877 2916 δὲ
2927 2864 3197 2933 ὑμετέρας
3254 2859 3610 2930 θαυμασιότη-

2045 2975 2138 3021 τος
2169 2955 2432 3027 διηνεκῶς
2481 2954 2916 3025 μνημονεύομεν,
2965 2953 3058 3006 καὶ
3086 2953 3176 3005 τὸν
3206 2951 3382 3005 κοινὸν
3416 2949 3621 3002 Δεσπό-

2047 3063 2148 3117 την
2177 3044 2558 3115 ἀντιϐολοῦμεν
2581 3045 2680 3113 τὴν
2725 3044 2997 3115 ὑμετέραν
3034 3042 3208 3095 οἰκίαν
3253 3041 3498 3109 εὐλογίας
3524 3041 3623 3111 ἐμ-

2047 3137 2271 3206 πλῆσαι.

365 3245 584 3370 ],ἓρᾳ
627 3244 844 3329 ,ΟΧΧἎ
876 3276 949 3286 -—
993 3247 1314 3330 .Aphtltom'o,
1349 3247 1676 3348 Tltcodorito,
1727 3247 1938 3314 Nonne,

501 3335 531 3386 y
558 3333 704 3380 acto.
742 3317 1074 3386 Aphthomo,
1113 3317 1310 3371 Joanm
1337 3359 1351 3384 ,
1398 3326 1771 3386 magistratum
1815 3335 1940 3372 zeu-

2045 3247 2222 3303 PKE'.
2263 3279 2333 3288 —
2391 3247 2690 3315 Ὰφθονίῳ,
2746 3246 3111 3312 Θεοδωρίτῳ,
3169 3248 3398 3308 Νάννῳ,
3466 3246 3623 3296 Σκυ-

2112 3319 2324 3384 λακίῳ,
2396 3318 2726 3386 Ἀερθονίῳ,
2811 3315 3069 3384 Ἰωάννῃ,
3141 3311 3623 3382 πολιτευομένοις

593 3319 704 3380 cio,
742 3317 1074 3391 Apfithonio,
1113 3317 1311 3371 Joanm'
1337 3359 1351 3384 ,
1398 3321 1771 3391 magistratum
1815 3335 1940 3372 zeu-

430 3394 608 3456 gmate
630 3387 948 3457 gerentibus.

432 3496 588 3552 Fidei
637 3505 833 3552 vestrae
881 3497 1098 3563 firmum
1151 3514 1214 3553 ac
1255 3499 1451 3554 stabile
1477 3499 1648 3553 robur
1686 3500 1939 3568 cognovi,

361 3593 419 3640 et
449 3584 616 3638 animi
645 3585 840 3640 laetitia
880 3587 1126 3655 repletus
1150 3603 1272 3643 sum
1317 3604 1482 3658 quam
1509 3588 1764 3641 maxima.
1805 3587 1942 3640 Cum

362 3674 512 3729 enim
543 3690 745 3746 corpus
771 3692 943 3730 unum
968 3678 1143 3732 simus
1173 3679 1266 3747 qui
1289 3679 1681 3748 sempiternam
1707 3679 1947 3734 Trinita-

363 3774 476 3820 tem
500 3765 817 3834 adoramus,
851 3768 971 3839 iure
999 3785 1129 3824 sane
1157 3771 1530 3826 incolumibus
1561 3772 1825 3845 membris
1845 3787 1947 3826 caa-

363 3865 485 3912 tera
526 3857 772 3912 membra
814 3861 1179 3930 congaudent.
1231 3859 1347 3914 Hoc
1371 3869 1427 3914 et
1455 3860 1678 3915 divinus
1700 3862 1776 3914 ait
1798 3861 1945 3930 Apo-

365 3948 543 4004 stolus
570 3965 583 4002 :
616 3967 633 3999 ‹
655 3948 711 4003 Si
739 3949 1007 4019 gloriatur
1039 3967 1212 4004 unum
1241 3951 1573 4017 membrum,
1601 3952 1947 4022 congaudent

365 4040 550 4094 omnia
594 4041 921 4096 membra”.
953 4062 972 4093 ›
1030 4041 1395 4112 Congratulor
1425 4057 1556 4112 ergo
1585 4043 1762 4106 vobis,
1798 4043 1945 4113 quod

366 4145 467 4198 pro
506 4132 824 4200 apostolicis
863 4132 1215 4203 dogmatibus
1255 4132 1570 4197 decertatis,
1621 4142 1676 4188 et
1700 4134 1946 4189 celeber-

369 4221 572 4274 rimum
617 4221 770 4276 illum
805 4222 1021 4277 Naboth
1042 4223 1087 4254 ¹⁶⁰
1133 4224 1190 4276 in
1218 4224 1695 4294 praastantioribus
1720 4227 1947 4280 aemula-

368 4311 525 4366 mini.
577 4313 628 4367 ls
650 4314 798 4368 enim
835 4329 936 4383 pro
963 4313 1134 4369 vinea
1158 4315 1362 4369 caedem
1388 4317 1788 4386 iniquissimam
1819 4333 1948 4387 per-

368 4405 514 4470 tulit,
544 4416 778 4475 paterna-
801 4406 1005 4475 privari
1031 4407 1282 4463 abnuens
1309 4409 1651 4464 haereditate.
1686 4411 1795 4465 Vos
1816 4426 1948 4464 vero

366 4511 478 4550 non
525 4498 746 4559 vineas.
805 4499 899 4553 sed
947 4499 1129 4553 divina
1176 4500 1428 4570 dogmata
1459 4501 1790 4564 defenditis,
1843 4515 1940 4556 no-

2112 3319 2324 3384 λακίῳ,
2396 3311 2726 3387 ’Ᾰεοθονίῳλ
2811 3311 3104 3384 Ἰωάὶνῃγ
3141 3311 3624 3382 πολιτευομένοις

2115 3388 2454 3457 ζεύγματος.

2119 3503 2332 3570 Ἔγνων
2361 3502 2460 3572 τῆς
2489 3500 2761 3571 ὑμετέρας
2791 3501 3026 3563 πίστεως
3064 3501 3123 3552 τὸ
3161 3499 3421 3568 σταθερόν
3444 3515 3499 3550 τε
3529 3496 3623 3550 καὶ

2046 3592 2284 3664 βέϐαιον,
2349 3593 2446 3646 καὶ
2504 3592 2770 3664 θυμηδίας
2843 3592 3180 3663 ἐνεπλήσθην
3240 3593 3320 3645 ὅτι
3389 3591 3623 3660 μάλιστα

2043 3682 2321 3754 πλείστης.
2370 3682 2589 3750 Ἐπειδὴ
2621 3681 2730 3752 γὰρ
2777 3683 2856 3744 είς
2885 3681 2943 3733 ἓν
2973 3681 3130 3751 σῶμα
3159 3679 3422 3750 τελοῦμεν
3447 3679 3496 3731 οῖ
3520 3677 3624 3746 τῆς

2044 3772 2216 3827 ἀϊδίου
2260 3771 2490 3841 Τριάδος
2565 3772 2958 3842 προσκυνηταὶ,
3014 3772 3238 3834 εἰκότως
3293 3770 3465 3839 δήπου
3511 3773 3624 3830 τοῖς

2046 3863 2352 3932 ὑγιαίνουσι
2376 3861 2483 3915 τῶν
2507 3862 2686 3931 μελῶν
2725 3863 2792 3916 τὲ
2827 3862 2988 3916 λοιπᾶ
3020 3862 3418 3930 συναγάλλεται
3453 3860 3615 3929 μέλη.

2045 3953 2216 4007 Τοῦτό
2249 3970 2381 4023 φησι
2403 3953 2496 4006 καὶ
2525 3957 2554 4008 ό
2595 3954 2736 4018 θεῖος
2787 3955 3107 4018 Ἀπόστολος
3127 3972 3141 3986 ο
3186 3973 3204 4004 ι
3227 3955 3290 4007 Et
3341 3951 3623 4017 δοξάζεται

2050 4045 2232 4117 μέλος,
2259 4046 2544 4116 συγχαίρει
2566 4047 2741 4100 πάντα
2769 4047 2835 4100 τὰ
2870 4047 3026 4116 μέλη.
3063 4066 3080 4098 ι
3118 4047 3422 4116 Συνήδομαι
3445 4045 3624 4098 τοίνυν

2047 4137 2175 4206 ὑμῖν
2218 4136 2329 4190 τῶν
2379 4137 2753 4190 ἀωστολικῶν
2804 4137 3166 4207 ὑπεραθλοῦσι
3193 4138 3494 4207 δογμάτων.
3529 4137 3625 4190 καὶ

2044 4228 2137 4281 τὸν
2167 4227 2413 4281 Ναὸουθὲ
2445 4228 2555 4299 (89)
2584 4229 2676 4281 τὸν
2704 4229 3139 4300 πολυθρύλλητον
3166 4231 3373 4282 ἐκεῖνον
3405 4231 3462 4281 ὲν
3508 4231 3621 4290 τοῖς

2047 4317 2298 4387 ἀμείνοσι
2349 4318 2726 4387 μιμουμένοις.
2771 4318 3011 4382 Ἐκεῖνος
3034 4319 3142 4389 γὰρ
3178 4319 3316 4385 ὑπὲρ
3365 4317 3626 4388 ἀμπελῶ-

2048 4427 2136 4472 νος
2157 4411 2256 4480 τὴν
2285 4410 2627 4480 ἀδικωτάτην
2659 4411 2864 4479 ὑπέστη
2907 4411 3142 4482 σφαγὴν,
3175 4412 3266 4464 τὸν
3295 4409 3542 4481 πατρῷον
3562 4409 3623 4461 οὐ

2051 4501 2351 4570 προέμενος
2397 4501 2614 4571 κλῆρον.
2657 4503 2847 4572 Ὑμεῖς
2875 4502 2930 4556 δὲ
2959 4503 3058 4556 οὐκ
3090 4502 3454 4572 ἀμπελώνων,
3485 4501 3625 4554 ἀλλά

362 4602 596 4656 vamque
647 4595 702 4642 et
745 4589 1110 4644 adulterinam
1161 4594 1178 4612 ‘
1227 4593 1461 4647 haeresin
1489 4594 1684 4657 istam,
1741 4601 1800 4647 ut
1824 4609 1940 4663 quae

2053 4593 2214 4646 θείων
2247 4593 2616 4662 ὑπερμαχεῖτε
2647 4594 2958 4665 δογμάτων,
2991 4595 3084 4648 καί
3126 4595 3226 4664 τὴν
3273 4593 3465 4663 καινὴν
3490 4593 3623 4646 ταύο

363 4679 686 4748 evangelicae
734 4680 1007 4736 doctrinas
1037 4683 1276 4737 nitorem
1325 4682 1551 4748 inliciat,
1589 4685 1940 4749 aversami-ni,

363 4779 420 4822 et
474 4781 829 4827 sacrosanctae
876 4773 1160 4828 Trinitatis
1216 4790 1510 4827 numerum
1561 4790 1664 4828 nec
1687 4775 1938 4829 imminui

363 4875 465 4914 nec
515 4863 705 4931 augeri
761 4865 1097 4932 permittitis.
1179 4864 1521 4917 Imminuunt‘
1571 4867 1774 4934 quippe
1846 4864 1944 4933 qui

369 4949 644 5021 Unigeniti
709 4953 986 5008 divinitati
1022 4955 1332 5023 passionem
1385 4954 1663 5022 applicant
1695 4972 1706 5006 :
1739 4963 1943 5024 augent

366 5057 504 5096 vero
554 5045 651 5112 qui
700 5045 933 5099 alterum
981 5045 1182 5100 Filium
1232 5045 1495 5101 inducere
1528 5062 1637 5101 non
1663 5047 1938 5102 dubitant.

297 5167 303 5173 -
369 5132 478 5188 Vos
518 5143 703 5188 autem
757 5135 813 5190 in
843 5153 1014 5190 unum
1044 5137 1272 5192 creditis
1295 5138 1671 5208 Unigenitum,
1710 5140 1855 5195 sicut
1888 5140 1944 5194 in

366 5240 540 5280 unum
574 5225 790 5280 Patrem
813 5268 828 5292 ,
892 5237 950 5282 et
981 5228 1037 5281 in
1067 5244 1235 5282 unum
1265 5229 1530 5299 Spiritum
1560 5241 1830 5286 sanctum.
1886 5232 1946 5287 In

368 5317 663 5388 Unigenito
686 5333 818 5373 vero
846 5318 1128 5374 inearnato
1154 5331 1487 5392 assumptam
1508 5323 1767 5391 spectatis
1789 5332 1950 5376 natu-

367 5420 507 5474 ram,
525 5423 688 5478 quam
705 5425 736 5462 a
750 5409 912 5464 nobis
932 5420 1206 5480 acceptam
1225 5427 1326 5481 pro
1344 5413 1506 5467 nobis
1531 5414 1747 5467 obtulit.
1775 5413 1950 5483 Hujus

367 5495 516 5551 enim
546 5498 766 5568 negatio
796 5499 1012 5552 inanem
1047 5500 1229 5554 reddit
1256 5502 1483 5556 salutem
1508 5511 1774 5555 nostram.
1806 5503 1939 5556 Nam

367 5588 412 5640 si
459 5588 780 5657 impatibilis
832 5599 916 5643 est
968 5591 1242 5661 Unigeniti
1280 5591 1539 5647 divinitas
1591 5593 1943 5663 (impatibilis

441 5745 484 5775 "
515 5744 536 5801 Ι
568 5744 694 5800 Cor.
729 5764 820 5812 xu,
850 5748 935 5801 26-.
1013 5751 1059 5781 “
1082 5750 1148 5805 ιη
1186 5750 1322 5819 Reg.
1357 5766 1464 5814 xxi,
1498 5751 1518 5803 l
1550 5765 1703 5818 seqq.

2050 4702 2150 4754 την
2176 4687 2268 4738 καὶ
2298 4686 2548 4753 κίόδηλον
2582 4687 2792 4755 αἵρεσιν
2816 4686 3243 4756 ἀποστρέφεσθε,
3278 4686 3352 4749 ὡς
3375 4687 3434 4738 τὸ
3461 4685 3626 4737 καθαο

2053 4775 2146 4846 ρὸν
2165 4777 2263 4845 τῆς
2304 4776 2666 4844 εὐαγγελικῆς
2694 4776 2954 4830 θολοῦσαν
2977 4778 3348 4839 διδασκαλίας,
3392 4777 3485 4829 καὶ
3526 4777 3626 4842 τῆς

2053 4865 2330 4933 παναγίας
2360 4866 2590 4936 Τριάδος
2615 4866 2708 4917 τὸν
2747 4867 2982 4936 ἀριθμὸν
3018 4866 3141 4919 οὗτε
3169 4867 3355 4936 μειοῦν
3378 4866 3499 4919 οὔτε
3527 4865 3626 4919 αὖ·

2054 4954 2166 5019 ξειν
2206 4956 2486 5024 ἀνέχεσθε.
2519 4957 2751 5012 Μειοῦσι
2785 4961 2883 5028 μὲν
2916 4961 3023 5029 γὰρ
3066 4961 3124 5013 οἱ
3160 4963 3224 5030 τῇ
3285 4959 3498 5028 θεότητι
3528 4957 3624 5009 τοῦ

2049 5046 2388 5115 Μονογενοῦς
2423 5048 2483 5101 τὸ
2522 5049 2693 5112 πάθος
2729 5051 3173 5121 προσάπτοντεςο
3222 5049 3446 5114 αὔξουσι
3487 5049 3542 5101 δὲ
3575 5050 3622 5101 οί

2047 5138 2233 5209 ἕτερον
2255 5137 2382 5192 Υίὸν
2406 5139 2720 5208 ἐπεισάγειν
2751 5140 3080 5210 τολμῶντες.
3125 5141 3313 5210 Ὑμεῖς
3337 5140 3393 5192 δὲ
3421 5143 3500 5201 είς
3525 5140 3617 5190 ἕνα

2049 5229 2335 5299 Μονογενῆ
2375 5230 2680 5292 πιστεύετε,
2709 5231 2962 5302 καθάπερ
3003 5233 3082 5294 εἰς
3129 5231 3224 5284 ἕνα
3266 5231 3506 5302 Πατέρα,
3531 5230 3626 5283 καὶ

2050 5323 2130 5384 είς
2161 5321 2217 5372 ἓν
2253 5320 2407 5388 ἅγιον
2447 5321 2689 5393 Πνεῦμα.
2747 5324 2833 5375 Ἐν
2862 5324 2920 5375 δὲ
2965 5323 3044 5392 τῷ
3100 5322 3629 5393 σαρκωθέντιΜονο-

2051 5417 2202 5480 γενεῖ
2230 5413 2327 5482 τὴν
2362 5413 2659 5482 ληφθεῖσαν
2705 5413 2961 5484 θεωρεῖτε
3013 5412 3197 5479 φύσιν,
3247 5413 3315 5481 ἣν
3365 5412 3424 5475 ἐξ
3469 5410 3626 5480 ἡμῶν

2049 5503 2228 5556 λαϐὼν
2282 5504 2422 5575 ὑπὲρ
2471 5505 2630 5575 ἡμῶν
2689 5506 3104 5575 προσενήνοχεν.
3150 5505 3211 5555 'H
3259 5506 3367 5574 γὰρ
3421 5500 3626 5568 ταύτης

2050 5595 2279 5664 ἄρνησις
2309 5595 2538 5664 φροῦδον
2572 5595 2671 5664 τὴν
2724 5596 3002 5665 ἡμετέραν
3057 5595 3332 5665 σωτηρίαν
3362 5595 3524 5648 ποιεῖ.
3560 5592 3625 5645 Et

443 5861 551 5928 (89)
579 5862 667 5916 Sic
690 5863 830 5917 haud
857 5866 1018 5920 dubie
1055 5866 1428 5931 seribcudum,
1481 5867 1936 5933 quemadmodum
1978 5877 2029 5923 cl
2059 5883 2223 5936 supra
2250 5877 2366 5920 erat
2390 5865 2549 5934 epist.
2580 5865 2632 5920 9.
2663 5865 2824 5920 Sirm.
2862 5863 3090 5917 Ναουθὲ.
