4072 6424
287 415 431 481 1337

1607 421 1968 483 EPISTULA
2011 421 2261 484 CXXVI.

3414 424 3552 490 1338

278 534 402 606 γὰρ
430 532 649 604 ἀπαθής
693 533 728 603 ή
764 532 860 587 τοῦ
892 534 1234 602 Μονογενοῦς
1266 535 1486 605 θεότης·
1516 536 1732 607 ἀπαθὴς
1762 535 1871 608 γὰρ

1990 538 2180 608 quippe
2210 547 2294 593 est
2328 547 2522 592 natura
2559 538 2907 609 Trinitatis),
2966 548 3021 593 et
3053 555 3153 593 nos
3183 537 3234 593 id
3264 543 3410 608 quod
3442 542 3552 609 pati

279 628 390 697 τῆς
435 626 665 696 Τριάδος
704 629 737 697 ή
771 625 967 694 φύσις·
995 627 1057 679 τὸ
1098 628 1152 681 δὲ
1204 627 1435 698 πάσχειν
1492 630 1736 697 πεφυκὸς
1796 630 1870 700 μὴ

282 721 746 791 προσομολογηθῇ
779 721 909 789 παρ’
938 723 970 790 ἡ
982 719 1119 790 μῶν,
1160 721 1335 792 μάτην
1366 721 1669 793 θρυλλεῖται
1700 721 1759 774 τὸ
1796 721 1870 792 μὴ

280 812 587 883 γενόμενον
626 812 815 874 πάθος.
862 811 970 864 Τοῦ
1029 810 1138 881 γὰρ
1189 812 1491 882 πάσχοντος
1544 813 1645 865 οὐκ
1697 812 1868 875 ὄντος,

280 904 415 966 πῶς
450 902 516 956 ἂν
553 902 763 971 γένοιτο
804 903 1003 969 πάθος;
1053 903 1262 974 Ἀπαθῆ
1307 905 1404 974 μὲν
1452 904 1559 973 γὰρ
1587 904 1686 975 τὴν
1718 903 1869 957 θείαν

281 993 463 1063 φύσιν
492 993 857 1064 κηρύττομεν.
891 994 1319 1064 Συνομολογοῦσι
1351 993 1408 1046 δὲ
1440 993 1600 1047 τοῦτο
1630 995 1871 1047 κάκεῖνοι

282 1086 697 1157 παραπλησίως
742 1087 897 1155 ἡμῖν.
928 1085 1053 1148 Πῶς
1086 1083 1152 1138 ἂν
1196 1081 1288 1138 οὖν
1319 1084 1526 1154 γένοιτο
1579 1084 1748 1147 πάθος
1774 1085 1874 1151 οὐχ

282 1176 661 1246 ὑποκειμένου
689 1176 784 1230 τοῦ
815 1175 1151 1247 πάσχοντος;
1184 1176 1417 1247 Δόκησις
1453 1176 1561 1248 γὰρ
1613 1177 1732 1230 ἀντὶ
1776 1179 1873 1241 τῆς

282 1264 581 1334 ἀληθείας,
621 1266 719 1318 καὶ
750 1264 1023 1333 φαντασία
1066 1266 1365 1335 φανήσεται
1407 1265 1467 1318 τὸ
1501 1267 1641 1336 μέγα
1674 1266 1774 1335 τῆς
1797 1267 1874 1318 ol-

282 1356 559 1427 κονομίας
595 1357 915 1427 μυστήριον.
946 1355 1149 1409 Τοῦτον
1175 1356 1233 1409 δὲ
1267 1356 1360 1409 τὸν
1407 1356 1577 1427 μῦθον
1626 1356 1876 1409 Βαλεντῖ-

282 1462 413 1509 νος,
467 1446 562 1498 καὶ
610 1445 987 1515 Βαρδησάνης,
1041 1445 1134 1497 καὶ
1186 1444 1470 1515 Μαρκίων,
1522 1445 1618 1498 καὶ
1681 1445 1873 1513 Μάνης

285 1534 623 1605 ἐγέννησαν.
665 1533 731 1586 Ἦ
765 1533 822 1586 δὲ
851 1532 1117 1586 ἀνέκαθεν
1153 1536 1276 1596 ταῖς
1317 1534 1667 1603 Ἐκκλησίαις
1702 1553 1877 1604 παρα-

286 1626 519 1680 δοθεῖσα
550 1623 866 1678 διδασκαλία
894 1623 989 1678 ἕνα
1047 1624 1146 1694 μὲν
1163 1625 1290 1678 Υίδν
1321 1627 1413 1678 καὶ
1448 1626 1584 1694 μετά
1608 1625 1705 1697 τὴν
1727 1628 1865 1678 ὲνανο

288 1716 586 1786 Θρὼπησιν
628 1711 736 1768 οἶδε
775 1713 981 1785 Κύριον
1024 1714 1183 1788 ήμῶν
1229 1715 1438 1784 Ἰησοῦν
1465 1717 1739 1786 Χριστόν·
1780 1718 1876 1771 καὶ

285 1808 394 1862 τὸν
422 1807 582 1861 αὑτὸν
612 1806 867 1876 ὁμολογεῖ
898 1806 1032 1859 Θεὸν
1070 1805 1415 1878 προαιώνιον,
1451 1808 1543 1861 καὶ
1581 1807 1874 1879 ἄνθρωπον

1976 640 2162 703 potest
2219 650 2327 686 non
2379 634 2763 698 confiteantur,
2822 631 3037 701 1209
3086 631 3293 685 frustra
3319 631 3557 701 iactatur

1978 725 2195 795 passio,
2253 739 2373 794 qua:
2404 726 2554 779 nulla
2596 725 2720 779 fuit.
2782 725 3000 778 Patiens
3035 739 3271 792 namque
3318 723 3363 777 si
3393 721 3554 783 desit,

1977 819 2072 887 qui
2107 816 2279 887 possit
2301 832 2421 870 esse
2448 816 2663 885 paSsio?
2718 815 3083 884 lmpatibilem
3114 829 3279 884 porro
3313 812 3554 867 divinam

1977 917 2231 962 naturam
2278 908 2641 977 praedicamus
2690 926 2703 960 :
2754 916 2916 975 atque
2946 905 3051 959 hoc
3099 914 3155 959 et
3194 904 3297 974 ipsi
3324 903 3568 973 perinde

1978 1013 2043 1052 ac
2068 1011 2168 1053 nos
2199 996 2549 1053 conﬁtentur.
2606 996 2725 1063 Quo
2747 1012 2877 1067 ergo
2899 1004 3059 1066 pacto
3085 996 3157 1049 sit
3179 995 3391 1065 passio,
3430 1009 3561 1047 cum

1978 1088 2194 1157 patiens
2227 1087 2405 1141 subsit
2434 1086 2653 1140 nullus?
2707 1086 2859 1139 Vana
2898 1085 3044 1139 enim
3074 1084 3286 1154 species
3330 1100 3430 1154 pro
3463 1100 3558 1137 ve-

1979 1179 2162 1244 ritate,
2188 1188 2245 1233 et
2268 1180 2592 1249 phantasma
2626 1176 2905 1231 videbitur
2938 1190 3195 1244 magnum
3230 1175 3562 1228 incarnatio-

1979 1269 2068 1324 nis
2098 1270 2445 1341 mysterium.
2505 1266 2660 1322 Hanc
2691 1282 2826 1323 vero
2856 1266 3098 1321 fabulam
3147 1265 3471 1320 Valentinus
3502 1274 3562 1320 et

1978 1359 2340 1425 Bardesanes,
2387 1366 2444 1414 et
2491 1358 2735 1413 Marcion
2785 1367 2841 1411 et
2876 1357 3060 1411 Manes
3087 1365 3444 1426 pepererunt.
3493 1356 3567 1411 At

1979 1458 2139 1506 vetus
2168 1450 2433 1505 Ecclesiis
2462 1450 2594 1504 olim
2624 1448 2824 1503 tradita
2846 1447 3138 1517 disciplina
3168 1463 3340 1503 unum
3367 1448 3564 1503 Filium

1981 1542 2145 1597 etiam
2176 1549 2300 1610 post
2325 1540 2769 1595 incarnationem
2801 1540 2955 1594 novit
2988 1540 3282 1595 Dominum
3309 1550 3563 1596 nostrum

1981 1633 2167 1689 Jesum
2193 1631 2498 1697 Christum,
2536 1640 2592 1686 et
2619 1632 2878 1686 eumdem
2909 1630 3202 1686 conﬁtetur
3231 1632 3401 1686 Deum
3436 1639 3566 1686 ante

1984 1725 2204 1788 saecula,
2234 1732 2290 1779 et
2317 1724 2598 1804 hominem
2629 1723 2684 1776 in
2710 1722 2819 1776 line
2845 1721 3061 1777 dierum
3088 1723 3291 1777 factum
3315 1740 3331 1789 ;
3354 1723 3564 1778 factum

1984 1825 2164 1871 autem
2191 1816 2470 1870 hominem
2502 1814 2879 1884 assumptione
2900 1814 3279 1880 humanitatis,
3310 1829 3422 1868 non
3446 1828 3567 1866 mu-

289 1899 395 1952 ὲπ’
428 1898 662 1967 ἐσχάτου
714 1897 823 1951 τῶν
869 1896 1091 1968 ἡμερῶν
1151 1898 1471 1968 γενόμενον’
1503 1900 1792 1970 γενόμενον
1825 1900 1881 1953 δὲ

1990 1906 2191 1959 talione
2235 1904 2474 1959 deitatis.
2542 1902 2599 1957 Si
2650 1904 2799 1958 enim
2854 1903 3152 1957 humanam
3210 1903 3267 1957 in
3312 1910 3567 1956 naturam

292 1988 592 2059 ἄνθρωπον
639 1990 706 2059 τῇ
751 1988 1053 2059 προσλήψει
1085 1989 1184 2058 τῆς
1235 1990 1673 2062 ἀνθρωπότητος,
1711 1993 1772 2045 οὔ
1800 1994 1866 2063 τῇ

290 2081 477 2151 τροπῇ
520 2081 622 2142 τῆς
668 2079 940 2149 θεότητος.
993 2079 1053 2131 Εί
1108 2079 1214 2151 γὰρ
1260 2080 1357 2151 τὴν
1410 2082 1491 2144 είς
1537 2082 1882 2153 ἀνθρωπείαν

293 2168 468 2238 φύσιν
514 2170 548 2238 ή
603 2168 721 2222 θεία
760 2168 923 2237 φύσις
959 2169 1167 2238 ὑπέστη
1226 2169 1459 2239 τροπὴν,
1509 2169 1607 2222 οὐκ
1665 2170 1885 2240 ἔμεινεν

293 2262 447 2331 ὅπερ
482 2256 580 2330 ἦν’
607 2261 659 2313 εἰ
686 2260 743 2314 δὲ
779 2261 852 2332 μὴ
880 2260 1027 2313 ἔστιν
1050 2260 1187 2332 ὅπερ
1219 2256 1307 2331 ἦν,
1337 2261 1547 2330 ψευδῶς
1590 2263 1752 2316 αὑτὸν
1787 2280 1885 2316 καο

293 2352 458 2406 λοῢσι
513 2352 646 2405 Θεὸν
689 2353 739 2405 οἱ
794 2351 969 2406 ταῦτα
1037 2351 1453 2423 θρησκεύοντες.
1529 2352 1669 2406 Ἀλλ’
1727 2356 1887 2425 ήμεῖς

293 2443 578 2514 ἄτρεπτον
616 2444 778 2513 ῐσμεν
826 2442 919 2496 τὸν
976 2442 1239 2513 μονογενῆ
1295 2443 1386 2495 τοῦ
1430 2444 1563 2496 Θεοῦ
1608 2444 1750 2509 Υίδν,
1811 2445 1889 2510 ὡς

294 2533 462 2599 Θεὸν,
501 2533 722 2588 καὶτοῦ
770 2534 939 2597 ὅντως
991 2533 1126 2587 Θεοῦ
1160 2534 1307 2588 Υἰόν.
1346 2534 1760 2606 Μεμαθήκαμεν
1780 2537 1888 2609 γὰρ

297 2625 459 2695 παρά
491 2626 591 2695 τῆς
641 2624 790 2687 θείας
842 2624 1196 2695 Γραφῆς,.ὠς
1252 2626 1309 2677 ὲν
1369 2628 1547 2696 μορφῇ
1598 2626 1732 2679 Θεοῦ
1785 2627 1887 2680 ὑπ-

1986 1995 2171 2051 divina
2201 2005 2398 2049 natura
2431 2002 2640 2049 mutata
2665 2001 2750 2048 est
2772 2034 2786 2057 ,
2828 2009 2938 2048 non
2975 1994 3179 2048 mansit
3208 1992 3357 2062 quod
3390 1999 3513 2046 erat
3552 2008 3566 2044 :

1986 2088 2030 2142 si
2076 2096 2259 2142 autem
2295 2102 2405 2140 non
2437 2094 2521 2141 est
2552 2084 2699 2155 quod
2727 2093 2884 2150 erat,
2933 2084 3074 2139 falso
3103 2083 3256 2137 illum
3290 2082 3572 2153 appellant

1986 2181 2161 2235 Deum
2212 2179 2307 2249 qui
2359 2178 2487 2233 talia
2529 2184 2887 2231 venerantur.
2950 2174 3021 2229 At
3046 2186 3151 2229 nos
3173 2173 3571 2228 immutabilem

1990 2275 2196 2329 scimus
2240 2271 2584 2344 unigenitum
2622 2268 2722 2325 Dei
2766 2269 2990 2333 Filium,
3029 2275 3091 2322 ut
3115 2267 3324 2333 Deum,
3377 2273 3434 2321 et
3455 2267 3575 2320 veri

1990 2364 2086 2418 Dei
2117 2363 2338 2417 Filium.
2398 2362 2479 2417 Ex
2531 2360 2717 2415 divina
2756 2358 2905 2414 enim
2941 2357 3231 2429 Scriptura
3278 2354 3576 2415 didicimus

1989 2455 2165 2525 quod,
2211 2469 2336 2509 cum
2368 2454 2423 2507 in
2455 2453 2630 2507 forma
2655 2452 2754 2506 Dei
2776 2459 2945 2516 esset,
2984 2450 3217 2505 formam
3244 2447 3393 2504 servi
3418 2463 3576 2503 acce-

1990 2546 2153 2616 perit,
2189 2552 2246 2599 et
2273 2560 2459 2598 semen
2484 2541 2718 2597 Abrahae
2741 2538 3125 2610 assumpserit,
3162 2554 3276 2592 non
3308 2537 3363 2591 in
3386 2550 3572 2591 semen

1989 2638 2224 2694 Abrahae
2252 2644 2501 2691 mutatus
2530 2635 2601 2689 sit
2631 2652 2644 2688 :
2671 2632 2929 2703 quodque
2961 2630 3395 2702 participaverit,
3429 2627 3574 2682 sicut

300 2717 494 2788 ἅρχων
522 2716 682 2770 ἔλαϐε
717 2717 815 2788 τήν
846 2715 940 2771 τοῦ
969 2715 1156 2770 δούλου
1185 2716 1418 2787 μορφὴν,
1449 2719 1543 2770 καὶ
1575 2718 1890 2788 σπέρματος

1991 2738 2047 2785 et
2069 2744 2189 2792 nos,
2218 2742 2437 2782 carnem
2461 2735 2517 2780 et
2538 2723 2885 2795 sanguinem,
2914 2721 3267 2790 animamque
3292 2719 3577 2773 immorta-

314 2806 575 2880 Ἀϐραὰμ
609 2807 904 2862 ἐπελάϐετο
926 2807 1061 2879 (90),
1105 2807 1205 2861 οὐκ
1247 2808 1326 2870 εἰς
1372 2809 1592 2880 σπέρμα
1636 2810 1890 2880 Ἀϐραὰμ

1990 2819 2099 2874 lem
2132 2826 2190 2875 et
2216 2818 2334 2874 sine
2355 2816 2590 2872 macula.
2624 2813 2752 2869 Haec
2774 2827 2899 2867 cum
2925 2816 3223 2875 servasset,
3252 2821 3354 2879 pro
3381 2820 3577 2876 corpo-

304 2900 661 2972 μετεϐλήθη,
718 2899 814 2953 καὶ
871 2899 1238 2969 κεκοινώνηκε
1291 2902 1691 2973 παραπλησίως
1758 2906 1890 2974 ήμῖν

1993 2912 2150 2968 ribus
2201 2926 2324 2981 quae
2366 2914 2662 2980 peccaram
2707 2903 2922 2976 peccati
2950 2916 3148 2973 expers
3182 2914 3384 2969 corpus
3415 2912 3575 2955 suum

304 2995 516 3067 σαρκός
559 3013 619 3049 τε
657 2998 750 3049 καὶ
804 2996 1057 3066 αἰματος,
1097 2997 1192 3048 καὶ
1245 2997 1425 3066 ψυχῆς
1481 2998 1749 3051 ἀθανάτου
1800 3000 1890 3055 καὶ

1996 3004 2229 3070 obtulit;
2265 3018 2367 3073 pro
2401 3000 2692 3056 animabus
2720 3011 2875 3063 vero,
2906 2995 3145 3051 animam
3179 2991 3249 3047 ab
3276 2990 3425 3046 omni
3448 3003 3582 3073 pec-

303 3087 571 3159 ἀμώμου.
607 3086 795 3142 Ταῦτα
822 3086 1182 3159 διατηρήσας,
1207 3089 1348 3159 ὑπὲρ
1373 3089 1471 3159 μὲν
1500 3090 1609 3142 τῶν
1640 3092 1890 3164 ἡμαρτη-

1996 3103 2122 3153 eato
2150 3070 2401 3150 liberam.
2466 3093 2769 3162 Propterea
2818 3084 3132 3143 communis
3163 3083 3334 3139 etiam
3394 3070 3583 3135 resur-

307 3182 490 3235 κότων
533 3181 803 3250 σωμάτων
835 3181 897 3233 το
922 3181 1309 3251 ἀναμάρτητον
1344 3182 1507 3234 αὐτοῦ
1533 3185 1890 3255 προσενήνοχε

2008 3186 2272 3243 reetionis
2325 3198 2478 3254 spem
2531 3182 2821 3237 habemus.
2869 3176 3138 3234 Primitiis
3186 3175 3332 3231 enim
3390 3170 3583 3241 utique

308 3273 497 3344 σῶμα,
521 3273 664 3343 ὑπὲρ
697 3272 755 3325 δὲ
782 3272 892 3326 τῶν
917 3271 1108 3342 ψυχῶν
1130 3272 1229 3342 τὴν
1258 3272 1439 3342 πάσης
1469 3275 1760 3344 ἐλευθέραν
1791 3294 1890 3346 κη-

1998 3274 2471 3334 ‘eommunieabit
2517 3280 2692 3327 totum
2725 3284 2900 3341 genus
2950 3286 2964 3322 :
3006 3275 3063 3322 et
3115 3261 3580 3337 quemadmodum

306 3364 478 3427 λίδος.
500 3363 603 3416 Διά
622 3379 705 3417 τοι
723 3362 883 3416 τοῦτο
905 3364 1113 3435 καὶτῆς
1132 3365 1318 3434 κοινῆς
1337 3366 1685 3428 ἀναστάσεως
1705 3366 1890 3434 ἔχομεν

1997 3384 2122 3424 cum
2145 3368 2356 3423 Adamo
2373 3364 2675 3436 participes
2694 3361 2890 3417 mortis
2908 3359 3136 3426 fuimus,
3165 3358 3240 3412 ita
3267 3355 3479 3425 1210
3499 3354 3585 3408 vi—

305 3454 413 3526 τὴν
466 3455 689 3508 ἐλπίδαο
730 3457 799 3526 τῇ
847 3455 956 3528 γὰρ
1007 3456 1231 3527 ἀπαρχῇ
1270 3456 1536 3525 δήπουθεν
1583 3459 1890 3529 κοινωνήσει

1998 3468 2067 3515 ιω
2097 3475 2223 3514 eum
2251 3457 2474 3513 Christo
2499 3454 2785 3510 Salvatore
2832 3450 3131 3522 participes
3153 3448 3383 3503 erimus.
3424 3444 3581 3510 Quod

306 3547 375 3600 τὸ
426 3546 616 3615 γένος’
667 3548 763 3600 καὶ
817 3547 1068 3619 καθάπερ
1107 3548 1183 3617 τῷ
1229 3548 1401 3617 Ἀδὶιμ
1451 3550 1890 3621 ὲκοινωνήσαμεν

1998 3559 2189 3622 aperte
2220 3565 2322 3605 nos
2352 3546 2545 3603 docuit
2577 3544 2799 3600 divinus
2828 3541 3163 3611 Apostolus:
3196 3558 3213 3589 ‹
3238 3538 3397 3593 Nunc
3420 3549 3579 3598 vero,

309 3639 415 3708 τῆς
452 3638 731 3708 τελευτῆς,
758 3637 903 3692 οὕτω
933 3637 997 3709 δὴ
1042 3639 1135 3692 καὶ
1158 3638 1236 3707 τῷ
1262 3639 1479 3711 Σωτῆρι
1534 3641 1758 3713 Χριστῷ
1786 3659 1890 3695 κοι-

2003 3641 2204 3711 inquit,
2224 3638 2479 3695 Christus
2506 3634 2811 3691 resurrexit
2835 3648 2867 3688 e
2893 3631 3150 3696 mortuis,
3178 3627 3435 3699 primitiae
3455 3625 3584 3679 dor-

312 3730 635 3802 νωνήσομεν
663 3730 763 3801 τῆς
788 3730 958 3800 ζωῆς.
991 3731 1100 3784 Καὶ
1119 3732 1277 3783 τοῦτο
1303 3722 1491 3799 σαξρῒυς
1517 3734 1665 3803 ήμᾶς
1691 3737 1721 3787 ὁ
1758 3734 1890 3799 θεῖος

2002 3732 2295 3788 mientium
2321 3727 2617 3800 :quoniam
2638 3725 2864 3797 quidem
2892 3739 2994 3795 per
3017 3721 3297 3777 hominem
3330 3734 3498 3782 mors,
3528 3726 3587 3770 et

325 3818 652 3883 Ἀπόστολος
684 3818 1054 3886 ὲξεπαίδευσε.
1088 3836 1106 3870 ι
1136 3818 1274 3871 Νυνὶ
1309 3819 1446 3887 γὰρ,
1478 3819 1636 3889 φησὶ,
1665 3820 1903 3890 Χριστὸς

315 3914 616 3984 ἐγήγερται
665 3913 731 3965 ἐκ
775 3911 1011 3983 νεκρῶν,
1036 3911 1279 3982 ἀπαρχὴ
1322 3910 1433 3964 τῶν
1488 3912 1903 3983 κεκοιμημένων

316 4006 562 4075 ἐγένετο.
606 4003 823 4075 Ἐπειδὴ
860 4003 971 4074 γὰρ
1011 4002 1078 4056 δι’
1117 4002 1409 4074 ἀνθρώπου
1454 4003 1484 4056 ὁ
1523 4003 1773 4069 θάνατος,
1805 4006 1904 4059 καὶ

316 4099 390 4152 δι’
420 4097 710 4169 ἀνθρώπου
755 4097 1053 4159 ἀνάστασις
1089 4096 1322 4168 νεκρῶν.
1348 4097 1559 4167 Ὠσπερ
1592 4097 1702 4169 γὰρ
1742 4100 1800 4151 ὲν
1825 4097 1904 4169 τῷ

331 4191 508 4262 Ἀδὰμ
528 4190 728 4254 πάντες
749 4189 1203 4261 ἀποθνήσκουσιν,
1235 4187 1377 4241 οὕτω
1397 4187 1491 4242 καὶ
1506 4190 1564 4242 ὲν
1585 4188 1663 4260 τῷ
1683 4191 1905 4260 Χριστῷ

317 4282 523 4344 πάντες
549 4280 1066 4352 ζωοποιηθήσονται.
1091 4297 1109 4330 ι
1150 4277 1336 4332 Ταῦτα
1376 4278 1472 4333 νῦν
1513 4279 1574 4333 οὐ
1614 4279 1902 4346 διδάσκων,

319 4373 443 4429 ἀλλ’
470 4374 839 4443 ἀναμνήσκων
871 4370 1090 4443 γράφω,
1115 4365 1231 4422 ’καὶ
1269 4373 1552 4440 συντεμεῖν
1598 4371 1905 4436 σπουδάσας

318 4466 424 4536 τῆς
453 4464 743 4534 ἐπιστολῆς
793 4460 1089 4533 ὑπερέϐην,
1130 4460 1205 4525 ὡς
1233 4456 1408 4531 οἶμαι,
1431 4462 1524 4515 τὸν
1573 4461 1719 4532 ὅρον.
1756 4461 1904 4515 Ἐπι-

2002 3839 2102 3894 per
2127 3822 2409 3877 hominem
2445 3817 2783 3875 resurrectio
2808 3825 3158 3872 mortuorum
3204 3830 3216 3866 :
3263 3820 3320 3867 et
3353 3811 3495 3866 sicut
3528 3810 3585 3862 in

2003 3913 2215 3968 Adamo
2256 3926 2450 3967 omnes
2473 3910 2789 3965 moriuntur
2815 3949 2830 3975 ,
2886 3907 2964 3961 ita
2987 3916 3043 3961 et
3067 3905 3124 3959 in
3146 3903 3369 3959 Christo
3395 3912 3587 3954 omnes

2002 4000 2439 4057 viviﬁcabuntur
2453 3998 2520 4053 ιι.
2551 4018 2569 4051 ι
2628 3996 2755 4053 Hac
2778 4004 2964 4052 autem
2995 4009 3098 4066 ego
3133 4008 3242 4047 non
3275 4000 3336 4046 ut
3360 3990 3585 4044 doceam

2003 4093 2209 4158 scribo,
2229 4093 2328 4148 sed
2344 4100 2406 4147 ut
2427 4105 2684 4147 revocem
2715 4090 2772 4144 in
2797 4087 3143 4143 memoriam.
3159 4083 3228 4138 Et
3252 4083 3382 4136 licet
3404 4080 3590 4134 brevi-

2005 4184 2102 4238 tati
2124 4181 2455 4247 studuerim,
2479 4180 2745 4251 epistolae,
2771 4186 2836 4233 ut
2853 4178 3075 4248 opinor,
3099 4174 3324 4228 modum
3352 4171 3586 4225 excessi.

2006 4271 2297 4329 Scribendi
2322 4285 2462 4326 vero
2493 4268 2632 4325 mihi
2664 4275 2861 4323 auctor
2896 4265 3004 4320 fuit
3040 4263 3397 4331 undiquaque
3426 4273 3589 4313 reve-

2006 4364 2371 4420 rendissimus
2415 4370 2473 4418 et
2504 4358 2957 4432 religiosissimus
2978 4354 3270 4427 presbyter
3315 4359 3373 4407 et
3401 4348 3589 4404 archi-

2007 4456 2285 4512 mandrita
2320 4454 2580 4510 Meeimas
2601 4492 2616 4518 ,
2664 4451 2761 4521 qui
2789 4447 3074 4505 charitatis
3100 4446 3221 4517 lege
3248 4443 3592 4499 ductus-tam

323 4532 538 4611 στεῖλαι
563 4555 622 4609 δέ
762 4532 1104 4625 προῦτρεψεν
1137 4554 1166 4606 ὁ
1192 4551 1368 4606 πάντα
1390 4552 1777 4616 εὐσεϐέστατος
1805 4551 1890 4606 καὶ

2001 4548 2226 4619 longum
2249 4548 2356 4604 iter
2375 4542 2633 4610 confecit,
2649 4550 2726 4608 et,
2747 4537 3190 4597 admirabilitatis
3202 4543 3398 4591 vestrae
3411 4532 3588 4587 zelum

323 4646 740 4715 θεοφιλέστατος
767 4643 1137 4715 πρεσϐύτερος
1164 4642 1259 4697 καὶ
1282 4641 1708 4714 ἀρχιμανδρίτης
1729 4641 1904 4696 Μικί-

2012 4652 2473 4705 eommemorans,
2504 4634 2668 4707 petiit
2698 4642 2758 4688 ut
2779 4633 2932 4688 hunc
2958 4631 3137 4702 ipsum
3165 4626 3366 4681 litteris
3388 4623 3595 4679 nostris

326 4755 462 4811 μας,
493 4736 581 4790 διὰ
616 4737 715 4806 μὲν
758 4735 850 4788 τὸν
895 4733 998 4805 τῆς
1049 4733 1271 4803 ἀγάπης
1300 4732 1464 4805 νόμον
1491 4732 1609 4787 ὁδὸν
1636 4732 1890 4803 τοσαύτηπ

2008 4732 2456 4789 accenderemus.
2495 4728 2612 4800 Ego
2655 4725 2824 4797 igitur
2875 4731 2934 4779 et
2971 4718 3266 4792 postulatis
3309 4715 3490 4788 parui,
3536 4723 3597 4770 et

323 4810 619 4895 ἐξανύσας,
642 4827 857 4892 διδάξας
880 4826 937 4880 δὲ
959 4827 1108 4897 ἡμᾶς
1143 4824 1236 4878 τὸν
1267 4825 1368 4895 τῆς
1398 4825 1668 4896 ὑμετέρας
1697 4825 1890 4896 θαυμα-

2011 4824 2299 4897 epistolam
2322 4820 2541 4892 scripsi,
2579 4826 2637 4874 et
2662 4816 3048 4873 universorum
3074 4810 3364 4867 Dominum
3384 4823 3504 4872 oro,
3532 4814 3598 4860 ut

325 4923 581 4993 σιότητος
627 4921 814 4993 ζῆλον,
850 4919 946 4973 καὶ
983 4896 1215 4988 αἰτήσας
1243 4917 1549 4989 πυρσεῦσαι
1576 4916 1766 4971 τοῦτον
1797 4919 1890 4977 rei

2012 4896 2111 4973 vos
2136 4915 2193 4969 in
2216 4913 2324 4969 ﬁde
2346 4908 2641 4974 custodiat,
2666 4914 2724 4963 et
2744 4901 3106 4962 excribrantis
3120 4900 3361 4956 victores
3374 4896 3595 4953 etiiciat.

321 5017 675 5090 γράμμασιν.
721 5014 866 5083 Ἐγὼ
902 5012 1081 5068 τοίνυν
1109 5013 1203 5091 καὶ
1250 5012 1351 5081 τὴν
1400 5012 1616 5082 αῐτησιν
1677 5011 1968 5083 ἐδεξάμην,
2008 5011 2104 5067 καὶΙ
2141 5011 2396 5080 γέγραφα
2438 5006 2538 5078 τήν
2582 5000 2889 5091 ἐπιστολὴν,
2928 4998 3022 5053 καὶ
3047 4997 3139 5051 τὸν
3166 4996 3277 5050 τῶν
3317 4994 3457 5049 ὅλων
3480 4994 3593 5047 lxa-

321 5085 475 5169 τεύω
492 5085 797 5183 Δεσπότην,
828 5085 1323 5181 φρουρῆσαιρὺμᾶ
1361 5108 1421 5159 ἐν
1464 5108 1530 5177 τῇ
1562 5106 1766 5172 πίστει,
1814 5110 1910 5160 καὶ
1947 5106 2231 5177 κρείττους
2252 5085 2655 5171 ἀποφῆναιτοῧ
2682 5093 3029 5158 σινιάζοντος.

2329 5211 2563 5269 CXXVI.
2594 5238 2667 5251 -—-
2702 5206 2992 5263 Sabiniano
3018 5205 3277 5276 episcopo.

2088 5330 2446 5385 Sanctitatem
2467 5334 2614 5382 tuam
2630 5323 2889 5379 laudibus
2908 5319 3104 5386 extuli,
3128 5333 3253 5373 eum
3269 5312 3470 5369 invidie
3486 5326 3592 5365 Hm

2019 5421 2334 5478 cathedram
2358 5417 2603 5489 reliquit.
2635 5416 2767 5484 Quae
2792 5414 2939 5471 enim
2965 5405 3277 5467 veneranda
3300 5403 3429 5457 olim
3453 5411 3596 5461 erat.

2022 5528 2171 5569 nunc
2205 5512 2345 5568 facta
2372 5518 2457 5568 est
2478 5507 2713 5565 ridicula
2761 5526 2774 5564 :
2819 5502 3066 5562 venalem
3093 5498 3296 5571 quippe
3321 5493 3467 5548 illam
3497 5505 3598 5547 nos

579 5226 773 5296 PKQ".
811 5257 883 5267 —
910 5223 1244 5290 Σαόινιανῷ
1286 5223 1625 5287 ὲπισκόπφ.

415 5337 693 5409 Ἐπῂνεσά
734 5354 829 5390 σου
875 5335 973 5407 τῆν
1021 5335 1298 5403 ὁσιότητα,
1369 5332 1774 5388 καταλιποῦσαν
1821 5333 1912 5384 τὸν

328 5429 629 5500 ἐπίφθονον
665 5428 876 5499 θρόνον.
920 5427 979 5479 '0
1003 5427 1111 5497 γὰρ
1143 5426 1313 5480 πάλαι
1352 5424 1649 5495 σεϐάσμιος
1682 5421 1778 5483 νῦν
1820 5423 1913 5491 γέ-

329 5539 464 5592 γονε
497 5521 939 5589 καταγέλαστος·
972 5517 1133 5571 ὢνιον
1164 5517 1269 5588 γὰρ
1306 5516 1467 5570 αὑτὸν
1519 5517 1680 5587 ἡμεῖς
1723 5516 1915 5588 ἐποιή-

407 5678 447 5711 ⁶¹
488 5677 506 5732 1
535 5678 660 5733 Cor.
690 5694 778 5742 xv,
811 5675 903 5743 20,
931 5676 1023 5730 21.

414 5816 526 5891 (90)
558 5816 727 5873 Recte
756 5816 838 5871 sie
885 5816 1052 5886 Neap.
1096 5812 1373 5870 Sirmond.
1421 5811 1658 5866 habebat
1712 5807 2034 5863 ἀπελὰϐετο.
