4072 6432
494 390 630 454 1339
1534 394 2014 456 I‘IIEODORETI
2050 395 2080 452 Ὲ

2184 390 2389 452 SCOPI
2428 390 2790 452 CYRENSIS
3596 385 3752 449 1340

489 500 741 557 fecimus.
781 502 1009 556 Miratus
1031 516 1152 555 sum
1180 510 1384 564 autem,
1419 508 1706 570 postquam
1741 503 1974 572 cognovi
2018 511 2071 557 te

2184 515 2366 568 ταμεν.
2409 497 2731 568 Ἐθαύμασα
2759 496 2838 559 δὲ,
2880 493 3071 565 μαθὼν
3107 492 3182 556 ὡς
3220 492 3358 562 πρδς
3392 491 3517 554 τοὺς
3561 492 3753 557 ἐξελά-

492 592 558 646 ad
606 609 703 647 eos
737 593 830 663 qui
871 595 1148 663 eiecerant
1190 592 1516 647 accurrisse.
1571 593 1705 648 Nam
1735 594 2072 651 contrarium

2184 603 2379 647 σαν-τας
2410 587 2664 657 ἔδραμες.
2698 588 2905 655 Δρᾶσαι
2942 585 3052 653 γάρ
3085 584 3392 636 τούναντίον
3422 583 3620 653 ἐχρῆν’
3656 585 3752 636 καὶ

494 691 548 738 te
570 682 748 738 facere
767 686 1073 753 oportebat,
1100 692 1158 736 ut
1182 692 1403 753 rogatus
1420 685 1790 754 gubernacula
1812 687 2071 749 retinere,

496 774 950 844 gubernationem
984 774 1296 843 refugeres,
1363 784 1618 844 tanquam
1651 776 1888 830 inimicis
1916 776 2075 830 factis

499 866 566 919 iis
613 867 707 935 qui
742 868 795 921 in
836 866 1029 920 eadem
1066 872 1194 919 sunt
1232 865 1379 918 navi.
1418 864 1500 919 An
1530 865 1767 936 ignoras,
1798 868 1908 920 Deo
1934 867 2073 921 dile-

494 955 759 1018 ctissime,
795 971 981 1024 ecqua:
1004 970 1105 1009 nos
1132 970 1231 1024 per
1259 971 1448 1011 sacros
1471 959 1747 1025 apostolos
1776 958 2076 1027 praedicans

494 1044 748 1100 docuerit
802 1046 1053 1101 Salvator
1102 1057 1313 1111 noster,
1368 1057 1424 1101 et
1448 1065 1694 1117 quamam
1730 1050 1893 1102 modo
1928 1050 2073 1102 cele-

493 1131 704 1187 branda
731 1142 1033 1188 sanxerunt
1061 1136 1486 1203 apostolicornm
1527 1138 1732 1206 1211
1760 1138 2073 1207 dOgmatum

496 1221 779 1276 luet-edes?
836 1221 971 1288 Quis
1008 1225 1154 1277 enim
1192 1233 1438 1278 veterum
1478 1224 1799 1287 doctorum,
1851 1240 1919 1278 cx
1964 1240 2076 1294 quo

496 1312 902 1381 promulgatum
948 1321 1033 1367 est
1071 1313 1446 1384 Evangelium,
1487 1330 1659 1383 usque
1694 1314 1761 1367 ad
1789 1314 2073 1384 caliginem

498 1399 657 1452 istam
695 1400 749 1453 in
794 1416 898 1470 qua
942 1400 1263 1467 ’versamur,
1329 1403 1541 1457 audivit
1573 1405 1667 1473 qui
1702 1420 1867 1457 unam
1896 1406 2077 1459 carnis

499 1488 913 1559 divinitatisque
958 1501 1207 1545 naturam
1256 1493 1613 1562 praedicaret,
1650 1504 1746 1547 aut
1776 1495 1899 1563 quis
1929 1495 2074 1564 pati-

498 1578 664 1633 bilem
697 1596 935 1649 unquam
970 1598 1136 1637 ausus
1160 1592 1245 1637 est
1290 1583 1565 1654 Unigeniti
1602 1586 1945 1640 divinitatem
1973 1602 2075 1640 no-

500 1666 744 1720 minare?
775 1670 938 1737 Atqui
975 1670 1090 1725 haec
1114 1688 1261 1725 nunc
1294 1687 1324 1725 a
1352 1673 1632 1726 nonnullis
1658 1682 1844 1742 aperte
1870 1681 1924 1726 et
1947 1690 2077 1729 con-

500 1755 733 1811 fidenter
754 1758 1031 1823 dicuntur,
1048 1761 1139 1815 alii
1163 1762 1348 1816 audita
1372 1773 1750 1831 contemnunt,
1770 1778 1826 1820 et
1850 1766 2076 1819 tacitur-

2180 675 2667 744 παρακαλούμενον
2714 674 2933 745 ἔχεσθαι
2978 674 3087 726 τῶν
3138 674 3359 735 οἰάκων,
3416 676 3607 740 φυγεῖν
3649 674 3754 741 τὴν

2180 767 2526 836 κυϐέρνησιν,
2577 768 2652 830 ὡς
2704 768 2811 820 τῶν
2850 766 3229 837 συμπλεόντων
3281 766 3554 834 πολεμίων
3592 783 3757 833 γεγε⁶

2178 856 2446 925 νημένων.
2477 858 2547 909 Ἦ
2581 858 2682 910 οὐκ
2718 853 2896 919 οἶσθα,
2946 856 3354 925 θεοφιλέστατε,
3396 856 3515 908 τίνα
3579 857 3678 925 μὲν
3723 856 3755 907 ὁ

2181 945 2373 1015 Σωτὴρ
2393 948 2421 997 ὁ
2455 947 2719 1017 ἡμέτερος
2749 946 2834 998 διὰ
2864 946 2971 998 τῶν
3008 946 3168 1016 ίερῶν
3195 946 3511 999 ἀποστόλων
3540 946 3752 1016 κηρύτ-

2178 1055 2289 1089 τειν
2342 1039 2488 1106 ἡμᾶς
2534 1037 2790 1102 ἐδίδαξεν,
2831 1038 2952 1090 τίνα
2980 1038 3036 1090 δὲ
3075 1037 3169 1090 νῦν
3203 1036 3528 1106 θρησκεύειν
3559 1039 3748 1106 ἐνομο-

2178 1128 2414 1197 θέτησαν
2440 1129 2490 1180 οί
2521 1128 2630 1181 τῶν
2665 1127 3037 1181 ἁποστολικῶν
3063 1128 3389 1198 κληρονόμοι
3426 1126 3748 1197 δογμάτων;

2177 1218 2273 1280 Τίς
2306 1218 2414 1289 γάρ
2439 1219 2546 1270 τῶν
2581 1218 2826 1272 παλαιῶν
2864 1218 3221 1279 διδασκάλων,
3256 1217 3315 1282 ἐξ
3339 1211 3513 1290 οὗπερ
3543 1236 3749 1288 κατηγ-

2174 1309 2307 1379 γέλη
2334 1308 2393 1362 τὸ
2422 1310 2686 1380 κήρυγμα
2731 1312 2890 1381 μέχρι
2924 1311 3023 1380 τῆς
3075 1311 3412 1381 κατεχούσης
3444 1310 3539 1363 νῦν
3566 1328 3749 1363 σκοτο-

2179 1401 2377 1471 μήνης,
2412 1402 2618 1472 ἀκήκοε
2651 1402 2852 1473 σαρκὸς
2895 1404 2988 1457 καὶ
3017 1403 3270 1472 θεότητος
3305 1403 3432 1471 μίαν
3461 1403 3622 1471 φύσιν
3650 1419 3755 1471 κη-

2178 1491 2530 1565 ρύξαντος,ἦ
2585 1496 2855 1564 ἐτόλμησε
2910 1494 3135 1548 πώποτε
3192 1494 3444 1565 παθητὴν
3488 1495 3755 1564 ὀνομάσαι

2174 1583 2269 1637 τοῦ
2300 1585 2636 1653 Μονογενοῦς
2674 1586 2770 1654 τὴν
2803 1585 3070 1655 θεότητα;
3101 1585 3286 1639 Ταῦτα
3315 1584 3410 1639 νῦν
3451 1588 3576 1656 παρ’
3595 1585 3758 1638 ἐνίων
3794 1608 3809 1633 ο

2176 1670 2425 1740 λέγεσθαι
2472 1673 2762 1743 προφανῶς
2809 1672 3094 1743 τολμᾶται,
3144 1674 3296 1744 παρὰ
3321 1674 3379 1727 δὲ
3414 1675 3522 1728 τῶν
3576 1673 3759 1727 ἄλλων

2178 1765 2499 1833 περιορᾶται
2529 1764 2816 1833 λεγόμενα,
2853 1765 2946 1817 καὶ
2972 1767 3098 1836 σιγῇ
3127 1765 3222 1819 τοῦ
3251 1765 3452 1836 μύσους
3485 1765 3762 1835 μεταλαγο

497 1849 667 1903 nitate
692 1851 869 1905 scelus
886 1853 1236 1923 participant.
1273 1855 1413 1921 Quid
1439 1856 1603 1927 igitur
1630 1856 1774 1912 facto
1804 1865 1885 1911 est
1913 1872 2071 1926 opus,

2184 1854 2418 1922 χάνουσι.
2446 1853 2517 1907 Τί
2537 1851 2630 1908 οὖν
2663 1855 2768 1925 χρὴ
2810 1857 3001 1919 ποιεῖν,
3037 1855 3179 1909 εἴποι
3210 1872 3295 1920 τις
3318 1855 3403 1920 ἂν,
3425 1858 3551 1920 τοὺς
3581 1856 3763 1909 ταῦτα

498 1935 646 1992 dicet
670 1940 964 2009 quispiam,
994 1942 1060 1997 iis
1077 1944 1170 2012 qui
1192 1944 1294 1998 ista
1312 1944 1687 2001 detestantur?
1714 1947 2071 2013 Alterutrum,

500 2024 741 2097 inquam,
787 2038 846 2083 ut
886 2040 982 2085 aut
1021 2034 1249 2103 propius
1284 2051 1503 2089 manum
1529 2047 1837 2102 conserant,
1888 2047 1943 2091 et
1977 2038 2079 2092 do-

498 2125 740 2186 gmatum
773 2120 1066 2177 falsitatem
1101 2125 1120 2144 *
1152 2125 1423 2191 refellant,
1470 2137 1563 2181 aut
1586 2126 1797 2197 fugiant
1823 2137 2078 2197 tanquam

500 2217 686 2277 aperte
709 2209 1004 2280 impiorum
1029 2216 1493 2271 communionem.
1525 2219 1660 2272 Nam
1683 2227 1855 2289 etego
1883 2218 2079 2274 factam

501 2297 557 2351 in
595 2314 683 2353 me
720 2301 978 2371 injuriam
1010 2304 1162 2358 velut
1197 2303 1443 2360 divinum
1478 2309 1802 2364 beneﬁcium
1837 2312 2026 2380 excepi
2063 2329 2076 2364 :

500 2403 612 2443 non
651 2405 783 2447 sane
812 2394 1043 2464 gratiam
1077 2395 1287 2452 habens
1321 2399 1536 2469 injuria:
1576 2403 1897 2457 auctoribus
1933 2403 2082 2475 (quo

499 2476 650 2532 enim
686 2489 846 2549 pacto
880 2482 1187 2540 fratricidis
1220 2496 1276 2541 et
1304 2486 1458 2541 Caini
1491 2498 1701 2558 partem
1724 2490 2079 2564 amplexis?),

500 2568 595 2623 sed
616 2569 907 2627 Dominum
934 2590 1115 2629 meum
1139 2578 1397 2634 laudibus
1418 2580 1674 2645 efferens,
1703 2583 1798 2653 qui
1831 2601 1916 2639 me
1943 2584 2084 2654 inju-

501 2656 638 2712 riam
670 2661 995 2729 patientium
1040 2676 1192 2721 sorte
1238 2668 1493 2738 dignatus
1518 2677 1632 2733 est,
1670 2674 2082 2743 segregavitque

499 2747 568 2803 ab
602 2748 809 2820 iniquis
842 2760 898 2808 et
938 2753 1313 2825 blasphemis,
1371 2768 1426 2813 ct
1465 2761 1912 2817 amabilissimam
1947 2763 2081 2820 mihi

499 2838 741 2910 quietem
765 2847 1060 2901 concessit.

568 2944 824 3003 CXXVII.
851 2981 920 2990 —
960 2951 1109 3006 Jobio
1131 2955 1429 3026 presbytero
1476 2966 1525 3010 et
1558 2961 2006 3016 archimandrita'.

570 3057 852 3115 Abraham
896 3065 1212 3133 patriarcha
1268 3069 1431 3123 etiam
1480 3082 1603 3140 post
1652 3074 1853 3128 seniles
1906 3090 2080 3131 annos

2185 1944 2649 2014 μυσαττομένους;
2683 1948 2839 1998 Δυοῖν
2882 1946 3110 2017 θάτερον
3144 1945 3351 2016 εἴποιμ’
3391 1945 3457 1999 ἄν
3478 1962 3492 1976 ·
3524 1946 3558 2016 ἢ
3589 1945 3762 2015 ὁμόσε

2180 2038 2399 2106 χωρεῖν,
2426 2036 2522 2089 καὶ
2572 2036 2869 2107 διελέγχειν
2900 2036 3010 2091 τῶν
3044 2036 3331 2107 δογμάτων
3364 2038 3427 2090 τὸ
3477 2036 3760 2106 κίϐδηλον,

2180 2127 2213 2196 ἢ
2257 2126 2478 2195 φεύγειν
2524 2128 2598 2191 ὼς
2654 2128 2947 2199 προφανῶς
2984 2129 3392 2185 δυσσεϐούντων
3433 2132 3533 2201 τὴν
3564 2145 3764 2183 κοινω-

2180 2218 2317 2270 νίαν.
2347 2218 2456 2270 Καὶ
2480 2218 2588 2288 γὰρ
2618 2219 2729 2286 ἐγὼ
2753 2219 2852 2290 τὴν
2899 2220 3017 2272 κατ’
3049 2218 3187 2290 ἐμοῦ
3215 2220 3596 2290 γεγενημένην
3636 2219 3761 2271 ἀδι-

2180 2308 2305 2362 κίαν
2344 2309 2419 2372 ὡς
2449 2308 2598 2362 θείαν
2641 2309 2907 2380 ἐδεξάμην
2960 2311 3299 2384 εὐεργεσίαν,
3353 2311 3417 2363 οὐ
3473 2313 3588 2374 τοῖς
3638 2311 3762 2379 ἠδι-

2181 2398 2376 2469 κηκόσι
2440 2400 2600 2469 χάριν
2657 2399 2935 2469 ὁμολογῶν
3001 2400 3142 2472 (πῶς
3175 2400 3283 2470 γὰρ
3335 2402 3447 2464 τοῖς
3492 2418 3558 2469 γε
3599 2400 3762 2454 ἁδελ-

2181 2490 2592 2560 φοκτόνοις,κα“ι
2625 2492 2739 2553 τοῖς
2765 2490 2859 2544 τοῦ
2894 2492 3034 2546 Κάῐν
3063 2492 3457 2564 γεγενημένοις
3495 2490 3760 2562 μερίδος),

2181 2580 2320 2634 ἀλλὰ
2349 2581 2439 2634 τὸν
2466 2582 2597 2652 ἐμὸν
2621 2582 2896 2653 Δεσπότην
2923 2583 3130 2653 ὑμνῶν,
3158 2585 3241 2638 ὃτι
3267 2601 3334 2656 με
3366 2584 3462 2638 καὶ
3497 2584 3603 2637 τῶν
3645 2584 3767 2655 ὴδι-
3792 2591 3797 2594 ’

2180 2674 2440 2743 κημένων
2488 2675 2800 2745 κατηξίωσε
2862 2677 3080 2747 μοίρας,
3113 2678 3209 2732 καὶ
3264 2679 3373 2730 τῶν
3419 2676 3767 2747 ἠδικηκότων

2180 2767 2275 2819 καὶ
2312 2766 2777 2836 βλασφημούντων
2805 2767 3058 2839 ἐχώρισε,
3095 2769 3191 2823 καὶ
3212 2769 3311 2840 τὴν
3338 2767 3769 2839 ὲρασμιωτάτην

2180 2857 2305 2927 ἐμοὶ
2334 2857 2532 2910 ἔδωκεν
2556 2859 2805 2930 ἡσυχίαν.

2180 2949 2447 3003 ΡΚΖ’.-
2488 2951 2676 3015 Ἰωϐίῳ
2719 2950 3102 3020 πρεσϐυτέρῳ
3140 2950 3242 3005 καὶ
3292 2951 3753 3022 ἀρχιμανόρίτῃ.

2270 3061 2487 3134 Ἀϐρὰμ
2517 3064 2545 3117 ὁ
2568 3064 2916 3135 πατριάρχης
2952 3064 3047 3118 καὶ
3074 3062 3215 3134 μετὰ
3244 3064 3421 3135 γῆρας
3448 3064 3766 3134 ἠρίστευσε

500 3148 790 3208 vietoriam
823 3157 1164 3224 reportavit,
1205 3167 1262 3211 et
1306 3177 1535 3232 magnus
1568 3163 1743 3218 Moses
1764 3164 1832 3217 ad
1863 3162 2076 3219 senium

2185 3155 2279 3208 καὶ
2305 3155 2545 3226 Μωῦσῆς
2568 3155 2596 3207 ὁ
2643 3155 2816 3225 μέγας
2852 3154 3166 3226 πρεσϐύτης
3206 3156 3310 3227 ἢδη
3343 3156 3652 3227 γενόμενος,
3686 3157 3773 3220 εἰς

494 3242 611 3312 jam
662 3254 978 3312 provectus,
1037 3250 1295 3305 manibus
1344 3252 1411 3306 ad
1461 3254 1766 3309 orationem
1819 3256 2081 3325 oppansis

502 3331 855 3389 Amalecitam
874 3340 1195 3405 prostravit,
1214 3350 1272 3396 et
1293 3341 1515 3399 divinus
1532 3343 1753 3401 Samuel
1773 3347 1886 3416 jam
1909 3362 2080 3403 canus

501 3422 819 3496 Allopbylos
860 3427 916 3482 in
964 3429 1149 3501 fugam
1179 3435 1473 3489 convertit.
1514 3436 1624 3492 llos
1657 3438 1970 3494 veneranda
1998 3455 2083 3495 se-

504 3524 701 3570 nectus
734 3525 824 3571 tua
864 3522 1177 3589 aemulatur,
1221 3540 1344 3594 qua:
1384 3525 1438 3581 in
1474 3527 1637 3582 bellis
1667 3530 1890 3599 pictatis
1916 3546 2083 3587 causa

503 3609 775 3677 susceptis
808 3608 1028 3666 fortiter
1057 3614 1188 3685 agit,
1227 3626 1277 3671 et
1312 3634 1411 3687 pro
1446 3621 1778 3690 evangelicis
1816 3622 2086 3692 dogmati-

506 3696 609 3753 bus
640 3709 869 3770 pugnat,
895 3704 1175 3775 animique
1197 3708 1481 3766 alacritate
1505 3712 1740 3781 juvenes
1781 3716 2081 3771 antecellit.

503 3788 617 3858 Ego
649 3806 784 3847 vero
826 3793 942 3850 inec
977 3798 1211 3855 audiens
1233 3802 1447 3871 gaudeo
1477 3813 1533 3857 et
1562 3804 1736 3869 laetor,
1766 3812 1932 3875 atque
1964 3823 2085 3862 am-

505 3880 713 3950 plexari
750 3899 881 3939 sane
924 3888 1137 3958 1212
1171 3892 1335 3946 velim
1376 3894 1906 3951 venerandissimam
1938 3899 2087 3954 cani-

507 3970 638 4024 tiem
675 3980 842 4028 tuam.
877 3975 984 4031 Sed
1029 3978 1160 4047 quia
1213 3979 1321 4035 hoc
1361 3980 1542 4037 facere
1577 3999 1812 4053 nequeo,
1845 4000 1912 4042 eo
1938 3987 2086 4057 quod

504 4060 765 4129 pietatem
796 4074 942 4120 tuam
969 4065 1119 4123 domi
1158 4079 1420 4127 senectus
1442 4072 1664 4137 retinet,
1708 4091 1796 4131 me
1822 4092 1956 4133 vero
1999 4078 2088 4133 lex

506 4154 656 4223 regia
701 4156 793 4212 bic
838 4170 1077 4227 coercet,
1120 4163 1460 4220 desiderium
1492 4171 1677 4223 meum
1707 4169 1910 4227 litteris
1935 4172 2083 4237 fallo,

506 4254 562 4297 et
588 4246 780 4314 pietati
821 4258 928 4306 tua:
955 4254 1191 4308 salutem
1227 4256 1661 4314 amantissimam
1688 4260 1833 4327 dico,
1862 4278 2087 4332 precor-

505 4352 611 4403 que
632 4346 688 4391 ut
712 4342 970 4399 confusas
994 4346 1236 4401 tumultu
1259 4347 1535 4408 Ecclesiae
1556 4354 1816 4422 precibus
1837 4356 2085 4426 adiuves,

2182 3246 2489 3318 προσευχὴν
2519 3246 2616 3310 τὰς
2646 3250 2832 3320 χεῖρας
2891 3248 3167 3313 ἐκτείνων,
3199 3248 3290 3301 τὸν
3332 3247 3582 3320 Ἀμαλὴκ
3631 3265 3773 3303 κατ·-

2183 3334 2457 3404 ηκόντισε’
2483 3333 2577 3386 καὶ
2602 3333 2853 3404 Σαμουὴλ
2871 3333 2899 3386 ὁ
2934 3333 3220 3398 θεσπέσιος
3255 3334 3392 3404 μετὰ
3425 3334 3617 3387 πολιὰν
3640 3335 3773 3398 τοὺς

2183 3423 2515 3494 ἀλλοφύλους
2569 3425 2847 3495 ἐτρέπετο.
2906 3425 3141 3490 Τούτους
3186 3426 3248 3480 τὸ
3312 3426 3611 3496 σεϐάσμιόν
3671 3443 3774 3480 σου

2185 3519 2365 3589 γῆρας
2409 3516 2581 3586 ζηλοῖ,
2612 3518 2716 3572 κάν
2752 3520 2865 3580 τοῖς
2911 3517 3053 3590 ὑπὲρ
3081 3517 3366 3581 εὐσεϐείας
3393 3516 3653 3588 πολέμοις
3675 3519 3774 3571 άν-

2184 3607 2596 3678 δραγαθίςεται,
2630 3609 2726 3663 καὶ
2747 3607 2855 3662 τῶν
2873 3607 3247 3677 εὐαγγελικιῖΝ
3276 3608 3567 3679 δογμάτων
3594 3608 3774 3676 ὑπερ-

2191 3702 2373 3770 μαχεῖ,
2426 3699 2520 3753 καὶ
2549 3701 2675 3762 τοὺς
2708 3700 2861 3763 νέους
2892 3699 3234 3770 ἀποκρύπτει
3264 3702 3331 3770 τῇ
3366 3700 3643 3771 προθυμίᾳ
3668 3701 3775 3771 τῆς

2185 3793 2432 3863 γνώμης.
2468 3792 2610 3861 Ἐγὼ
2649 3792 2706 3846 δέ
2752 3792 2925 3847 ταῦτα
2954 3792 3167 3846 ἀκούων
3199 3793 3493 3863 γάννυμαι,
3542 3792 3638 3846 καὶ
3681 3793 3776 3845 εὐ-

2188 3884 2509 3954 εἱραίνομαι,
2553 3884 2649 3937 καὶ
2671 3882 3107 3954 περιπτύξασθαι
3140 3883 3241 3953 μὲν
3270 3883 3421 3936 ποθῶ
3448 3883 3545 3952 τὴν
3571 3900 3772 3936 σεπτο-

2186 3977 2353 4047 τάτην
2395 3994 2489 4029 σου
2524 3976 2735 4030 πολιάν.
2786 3974 3004 4047 Ἐπειδὴ
3052 3975 3110 4029 δὲ
3170 3974 3362 4029 τούτου
3419 3974 3774 4046 διαμαρτάνω

2190 4066 2308 4141 (τὴν
2334 4069 2434 4138 μὲν
2456 4067 2566 4139 γὰρ
2591 4068 2691 4138 σὴν
2723 4065 3036 4119 θεοσέϐειαν
3060 4065 3200 4120 οίκοι
3227 4068 3404 4136 γῆρας
3429 4063 3634 4133 ἐπέχει.
3663 4063 3769 4133 ἐμὲ

2187 4160 2244 4213 δὲ
2275 4162 2437 4231 νόμος
2460 4160 2647 4214 ἐνθάδε
2676 4158 2959 4230 καθείργει
2990 4156 3311 4229 βασιλικὸς),
3333 4157 3421 4210 διὰ
3447 4156 3554 4211 τῶν
3588 4172 3777 4226 γραμ-

2193 4250 2380 4321 μάτων
2414 4251 2705 4319 σοφίζομαι
2741 4249 2802 4302 τὸ
2843 4248 3200 4320 ποθούμενον,
3231 4249 3324 4302 καὶ
3344 4248 3640 4319 προσφέρω
3675 4263 3777 4300 σου

2189 4346 2258 4414 τῇ
2297 4343 2543 4414 φιλοθεῖᾳ
2572 4342 2664 4395 τὸν
2701 4341 2827 4412 ἐμοὶ
2879 4342 3293 4413 πανεπέραστον
3325 4340 3638 4411 ἀσπασμὸν,
3678 4341 3777 4394 καὶ

505 4443 570 4483 ac
601 4431 734 4486 mihi
768 4450 989 4505 quoque
1017 4437 1259 4495 divinam
1288 4456 1448 4511 opem
1479 4446 1743 4516 impetres
1763 4488 1776 4511 ,
1817 4447 1913 4517 qui
1957 4464 2080 4517 apo-

2193 4435 2497 4509 παρακαλῶ
2518 4435 2706 4505 εὐχαῖς
2740 4432 3017 4505 ἐπαμῦναι
3055 4436 3176 4497 ταῖς
3224 4432 3572 4504 Ἐκκλησίαις
3602 4431 3779 4503 ζάλης

504 4523 828 4611 stulicorum
860 4526 1176 4599 dogmatum
1199 4548 1363 4591 causa
1392 4552 1579 4605 vexor,
1604 4549 1662 4595 et
1683 4554 1922 4609 superna
1947 4556 2080 4611 opus

2191 4525 2697 4599 ἐμπεπλησμέναις,
2727 4523 2821 4578 καὶ
2853 4523 3037 4594 μέντοι
3066 4524 3235 4593 κάμοὶ
3262 4523 3361 4592 τὴν
3395 4522 3544 4575 θείαν
3576 4520 3779 4593 προξε-

506 4610 683 4670 habeo
713 4616 1052 4678 defensione.

507 4877 789 4935 CXXVIII.
820 4911 886 4921 -
925 4882 1162 4943 Candida
1212 4893 1519 4964 presbytero,
1555 4902 1604 4947 et
1635 4895 2086 4952 archimandritte.

581 4990 743 5055 Vicit,
773 5001 833 5047 ut
861 5008 1103 5067 apparet,
1140 5003 1253 5058 Deo
1287 5004 1504 5059 dilecta:
1540 5006 1736 5061 animae
1761 5018 1866 5063 tua:
1893 5011 2091 5065 alacri-

510 5092 678 5138 tatem
708 5100 983 5156 senectus,
1026 5103 1082 5149 Εῑ
1121 5110 1318 5151 manus
1355 5107 1612 5153 extensas
1652 5098 1722 5153 de
1769 5115 1923 5156 more
1974 5118 2086 5158 non

509 5176 702 5244 habes,
738 5179 971 5253 ideoque
1002 5185 1226 5241 Amalec
1251 5188 1473 5245 vincere
1498 5200 1750 5246 conatur.
1779 5193 2090 5265 Exsurgant

506 5270 676 5340 igitur
703 5271 1041 5332 inﬁrmitatis
1069 5278 1348 5348 adjutores
1376 5281 1567 5352 aliqui,
1598 5284 1740 5341 sicut
1762 5286 1893 5341 olim
1923 5288 1999 5343 Or
2032 5297 2091 5342 et

502 5361 688 5419 Aaron
735 5364 1067 5435 legislatoris
1114 5383 1310 5424 manus
1368 5375 1756 5430 sustentabant
1791 5376 1857 5442 “,
1919 5388 1981 5433 ut
2029 5386 2089 5433 et

504 5453 730 5509 Amalec
751 5455 1028 5522 destruas,
1050 5467 1107 5512 et
1126 5456 1384 5515 lsraelem
1419 5477 1733 5521 conserves.
1762 5467 1919 5523 Nunc
1938 5470 2085 5523 enim

507 5545 744 5600 maxime
787 5547 1047 5616 precibus
1102 5548 1496 5610 intentioribus
1537 5566 1622 5611 est
1668 5572 1827 5627 opus,
1886 5558 2089 5616 Graecis

509 5633 731 5700 quidem
778 5645 836 5690 et
894 5636 1097 5694 Iudaeis
1143 5646 1307 5711 atque
1353 5643 1626 5700 haereticis
1669 5647 1929 5703 omnibus
1955 5663 2088 5718 pace

584 5787 625 5817 δ’
652 5789 822 5847 Exod.
851 5809 979 5864 xvn,
1010 5795 1095 5851 12.

2191 4622 2351 4693 νῆσαι
2390 4618 2560 4689 ῥοπὴν
2581 4656 2595 4681 ,
2628 4617 2770 4687 ὑπὲρ
2813 4617 2912 4688 μὲν
2943 4617 3052 4670 τῶν
3093 4615 3467 4670 άποστολικῶν
3504 4616 3777 4685 πολεμου-

2195 4714 2343 4786 μένῳ
2370 4768 2379 4775 _
2403 4710 2725 4781 δογμάτων,
2766 4708 3006 4779 δεομένῳ
3056 4707 3114 4762 δὲ
3142 4708 3244 4778 τῆς
3294 4707 3500 4762 ἄνωθεν
3550 4707 3780 4778 ἀντιλή-

2192 4806 2358 4874 ψεως.
2582 4821 2587 4826 ‘

2194 4893 2376 4952 PKH’.
2399 4928 2470 4940 —-
2486 4895 2757 4959 Κανδίδῳ
2779 4891 3161 4963 πρεσϐυτέρῳ
3178 4893 3281 4947 καί
3312 4891 3779 4963 ἀρχιμανδρίτῃ.

2274 5011 2577 5080 Ἐνίκησεν,
2606 5009 2684 5073 ὡς
2714 5008 2880 5071 ἔοικε,
2921 5006 2983 5060 τὸ
3018 5008 3199 5079 γῆρας
3237 5006 3336 5075 τῆς
3364 5003 3647 5071 θεοφιλοῦς
3676 5019 3781 5058 σου

2188 5106 2368 5176 ψυχῆς
2389 5105 2489 5175 τὴν
2517 5102 2847 5174 προθυμίαν,
2882 5101 2977 5155 καὶ
3004 5099 3105 5161 τὰς
3129 5102 3320 5170 χεῖρας
3348 5100 3448 5151 οὐκ
3475 5097 3621 5168 ἔχεις
3648 5114 3782 5149 συν-

2192 5196 2338 5268 ήθως
2356 5194 2744 5264 ἐκτεταμένας·
2775 5194 2862 5247 διά
2882 5210 2966 5246 τοι
2995 5190 3157 5247 τοῦτο
3173 5192 3268 5245 καὶ
3293 5191 3591 5259 φιλονεικεῖ
3615 5191 3782 5260 νικᾷν

2191 5289 2219 5339 ὁ
2269 5287 2535 5358 Ἀμαλήκ.
2573 5287 2612 5339 Γ
2615 5285 2919 5339 ενέσθωσαν
2948 5283 3127 5337 τοίνυν
3162 5283 3305 5344 τινὲς
3346 5283 3628 5353 ἐπίκουροι
3670 5282 3783 5353 τῆς

2194 5378 2507 5440 ἀσθενείας,
2567 5374 2822 5446 καθάπερ
2863 5374 3031 5428 πάλαι
3081 5374 3211 5427 ποτὲ
3259 5374 3357 5445 Ὣρ
3414 5375 3509 5427 καὶ
3560 5372 3785 5445 Ἀαρὼν

2194 5465 2557 5536 ὑπεστήριζον
2590 5460 2683 5517 τοῦ
2719 5462 3007 5534 νομοθέτου
3044 5463 3143 5527 τὰς
3171 5466 3376 5536 χεῖρας.
3425 5464 3512 5517 ἴνα
3556 5465 3650 5517 καὶ
3682 5463 3782 5517 τὸν

2206 5556 2460 5627 Ἀμαλὴκ
2478 5554 2840 5627 καταλεύσῃς,
2857 5555 2951 5609 καὶ
2977 5554 3069 5607 τὸν
3101 5554 3313 5626 Ἰσραὴλ
3343 5554 3634 5626 διασώσῃς.
3657 5554 3785 5625 Νῦν

2196 5650 2305 5721 γὰρ
2353 5650 2589 5720 μάλιστα
2625 5647 3056 5719 σπουδαιοτέρων
3084 5647 3166 5702 δεῖ
3210 5647 3544 5719 προσευχῶν,
3586 5647 3783 5718 Ἑλλής
