4072 6422
284 440 431 507 1341

1632 438 1995 499 EPISTULA
2033 442 2256 505 CXXX.

3429 442 3569 507 1342

280 574 406 614 νων
461 555 562 628 μὲν
603 555 698 608 καὶ
753 553 1056 616 Ἰουδαίων,
1111 553 1203 606 καὶ
1258 553 1437 623 πάσης
1499 554 1886 625 εἰρηνευούσης

2001 555 2322 624 lrnentibus,
2356 560 2471 614 sola
2516 568 2699 614 autem
2733 558 2976 613 Ecclesia
3022 567 3403 630 tempestatem
3437 576 3566 628 pro-

278 650 583 720 αίρέσεως,
633 648 802 717 μόνης
847 647 904 700 δὲ
947 647 1047 716 τῆς
1085 644 1409 715 Ἐκκλησίας
1459 645 1884 715 χειμαζομένης,

283 743 394 795 καὶ
442 740 782 809 παγχαλέπῳ
832 738 1063 792 κλύδωνι
1111 735 1538 808 περιπεσούσης.
1586 738 1695 789 Καὶ
1727 739 1886 807 ἡμεῖς

279 834 348 896 δὲ
396 832 769 903 διαφερόντως
813 832 911 900 τῆς
943 829 1053 882 τῶν
1094 829 1376 899 ὑμετέρων
1415 825 1732 897 προσευχῶν
1774 826 1888 879 δεό-

286 922 445 993 μεθα
480 920 752 992 βοηθείας,
794 918 888 973 καὶ
914 918 1022 970 τῶν
1051 916 1422 987 νομισθέντων
1468 913 1887 983 συναγωνιστῶν

281 1011 844 1082 ἀνταγωνιζομένων.

282 1125 476 1179 PKG'.
505 1156 575 1165 ——
601 1125 819 1194 Μάγνῳ
850 1121 1183 1194 Ἀντωνίνφ
1226 1119 1605 1194 πρεσϐυτέρῳ
1642 1119 1743 1173 καὶ
1777 1120 1883 1187 dp-

837 1191 1193 1263 χιμανδρίτῃ
1222 1190 1355 1262 (9|).

367 1309 513 1369 Τοὺς
557 1306 655 1377 μὲν
692 1305 912 1375 νύκτωρ
958 1303 1220 1366 πλέοντας
1260 1306 1310 1356 οἱ
1355 1302 1463 1356 τῶν
1491 1303 1729 1375 λιμένων
1755 1304 1890 1375 dux-

282 1397 582 1469 αγωγοῦσι
614 1396 833 1468 πυρσοί·
875 1396 1002 1459 τοὺς
1035 1396 1093 1448 δὲ
1139 1394 1239 1463 τῆς
1271 1395 1635 1466 ἀποστολικῆς
1664 1413 1882 1469 προκινο

282 1490 624 1553 δυνεύοντας
653 1488 911 1552 πίστεως,
938 1486 1046 1540 τῶν
1075 1487 1387 1557 όμοπίστων
1409 1489 1436 1541 ό
1458 1487 1640 1558 ζῆλος.
1675 1487 1888 1559 Ἰκανὴν

282 1583 483 1636 τοίνυν
537 1580 735 1650 ἔχομεν
790 1577 1126 1650 παραψυχὴν
1174 1580 1277 1647 τῆς
1308 1578 1582 1649 ὑμετέρας
1613 1579 1889 1647 φιλοθεῖας

284 1675 429 1737 τοὺς
469 1672 609 1743 ὑπὲρ
660 1670 769 1723 τῶν
817 1672 980 1725 θείων
1010 1671 1294 1741 δογμάτων
1330 1669 1885 1740 ἀγῶνας-ἀκούοντες.

286 1766 415 1819 Καὶ
443 1764 553 1835 γὰρ
589 1764 794 1834 ταύτην
822 1765 951 1833 ὑμῖν
1002 1762 1099 1833 τὴν
1152 1762 1379 1833 γνώμην
1421 1764 1449 1815 ὁ
1496 1762 1890 1834 Μεγαλόδωρος

1990 651 2295 721 cellamque
2345 652 2726 721 gravissimam
2778 654 3107 709 sustinente.
3150 653 3261 706 Nos
3290 668 3420 705 vero
3461 669 3572 721 prae

1989 742 2201 796 ueteris
2249 758 2474 811 precum
2546 752 2856 797 vestrarum
2907 742 3114 797 auxilio
3175 743 3508 811 indigemus.
3554 747 3569 765 ⁸

1989 832 2100 887 illis
2143 833 2279 903 ipsis
2324 849 2426 890 nos
2457 834 2553 905 qui
2597 848 2947 905 propugnare
2983 832 3353 887 credebantur
3386 831 3570 900 impu-

1988 925 2305 994 gnantibus.

2104 1129 2341 1186 CXXIX.
2385 1161 2456 1170 —
2489 1129 2684 1201 Magno
2725 1129 2992 1201 Antonino
3036 1127 3340 1198 presbytero
3396 1132 3443 1178 et

2558 1198 3011 1255 drchimandritw.

2061 1314 2169 1369 Eos
2188 1312 2280 1383 qui
2312 1322 2477 1369 noctu
2501 1312 2761 1381 navigant
2802 1316 3064 1379 portuum
3108 1306 3255 1362 faces
3286 1305 3571 1361 consolan-

1989 1414 2100 1472 tur;
2128 1421 2227 1475 pro
2254 1405 2464 1476 1213
2500 1404 2606 1458 fide
2632 1418 2763 1457 vero
2795 1401 3146 1463 dimicantes,
3178 1398 3399 1451 illorum
3423 1396 3574 1450 zelus

1989 1496 2085 1567 qui
2117 1496 2365 1552 eamdem
2390 1495 2554 1550 simul
2581 1494 2746 1549 fidem
2777 1499 2988 1548 tenent.
3032 1489 3418 1544 Ahundantem
3444 1502 3574 1556 ergo

1990 1588 2259 1642 habemus
2302 1585 2759 1649 consolationem,
2798 1598 2922 1636 cum
2965 1580 3189 1650 pietatis
3237 1587 3434 1640 vestra:
3472 1590 3574 1646 pro

1990 1676 2193 1733 divinis
2222 1675 2574 1746 dogmatibus
2608 1688 2814 1744 agones
2850 1671 3128 1726 audimus.
3181 1670 3334 1724 Hanc
3364 1667 3573 1722 etenim

1989 1768 2147 1823 vobis
2162 1775 2399 1821 mentem
2420 1763 2922 1837 injecitmunificus
2947 1762 3217 1832 Largitor,
3241 1767 3302 1814 ut
3324 1775 3422 1830 pro
3456 1760 3577 1813 illo-

289 1857 636 1927 ἐδωρήσατο,
682 1856 777 1907 καὶ
823 1854 922 1923 τῆς
968 1854 1175 1906 τούτων
1204 1853 1369 1906 ἕνεκα
1402 1854 1650 1923 φυλακῆς
1709 1854 1886 1907 πάντα

2001 1872 2115 1910 rum
2139 1855 2389 1911 custodia
2418 1854 2632 1909 nullum
2674 1853 2918 1908 laborem
2951 1849 3253 1920 refugiatis.
3284 1848 3397 1918 Ego
3439 1862 3571 1901 vero

292 1949 470 2002 πόνον
499 1946 800 2015 εἰσφέρετε.
862 1944 1004 2012 Ἐγὼ
1053 1944 1108 1998 δὲ
1151 1945 1238 1998 διὰ
1277 1946 1375 2013 τῆς
1434 1944 1708 2016 ὑμετέρας
1753 1943 1891 2015 ψυχ-

294 2038 696 2109 αγωγούμενος
730 2036 1042 2108 προθυμίας
1093 2038 1296 2108 μικράν
1330 2037 1596 2090 ἀντίδοσιν
1612 2037 1883 2106 εἰσφέρω,

294 2130 415 2183 τῶν
454 2126 680 2196 ἀγώνων
726 2128 870 2197 ὑμᾶς
902 2126 1013 2180 τῶν
1060 2124 1218 2179 θείων
1264 2126 1485 2197 ἔχεσθαι
1538 2125 1890 2197 παρακαλῶν,

295 2220 404 2274 καὶ
452 2221 560 2272 τῶν
610 2218 918 2272 ἀντιπάλων
951 2217 1027 2279 ὡς
1077 2216 1364 2270 εὐαλώτων
1420 2220 1781 2291 καταφρονεῖν
1816 2215 1899 2288 (τί

294 2311 413 2379 γάρ
448 2307 834 2379 ἀσθενέστερον
862 2306 970 2359 τῶν
1004 2308 1102 2377 τῆς
1149 2306 1407 2377 ἀληθείας
1444 2307 1886 2379 έστερημένων),

297 2398 629 2454 πεποιθέναι
662 2399 719 2453 δὲ
747 2398 823 2469 τῷ
852 2398 1081 2453 εἰπόντι·
1119 2418 1137 2450 ι
1173 2398 1247 2451 Οὐ
1287 2400 1360 2469 μή
1396 2415 1454 2452 σε
1489 2399 1623 2463 ἀνῶ,
1662 2399 1783 2451 οὐδὲ
1816 2398 1890 2470 μή

301 2510 368 2547 σε
391 2491 779 2561 ἐγκαταλίπω·
812 2508 830 2542 ι
868 2490 997 2543 καί⁸
1039 2508 1059 2542 ι
1108 2489 1240 2543 Ἰδοὺ
1280 2488 1390 2558 ἐγὼ
1420 2489 1539 2560 μεθ’
1585 2490 1737 2560 ὑμῶν
1777 2491 1893 2560 είμι

301 2580 493 2641 πάσας
524 2579 623 2643 τὰς
653 2580 868 2651 ἡμέρας
888 2579 992 2642 ἕως
1023 2579 1124 2649 τῆς
1158 2579 1466 2642 συντελείας
1494 2578 1587 2633 τοῦ
1619 2580 1832 2642 αἰῶνος.
1867 2597 1886 2630 ι

316 2670 674 2741 Ἐπαμύνατε
715 2671 772 2724 δὲ
808 2671 978 2742 κάμοὶ
1016 2674 1133 2734 ταῖς
1164 2674 1520 2743 προσευχαῖς,
1555 2674 1641 2726 ἴνα
1671 2671 1891 2744 θαρρῶν

303 2760 567 2830 ἐπιλέγω·
600 2781 620 2814 ι
658 2762 861 2835 Κύριος
894 2762 1019 2833 ἐμοὶ
1042 2762 1255 2833 βοηθὸς,
1287 2764 1380 2817 καὶ
1400 2765 1461 2817 ού
1490 2764 1891 2836 φοϐηθήσομαι,

300 2851 362 2907 τί
382 2853 600 2922 ποιήσει
633 2869 723 2921 μοι
748 2852 1054 2923 ἄνθρωπος.
1093 2870 1111 2904 ι

655 2964 779 3020 PA’.
802 2995 873 3007 -—
905 2966 1161 3038 Τιμοθέῳ
1212 2967 1546 3032 ὲπισκόπῳ.

385 3081 463 3134 Οὐ
501 3082 679 3151 μάτην
715 3080 824 3152 ἄρα
856 3081 966 3135 τῶν
989 3082 1127 3136 ὅλων
1169 3084 1198 3136 ό
1220 3083 1582 3155 κυϐερνήτης
1623 3087 1899 3158 συγχωρεῖ

306 3176 425 3238 τοῖς
460 3175 734 3245 πνεύμασι
771 3177 885 3239 τοῖς
917 3174 1182 3238 ἐναντίοις
1210 3176 1478 3247 διεγεῖραι
1508 3177 1608 3248 τῆς
1639 3165 1898 3242 ἀσεϐείας

306 3269 380 3324 τὰ
430 3268 675 3340 κύματα’
726 3268 844 3322 ἀλλ’
897 3268 985 3322 ἵνα
1035 3268 1144 3320 τῶν
1193 3267 1466 3322 πλεόντων
1504 3269 1767 3341 βασανίσῃ
1799 3270 1897 3334 τὰς

307 3359 561 3430 γνώμας,
596 3360 688 3411 καὶ.
715 3358 823 3412 τῶν
856 3358 952 3428 μὲν
986 3358 1087 3427 τὴν
1132 3356 1358 3427 ἀνδρίαν
1384 3357 1669 3429 γυμνὼσῃ,
1701 3359 1811 3411 τῶν
1839 3358 1898 3411 δὲ

308 3452 414 3523 τὴν
434 3452 639 3506 δειλίαν
667 3450 880 3522 ἐλέγξῃ·
914 3451 1011 3504 καὶ
1036 3450 1163 3513 τοὺς
1205 3450 1305 3520 μὲν
1328 3451 1428 3521 τῆς
1457 3450 1739 3514 εὐσεϐείας
1763 3450 1900 3517 ἔξω·

312 3540 410 3594 θεν
442 3539 865 3611 περικειμένους
897 3540 1112 3610 μορφὴν
1142 3540 1383 3610 γυμνοὺς
1408 3539 1557 3610 δείξῃ
1592 3540 1700 3594 τῶν
1729 3558 1901 3610 προσο

309 3631 557 3692 ωπείων,
593 3632 721 3694 τοὺς
757 3630 816 3683 δὲ
872 3630 975 3699 τῆς
1033 3630 1293 3700 ἀληθείας
1325 3630 1643 3702 ἀνακηρύξῃ
1689 3632 1905 3701 προμά-

311 3741 468 3796 χους.
508 3723 679 3776 Τοῦτο
726 3724 822 3777 καὶ
856 3721 950 3776 νῦν
987 3720 1354 3791 γεγενημένον
1395 3721 1764 3793 ἐθεασάμεθα.
1794 3721 1902 3776 Τοῦ

311 3815 426 3886 γάρ
474 3814 741 3885 χειμῶνος
768 3814 1193 3880 ἐπαναστάντος,
1226 3816 1274 3868 οἱ
1317 3814 1415 3885 μὲν
1448 3815 1774 3884 ἐγύμνωσαν
1804 3816 1904 3886 τὴν

312 3908 711 3977 κεκρυμμένην
765 3907 1049 3972 ἀσέϐειαν,
1099 3908 1149 3960 ol.
1193 3907 1250 3960 δὲ
1290 3906 1598 3978 προύδοσαν
1636 3908 1703 3978 ἢν
1756 3902 1907 3979 εἶχον

313 4000 601 4070 ἀλήθειαν,
627 3999 721 4053 καὶ
743 4000 844 4070 τῆς
861 4001 969 4053 τῶν
997 4000 1308 4054 ἀντιπάλων
1332 3999 1578 4068 ἐγένοντο
1602 4001 1903 4070 φάλαγγος,

315 4092 417 4146 καὶ
454 4091 592 4162 μετά
623 4092 848 4146 ἐκείνων
880 4092 1167 4163 βάλλουσιν
1198 4091 1295 4155 οὓς
1324 4092 1580 4164 ἀριστέας
1601 4092 1906 4163 ὠνόμαζον.

316 4184 386 4236 Οἱ
416 4183 475 4235 δὲ
502 4182 675 4236 ταῦτα
708 4183 947 4254 ὁρῶντες
970 4223 984 4246 ,
1017 4184 1144 4248 τοὺς
1190 4183 1289 4253 μὲν
1329 4183 1622 4253 πολεμίους
1653 4184 1902 4252 μισοῦσι,

314 4270 450 4332 τοὺς
477 4269 531 4321 δὲ
564 4270 897 4341 αὐτομόλους
932 4268 1210 4343 θρηνοῦσι,
1239 4276 1350 4336 τοῖς
1376 4273 1433 4326 δὲ
1464 4273 1604 4344 ὑπὲρ
1633 4273 1741 4326 τῶν
1771 4275 1909 4327 ἀπο-

317 4360 587 4413 στολικῶν
620 4361 1050 4432 πολεμουμένοις
1087 4363 1376 4432 δογμάτων
1424 4365 1685 4433 ἐπαρκεῖν
1729 4364 1910 4436 ὀρρω-

315 4450 528 4505 δοῦσιν.
565 4451 628 4505 Ei
653 4451 711 4505 δὲ
748 4452 845 4505 καὶ
879 4452 1184 4524 βιαιότερον
1221 4454 1405 4517 αὐτοῖς
1430 4456 1478 4508 οἱ
1509 4454 1910 4525 προδεδωκότες
1950 4510 1953 4513 λ

316 4541 621 4606 ἐπίθοιντο,
650 4543 792 4612 τάχα
833 4542 899 4610 δὴ
940 4544 1033 4596 καὶ
1059 4544 1214 4598 αὐτοὶ
1245 4544 1353 4598 τῶν
1382 4544 1708 4610 τοξευόντων
1749 4549 1905 4617 γενήο

319 4652 532 4701 σονται,
574 4635 670 4688 καὶ
698 4634 807 4687 τῶν
840 4636 1152 4706 όμοπίστων
1174 4637 1237 4690 οὐ
1264 4638 1562 4706 φείσονται,
1595 4639 1733 4693 ἀλλά
1763 4640 1909 4694 κατά

317 4728 534 4781 τούτων
562 4728 690 4790 τοὺς
722 4727 1004 4798 καλάμους
1032 4729 1171 4798 μετά
1205 4729 1316 4782 τῶν
1350 4731 1456 4784 ὑπὸ
1489 4731 1640 4799 σφῶν
1671 4749 1912 4804 κατηγο-

323 4819 608 4891 ρουμένων
641 4819 936 4889 ὠθήσουσιο
976 4821 1269 4876 καὶταῦτα
1316 4823 1469 4895 παρά
1511 4824 1610 4895 τῆς
1643 4824 1794 4889 θείας
1829 4825 1914 4879 δε-

318 4911 639 4980 διδαγμένοι
682 4912 926 4983 Γραφῆς,
957 4911 1033 4975 ὡς
1081 4912 1145 4965 τὸ
1188 4913 1290 4984 μὲν
1326 4914 1578 4985 ἀδικῆσαι
1606 4914 1698 4971 τὸν
1740 4916 1912 4982 πέλας

320 5002 603 5072 τιμωρίας
651 5003 973 5071 ὑπεύθυνον,
1017 5005 1079 5058 τὸ
1110 5004 1168 5056 δέ
1196 5020 1259 5072 γε
1298 5005 1624 5076 ἀδικηθῆναι
1670 5008 1779 5062 τῶν
1817 5026 1913 5079 με-

326 5094 511 5163 γάλων
557 5096 651 5149 καὶ
692 5095 931 5167 διαρκῶν
987 5096 1312 5149 ἀντιδόσεων
1370 5096 1650 5167 πρόξενον.
1702 5100 1816 5169 Τῆς
1854 5100 1912 5153 δὲ

328 5185 435 5257 σῆς
479 5186 811 5252 θεοσεϐείας,
866 5189 964 5243 καὶ
1004 5188 1099 5242 τὸν
1132 5189 1274 5259 ὑπὲρ
1312 5188 1415 5258 τῆς
1461 5188 1701 5253 πίστεως
1729 5188 1911 5259 ζῆλον,

328 5277 426 5332 καὶ
461 5275 560 5348 τὴν
582 5279 710 5348 περὶ
728 5281 876 5350 ἡμᾶς
904 5278 1117 5333 εὖνοιαν
1145 5272 1301 5343 οὗτος
1330 5281 1359 5332 ό
1386 5279 1594 5353 κλύδων
1614 5280 1910 5345 ἐπέδειξεν.

324 5367 446 5423 Καὶ
474 5368 585 5440 γὰρ
619 5370 701 5434 δὶς
731 5372 867 5442 ἡμῖν
893 5372 1236 5433 ἐπέστειλας,
1266 5370 1376 5424 τῶν
1397 5370 1786 5443 δεδιττομένων
1817 5390 1916 5426 κα·-

327 5460 707 5531 ταφρονήσας,
758 5462 854 5515 καὶ
904 5462 1003 5532 τὴν
1057 5461 1354 5533 ἀδελφικὴν
1402 5461 1784 5535 φιλοστοργίαν
1827 5463 1915 5518 διὰ

328 5548 448 5634 τῶν
498 5553 846 5622 γραμμάτων
891 5553 1189 5624 ἐδήλωσας,
1241 5555 1337 5608 καὶ
1370 5553 1464 5619 οὒς
1509 5554 1655 5626 ἔχεις
1698 5554 1914 5624 ἀγῶνας

1995 1950 2098 2003 hac
2143 1958 2327 2003 vestra
2375 1945 2658 2001 alacritate
2702 1951 2984 1999 recreatus
3026 1942 3277 2012 exiguam
3322 1939 3573 1994 retribuo

1993 2040 2342 2103 mercedem,
2409 2045 2470 2093 ut
2524 2038 2582 2091 in
2627 2035 2832 2091 divinis
2882 2034 3151 2105 agonibus
3207 2031 3575 2102 perseveretis

1993 2145 2160 2184 orans
2204 2137 2260 2183 et
2294 2126 2640 2183 adversarios
2668 2133 2728 2179 ut
2764 2132 2926 2194 captu
2967 2122 3157 2178 faciles
3210 2120 3576 2176 contemnatis

1996 2218 2174 2292 (quid
2223 2218 2371 2274 enim
2430 2215 2762 2272 imbecillius
2792 2222 2878 2269 est
2922 2213 2992 2268 iis
3029 2213 3123 2282 qui
3172 2211 3402 2266 veritate
3448 2216 3579 2265 sunt

1995 2305 2350 2378 destituti?),
2384 2306 2435 2361 ei
2462 2314 2646 2361 autem
2672 2304 2964 2361 confidatis
2986 2301 3082 2373 qui
3112 2300 3253 2356 dixit
3281 2318 3296 2354 :
3331 2318 3349 2351 ι
3369 2299 3490 2354 Non
3527 2307 3578 2354 te

1994 2399 2273 2464 deseram,
2320 2415 2498 2469 neque
2539 2406 2592 2454 te
2642 2398 3024 2468 derelinquam
3060 2395 3137 2461 u;
3178 2414 3198 2447 ι
3248 2402 3305 2449 et
3337 2412 3350 2447 :
3388 2413 3406 2444 ι
3437 2392 3579 2447 Ecce

1992 2506 2094 2562 ego
2124 2490 2413 2544 vobiscum
2443 2505 2565 2543 sum
2594 2488 2855 2543 omnibus
2896 2486 3095 2542 diebus
3126 2499 3301 2554 usque
3336 2484 3404 2538 ad
3446 2499 3581 2538 con-

1992 2581 2417 2637 summationem
2445 2577 2632 2634 saeculi
2658 2580 2725 2631 ⁸⁸.
2770 2598 2789 2630 ι
2832 2577 3102 2649 Adjuvate
3135 2574 3303 2631 etiam
3335 2590 3423 2629 me
3458 2589 3584 2643 pre-

1992 2674 2174 2739 cibus,
2200 2680 2262 2727 ut
2294 2671 2527 2725 fidenter
2560 2669 2817 2739 adjiciam
2856 2688 2869 2724 :
2907 2687 2927 2720 ι
2956 2667 3224 2723 Dominus
3254 2664 3393 2719 mihi
3428 2664 3582 2736 adju-

1993 2776 2101 2834 tor,
2133 2774 2190 2821 et
2222 2780 2335 2820 non
2360 2763 2567 2819 timebo
2594 2763 2728 2834 quid
2751 2751 2919 2817 faciat
2939 2760 3077 2815 mihi
3103 2760 3269 2815 homo
3288 2758 3357 2813 ".
3388 2776 3406 2809 ι

2350 2979 2566 3035 CXXX.
2586 3009 2659 3021 —
2686 2978 2953 3034 Timotheo
2987 2978 3244 3049 episcopo.

2066 3092 2191 3147 Non
2241 3092 2340 3147 abs
2384 3106 2444 3146 re
2480 3090 2739 3147 videlicet
2766 3087 3101 3144 adversariis
3144 3085 3434 3157 spiritibus
3458 3098 3586 3155 per-

1998 3179 2172 3238 mittit
2210 3183 2457 3238 omnium
2504 3183 2717 3251 Rector,
2745 3190 2808 3236 ut
2855 3179 3154 3250 impietatis
3195 3178 3396 3233 fluctus
3459 3191 3594 3232 con-

2000 3273 2292 3338 citent,sed
2318 3287 2386 3327 eo
2415 3270 2544 3336 fine,
2588 3278 2651 3324 ut
2691 3269 3067 3340 navigantium
3124 3267 3340 3322 animos
3392 3266 3586 3335 explo-

1999 3374 2087 3420 ret
2113 3404 2128 3429 ,
2183 3372 2350 3433 atque
2418 3362 2652 3416 aliorum
2707 3358 3090 3414 fortitudinem
3146 3365 3397 3428 relegat,
3448 3355 3590 3410 alio-

2000 3471 2123 3511 rum
2189 3453 2541 3509 timiditatem
2605 3458 2899 3522 coarguat;
2959 3458 3017 3504 et
3082 3449 3150 3504 iis
3204 3448 3429 3518 quidem
3488 3446 3585 3515 qui

2000 3557 2286 3604 externam
2316 3553 2529 3603 tantum
2552 3544 2773 3615 pietatis
2795 3542 3037 3613 speciem
3055 3541 3261 3595 habent
3289 3551 3585 3611 personam

2002 3640 2232 3705 adimat,
2257 3638 2512 3696 veritatis
2549 3645 2734 3692 autem
2772 3635 3096 3691 defensores
3124 3646 3251 3687 cum
3285 3629 3447 3687 laude
3493 3642 3587 3681 re-

2004 3732 2247 3787 nuntiet.
2294 3731 2411 3785 lloc
2464 3742 2619 3783 nunc
2678 3727 2847 3782 etiam
2913 3724 3118 3780 factum
3184 3719 3587 3792 perspeximus.

2006 3826 2211 3882 Exorta
2238 3823 2387 3879 enim
2413 3828 2739 3893 tempestate
2771 3819 2865 3874 alii
2895 3818 3228 3874 oecnltatam
3253 3812 3591 3883 impietatem

2006 3916 2408 3989 patefecerunt,
2464 3913 2559 3969 alii
2602 3926 2767 3982 quam
2807 3909 3070 3965 tenebant
3097 3905 3387 3961 veritatem
3429 3901 3593 3956 dese-

2006 4014 2262 4070 ruerunt,
2288 4004 2358 4059 ad
2392 4002 2748 4071 hostiumque
2773 4008 2962 4071 partes
3001 3995 3361 4059 transierunt,
3387 4000 3445 4046 et
3468 4005 3592 4044 cum

2008 4098 2119 4152 illis
2150 4110 2249 4151 eos
2276 4094 2489 4149 feriunt
2511 4106 2653 4161 quos
2673 4088 2910 4144 maxime
2938 4094 3196 4141 strenuos
3222 4080 3591 4152 appellabant.

2007 4188 2115 4255 Qui
2144 4201 2279 4241 vero
2326 4185 2445 4239 haec
2485 4184 2798 4244 intuentur,
2844 4180 3033 4233 hostes
3068 4174 3294 4245 quidem
3333 4171 3593 4234 oderunt,

2011 4279 2436 4346 desertoresque
2472 4274 2686 4344 lugent,
2728 4271 2827 4326 sed
2869 4267 3085 4339 1214
3114 4266 3182 4321 iis
3207 4264 3304 4335 qui
3329 4264 3596 4334 apostoli-

2011 4384 2204 4425 corum
2252 4367 2569 4438 dogmatum
2616 4376 2783 4419 causa
2828 4367 3220 4430 oppugnantur
3254 4370 3414 4427 opem
3450 4354 3595 4408 ferre

2009 4462 2425 4533 pertimescunt.
2440 4455 2598 4523 Quod
2611 4455 2658 4511 si
2683 4453 2870 4509 acrius
2889 4452 3014 4506 illos
3027 4457 3258 4521 urgeant
3279 4447 3594 4515 transfuga,

1943 4585 1988 4639 ο
2012 4551 2246 4607 fortasse
2271 4558 2328 4604 et
2350 4548 2456 4618 ipsi
2480 4546 2549 4601 ad
2583 4544 2949 4621 jaculantium
2974 4555 3267 4597 numerum
3306 4537 3594 4601 accedent,

2014 4643 2254 4712 ﬁdeique
2296 4640 2648 4697 consortibus
2690 4654 2804 4694 non
2842 4643 3094 4709 parcent,
3141 4631 3239 4688 sed
3282 4630 3509 4701 sagittas
3541 4628 3600 4683 in

2016 4736 2142 4791 illos
2163 4748 2290 4790 cum
2328 4733 2398 4788 iis
2439 4733 2663 4788 mittent
2687 4744 2830 4802 quos
2853 4728 3076 4800 ipsimet
3103 4730 3365 4779 accusant
3389 4739 3403 4775 :
3433 4720 3607 4791 idque

2015 4843 2145 4883 cum
2199 4841 2268 4881 ex
2298 4825 2485 4881 divina
2527 4823 2813 4895 Scriptura
2847 4818 3178 4883 didicerint,
3203 4823 3261 4871 et
3292 4829 3471 4885 poenas
3490 4812 3596 4868 ob-

2016 4921 2242 4976 noxiam
2273 4933 2397 4975 esse
2436 4917 2695 4989 iniuriam
2744 4915 2804 4970 in
2849 4911 3184 4984 proximum,
3217 4914 3275 4962 et
3322 4918 3516 4976 magna
3538 4916 3605 4957 ac

2019 5010 2241 5068 stabilia
2272 5009 2498 5080 praemia
2531 5006 2776 5063 ferendis
2800 5003 3024 5074 injuriis
3067 4996 3396 5069 comparari.
3423 4994 3604 5049 Pieta-

2020 5105 2093 5160 tis
2112 5107 2132 5129 '
2153 5117 2319 5173 porro
2346 5111 2454 5157 tua:
2481 5107 2539 5156 et
2569 5099 2747 5154 selum
2775 5111 2877 5166 pro
2913 5094 3044 5159 fide,
3079 5100 3137 5148 et
3162 5085 3601 5146 benevolentiam

2017 5209 2149 5265 erga
2176 5208 2279 5248 nos
2301 5191 2542 5263 procella
2573 5190 2678 5245 ista
2698 5185 3122 5244 demonstravit.
3161 5183 3301 5239 Nam
3332 5189 3391 5234 et
3420 5178 3508 5233 bis
3531 5175 3603 5230 ad

2015 5301 2120 5341 nos
2141 5282 2437 5355 scripsisti,
2463 5295 2563 5337 eos
2593 5293 2865 5351 spernens
2892 5276 2991 5347 qui
3014 5273 3390 5334 deterrebant,
3412 5275 3469 5323 et
3491 5267 3603 5321 ira.

2016 5383 2238 5431 ternum
2264 5384 2512 5428 amorem
2548 5384 2651 5441 per
2688 5368 2906 5425 litteras
2948 5362 3261 5426 ostendisti,
3302 5367 3359 5415 et
3397 5368 3605 5426 agones

2016 5464 2274 5522 indicasti
2304 5478 2446 5534 quos
2477 5477 2581 5533 pro
2626 5459 2945 5533 apostolicis
2977 5452 3325 5526 dogmatibus
3356 5446 3601 5534 sustine-

2017 5558 2137 5615 bas.
2172 5533 2443 5611 Mandasti
2484 5552 2634 5610 enim
2684 5558 2747 5606 ut
2792 5545 3182 5606 scriberemus,
3229 5551 3479 5610 quanam
3532 5533 3605 5590 de

403 5703 453 5739 "
478 5705 645 5761 Iosue
674 5722 715 5772 ι,
737 5706 789 5761 5.
867 5704 913 5737 ⁸⁵
936 5702 1127 5761 Matth.
1165 5723 1345 5773 χχι-ιιι,
1375 5707 1462 5762 9.0.
1542 5708 1585 5741 ’⁵⁸
1622 5708 1764 5763 Psal.
1799 5722 1961 5773 cxvn,
1998 5707 2051 5762 6.

409 5838 522 5907 (9i)
572 5838 795 5910 Μάγνῳ,
876 5839 1181 5909 Ἀντωνίῳ,
1240 5842 1666 5911 πρεσϐυτέροις,
1718 5843 1903 5911 ἀρχιμ.

2004 5857 2124 5911 cap.
2162 5840 2243 5896 Ad
2268 5839 2461 5921 plures
2493 5839 2716 5910 quidem
2737 5832 2966 5907 epistola
2985 5828 3194 5900 scripta
3216 5829 3449 5888 videtur.
