4072 6430
502 411 635 472 1343

1505 425 1990 490 TIIEUDORETI
2031 433 2370 496 EPISCOPI
2402 438 2766 499 CYBENSIS

3623 445 3766 513 13M

499 519 727 594 salutari
774 523 1027 588 passione
1079 527 1376 592 prmdicare
1431 532 1514 584 vel
1560 534 1764 588 sentire
1800 546 2051 605 oporteat

499 606 605 629 ιδεμ,
633 625 755 629 __._.___
794 626 817 629 __
867 611 944 629 .!--
1032 615 1040 625 ι
1083 623 1092 629 .
1228 617 1280 629 ι·-
1529 620 1542 629 .

2176 541 2314 613 ὑπὲρ
2352 543 2459 596 τῶν
2493 545 2865 600 ἁποστολικῶν
2897 549 3180 620 δογμάτων
3211 553 3512 623 ὲμήνυσας.
3543 557 3760 629 Γράψαι

499 606 609 676 Ego
633 625 761 661 vero
793 611 1042 678 petitioni
1082 623 1186 668 tuae
1227 617 1460 672 libenter
1491 620 1808 688 obsecutus,
1853 641 1918 680 ea
1951 643 2072 696 quae

497 713 527 751 a
557 716 708 753 sacra
740 701 1021 771 Scriptura
1053 716 1108 760 et
1139 724 1169 761 a
1207 711 1459 766 Patribus
1492 715 1585 783 qui
1615 715 1756 771 hanc
1796 734 2068 787 exposue-

496 799 624 842 runt
667 792 960 857 condidici,
1013 809 1268 868 prompto
1312 803 1497 858 animo
1549 807 1803 874 referam,
1846 826 1957 864 non
2007 818 2070 866 ut

497 881 741 945 doceam,
780 883 874 936 sed
913 893 972 938 ut
1006 888 1174 943 charo
1220 891 1332 946 Deo
1363 893 1530 964 capiti
1583 912 1834 952 revocent
1866 900 1921 954 in
1951 916 2066 955 me-

492 986 741 1026 lllOl‘lllll].
775 989 779 992 ’

567 1155 716 1211 Scito
747 1159 933 1229 igitur,
974 1163 1086 1218 Deo
1115 1166 1490 1234 dilectissime,
1517 1179 1772 1240 oportere
1807 1183 1932 1229 ante
1959 1176 2065 1231 alia

492 1247 672 1301 omnia
710 1253 994 1308 nominum
1028 1256 1395 1314 differentiam
1427 1273 1906 1331 cognoscere,tum
1929 1282 2066 1335 pra:-

429 1337 432 1341 ’
493 1343 644 1392 terea
693 1355 916 1397 causam
958 1346 1157 1402 divinae
1182 1350 1595 1407 incarnationis.
1651 1353 1746 1410 His
1781 1357 1928 1411 enim
1973 1358 2061 1411 di-

492 1426 710 1482 stinctis
753 1441 916 1500 atque
949 1439 1242 1507 perceptis,
1297 1443 1446 1495 nulla
1495 1443 1561 1498 de
1600 1446 1852 1513 passione
1885 1449 2060 1502 ambi-

491 1517 670 1586 guitas
707 1523 1068 1592 relinquetur.
1100 1528 1207 1584 Eos
1236 1547 1366 1602 ergo
1397 1535 1490 1601 qui
1522 1536 1899 1591 contradicere
1942 1549 2060 1593 stu-

491 1607 622 1660 dent
675 1612 1075 1682 interrogemus
1129 1621 1322 1688 prius,
1373 1640 1621 1692 quaenam
1685 1627 2059 1686 incarnatione

490 1699 796 1767 antiquiora
829 1705 1093 1775 unigeniti
1125 1709 1247 1764 Filii
1285 1713 1380 1767 Dei
1407 1715 1516 1769 sint
1542 1716 1782 1777 nomina.
1808 1735 2058 1787 quamam

489 1792 836 1856 recentiora,
887 1797 971 1849 vel
1034 1814 1158 1851 cum
1224 1800 1342 1870 ipso
1397 1807 1579 1873 potius
1633 1807 2058 1877 dispensationis

2178 633 2288 702 γὰρ
2333 635 2478 704 ἡμᾶς
2523 639 2835 702 ἐπέστειλας
2866 641 3008 712 άπερ
3039 643 3144 712 χρὴ
3183 650 3312 715 περὶ
3350 647 3447 700 τοῦ
3483 651 3758 720 σωτηρίου

2177 725 2382 788 πάθους
2439 728 2532 780 καὶ
2585 733 2802 798 φρονεῖν
2860 733 2954 784 καὶ
3004 734 3316 804 κηρύττειν.
3361 739 3500 805 Ἐγὼ
3546 741 3605 793 δὲ
3653 744 3759 812 τὴν

2176 815 2392 882 αἴτησιν
2421 817 2719 882 ἀσπαστῶς
2753 821 3039 892 ἐδεξάμην,
3076 827 3170 878 κα)⁵
3201 827 3236 880 ἃ
3284 828 3435 899 παρὰ
3469 831 3569 899 τῆς
3603 831 3760 896 θείας

2174 904 2457 976 ἐδιδάχθην
2479 909 2722 980 Γραφῆς,
2755 914 2847 965 καὶ
2871 916 3023 985 παρά
3045 916 3155 969 τῶν
3183 915 3387 989 ταύτην
3414 923 3758 991 έρμηνευκό-

2171 1010 2280 1045 των
2311 996 2588 1066 Πατέρων,
2629 1001 2927 1070 προθύμως
2971 1005 3101 1071 ἐρῶ,
3135 1006 3233 1076 οὐχ
3263 1007 3350 1059 ἵνα
3375 1007 3589 1081 διδάξω,
3634 1009 3754 1063 ἀλλ’

2175 1084 2263 1138 ἵνα
2300 1085 2400 1156 τὴν
2437 1087 2514 1157 τῷ
2539 1089 2660 1158 Θεῷ
2687 1091 2846 1160 φίλην
2879 1093 3180 1165 ὑπομνήσω
3215 1097 3473 1165 κεφαλήν.

2248 1176 2385 1228 ’Ἱσθι
2411 1179 2608 1245 τοίνυν,
2631 1181 3031 1250 θεοφιλέστατε,
3066 1186 3143 1247 ὡς
3173 1187 3277 1257 χρὴ
3309 1188 3414 1257 πρὸ
3437 1188 3750 1245 τῶνᾶλλων

2172 1269 2428 1324 ἁπάντων
2465 1273 2664 1326 είδέναι
2697 1276 2794 1344 τὴν
2835 1275 2942 1328 τῶν
2985 1276 3268 1346 ὀνομάτων
3319 1279 3607 1350 διαφορὰν,
3653 1285 3747 1334 καὶ

2170 1362 2305 1431 πρὸς
2334 1362 2510 1434 τούτῳ
2559 1365 2658 1434 τῆς
2697 1365 2846 1429 θείας
2889 1367 3354 1441 ὲνανθρωπήσεως
3399 1372 3497 1439 τὴν
3543 1373 3741 1426 αἰτίαν.

2169 1452 2386 1505 Τούτων
2419 1454 2528 1525 γὰρ
2557 1455 2824 1524 εὐκρινῶν
2855 1460 3164 1528 γενομένων
3188 1500 3201 1522 ,
3239 1461 3466 1529 οὐδεμία
3495 1462 3622 1531 περὶ
3649 1459 3744 1514 τοῦ

2169 1543 2373 1606 πάθους
2423 1544 2720 1612 ἀμφιϐολία
2773 1547 3284 1618 καταλειφθήσεται.
3345 1551 3552 1602 Οὐκοῦν
3617 1552 3748 1614 τοὺς

2167 1632 2466 1700 ἀντιλέγειν
2503 1634 2874 1704 πειρωμένους
2909 1637 3256 1707 ὲρωτήσομεν
3292 1639 3575 1708 πρότερον,
3620 1640 3749 1692 τίνα

2169 1723 2267 1792 μὲν
2294 1724 2394 1792 τῆς
2435 1725 2899 1796 ἐνανθρωπήσεως
2945 1728 3290 1798 πρεσϐύτερα
3317 1730 3424 1782 τῶν
3464 1730 3748 1800 ὀνομάτων

2165 1812 2258 1865 τοῦ
2294 1813 2610 1881 μονογενοῦς
2655 1815 2784 1868 Υἱοῦ
2813 1815 2903 1868 τοῦ
2942 1816 3100 1879 Θεοῦ,
3133 1819 3251 1871 τίνα
3284 1819 3340 1871 δὲ
3370 1815 3435 1872 αὖ
3476 1819 3744 1888 νεώτερα,

489 1897 654 1946 opere
701 1885 1011 1954 conjuncta.
1049 1889 1242 1944 Dicent
1281 1893 1361 1946 illi
1403 1911 1669 1964 prorsus,
1722 1899 1868 1967 quod
1917 1899 2052 1954 Deut

2165 1877 2362 1975 μᾶλλον
2401 1877 2456 1957 δέ
2489 1905 2566 1974 τῷ
2614 1907 2714 1975 τῆς
2763 1877 3097 1976 οἰκονομίας-
3130 1908 3276 1978 ἔργῳ
3313 1877 3742 1978 συνεζευγμένα.

495 1970 730 2038 νιννίηιηι,
764 1983 819 2028 et
850 1979 1146 2048 unigenitus
1175 1981 1358 2048 Filius,
1385 1995 1441 2039 et
1473 1985 1812 2058 Omnipotens
1831 2031 1843 2055 ,
1875 1999 1928 2046 et
1954 1991 2061 2046 Do-

488 2063 658 2114 minus
710 2066 964 2120 universa:
1003 2079 1264 2125 creatura:
1312 2074 1522 2144 1215
1565 2077 1880 2146 antiquiora
1923 2081 2054 2134 sint.

486 2150 640 2205 Jesus
678 2170 808 2209 vero
853 2155 1120 2223 Christus,
1169 2161 1562 2220 incarnationis
1607 2169 1848 2236 propria.
1886 2170 2059 2226 llomo

485 2245 632 2296 enim
678 2245 852 2299 lactus
883 2247 1026 2302 Deus
1062 2251 1322 2318 Verbum,
1380 2256 1694 2325 unigenitus
1734 2259 1904 2314 Filius
1937 2261 2055 2326 Dei,

485 2335 644 2388 Jesus
664 2335 916 2393 Christus
944 2342 1257 2398 nominatus
1288 2355 1371 2400 est
1401 2363 1412 2399 :
1448 2367 1465 2397 ι
1487 2347 1646 2415 Ecce,
1674 2349 1872 2419 inquit,
1896 2360 2058 2406 natus

483 2437 569 2480 est
602 2428 759 2482 vobis
788 2430 952 2485 hodie
987 2432 1240 2488 Christus
1270 2436 1535 2493 Dominus
1567 2438 1632 2492 ⁸⁸.
1675 2460 1692 2490 ι
1740 2441 1876 2506 Quia
1900 2458 2055 2495 nam-

488 2533 595 2584 que
622 2518 812 2574 Christi
837 2521 1001 2575 etiam
1027 2523 1118 2576 alii
1152 2526 1407 2593 appellati
1431 2527 1674 2594 fuerunt,
1711 2539 1767 2584 et
1797 2531 2054 2584 sacerdo-

485 2618 584 2671 tes,
635 2619 690 2664 et
734 2622 989 2682 rcges,et
1024 2617 1328 2685 proplictm,
1368 2635 1435 2673 ne
1471 2621 1594 2689 quis
1641 2637 1766 2674 eum
1819 2621 2054 2677 similem

484 2701 590 2754 iilis
633 2703 989 2769 existimaret,
1049 2709 1451 2778 conjunxerunt
1491 2711 1824 2780 angelicum
1851 2712 2054 2768 Christi

483 2793 748 2848 vocabulo
774 2812 972 2850 nomen
1004 2798 1236 2865 Domini,
1283 2801 1701 2857 dominatricem
1729 2805 1842 2857 nati
1874 2805 2055 2875 digni-

482 2885 647 2936 tzflem
709 2883 1035 2941 indicantes.
1074 2889 1142 2942 Et
1171 2891 1321 2944 omni
1356 2891 1519 2946 laude
1551 2894 1913 2963 praedicanda:
1938 2898 2058 2950 Vir-

480 2973 593 3043 gini
619 2974 841 3031 Gabriel
885 2978 1122 3033 iterum:
1158 3001 1174 3032 ‹
1209 2982 1351 3038 Ecce
1387 2986 1668 3055 concipies
1703 2987 1757 3041 in
1794 2996 1970 3053 utero,
1999 2997 2056 3044 et

481 3067 661 3134 paries
687 3067 882 3135 lilium,
921 3079 976 3125 et
1014 3073 1235 3129 vocabis
1267 3090 1468 3130 nomen
1516 3078 1635 3148 ejus
1667 3077 1876 3144 Jesum,
1910 3096 2052 3149 quo-

480 3158 628 3212 niam
663 3159 780 3229 ipse
813 3163 1021 3217 salvum
1067 3163 1228 3220 faciet
1252 3167 1515 3244 populum
1562 3184 1722 3223 suum
1757 3185 1786 3224 a
1815 3172 2054 3240 peccatis

479 3263 671 3302 eorum
698 3247 764 3302 ⁸⁷.
799 3269 818 3302 ι
855 3251 997 3307 Ante
1049 3254 1485 3312 incarnationem
1513 3275 1648 3313 vero
1688 3276 1866 3330 neque
1895 3262 2054 3318 Chri-

479 3350 619 3405 stus,
639 3357 816 3411 neque
847 3343 1006 3398 Jesus
1032 3347 1352 3402 vocabatur.
1381 3349 1558 3404 Divini
1583 3353 1732 3405 enim
1773 3355 2054 3423 propheta:

479 3445 601 3498 qua:
648 3430 834 3488 futura
886 3445 1044 3489 erant
1092 3438 1455 3496 vaticinantes
1504 3443 1735 3497 vocibus
1767 3445 1851 3499 usi
1900 3454 2048 3512 sunt,

478 3524 940 3592 quemadmodum
968 3539 1023 3582 et
1050 3529 1118 3585 de
1145 3533 1452 3599 nativitate,
1486 3543 1542 3588 et
1571 3535 1639 3590 de
1667 3552 1852 3604 cruce,
1885 3547 1942 3594 et
1983 3541 2051 3596 de

477 3615 749 3684 passione,
790 3633 914 3673 cum
941 3636 1029 3675 res
1079 3620 1236 3677 factae
1273 3625 1518 3679 nondum
1549 3635 1753 3693 essent,
1789 3631 2053 3698 praedixe-

478 3713 626 3759 runt.
655 3707 978 3776 Appellatur
1010 3717 1191 3766 tamen
1231 3713 1397 3767 etiam
1436 3724 1561 3784 post
1613 3718 2049 3778 incarnationem

477 3802 534 3846 et
566 3793 712 3849 Deus
740 3797 1003 3864 Verbum,
1047 3808 1102 3853 et
1161 3801 1450 3870 Dominus,
1501 3811 1558 3859 et
1583 3804 1966 3878 Omnipotens,
1993 3819 2050 3867 et

479 3885 793 3955 unigenitus
842 3888 1034 3954 Filius,
1087 3901 1145 3945 et
1176 3891 1390 3959 Factor,
1450 3905 1506 3951 et
1557 3895 1803 3953 Creator.
1859 3901 2047 3972 Neque

475 3976 623 4029 enim
659 3988 902 4033 mutatus
946 3978 1123 4036 factus
1155 3991 1242 4037 est
1272 3984 1460 4050 homo,
1499 3987 1600 4042 sed
1623 4004 1850 4046 manens
1899 3993 2047 4062 quod

474 4073 594 4117 erat
624 4067 918 4136 assumpsit
943 4071 1088 4138 quod
1121 4086 1331 4128 sumus.
1361 4083 1378 4097 '
1407 4076 1564 4143 Nam,
1588 4100 1606 4130 ι
1631 4095 1755 4134 cum
1782 4081 1839 4136 in
1869 4082 2046 4139 forma

474 4156 570 4210 Dei
594 4167 762 4220 esset,
804 4167 864 4212 ut
903 4161 983 4214 ait
1031 4161 1253 4220 divinus
1289 4165 1605 4238 Apostolus,
1640 4172 1872 4230 formam
1898 4178 2046 4232 servi

473 4249 687 4319 accepit
736 4249 806 4307 ⁸⁸.
885 4273 904 4305 ›
965 4253 1259 4326 Propterea
1315 4269 1440 4330 post
1495 4263 1930 4322 incarnationem
1979 4269 2048 4325 iis

471 4343 638 4396 etiam
683 4344 889 4414 quibus
923 4356 1051 4403 ante
1098 4350 1537 4408 incarnationem
1583 4357 2048 4425 appellationibus

471 4447 844 4506 nuncupatur,
893 4440 1023 4509 quia
1071 4442 1451 4500 invariabilem
1492 4447 1659 4501 habet
1699 4457 1948 4506 naturam
1991 4462 2047 4509 et

2173 1998 2329 2065 Ἐροῦ
2339 2015 2388 2049 σι
2407 1997 2462 2070 δὲ
2480 1998 2718 2061 πάντως,
2737 1998 2811 2060 ὡς
2829 1999 2886 2050 τὸ
2905 1998 3048 2063 Θεὸς
3068 2000 3278 2066 Λόγος,
3294 2000 3386 2052 καὶ
3407 1999 3745 2067 μονογενὴς

2161 2087 2314 2152 Υἱὸς,
2353 2087 2447 2140 καὶ
2481 2087 2931 2156 Παντοκράτωρ,
2968 2091 3062 2142 καὶ
3089 2088 3306 2157 Κύριος
3334 2089 3446 2158 τῆς
3487 2091 3743 2156 κτίσεως

2159 2178 2424 2244 ἀπάσης,
2454 2180 2570 2232 ἐστὶ
2600 2180 2975 2252 πρεσϐύτερα’
3002 2181 3062 2234 τὸ
3084 2182 3139 2234 δὲ
3180 2181 3419 2248 Ἰησοῦς
3448 2182 3737 2249 Χριστὸς,

2158 2268 2257 2337 τῆς
2280 2269 2753 2340 ὲνανθρωπήσεως
2777 2270 2904 2323 ἴδια.
2941 2270 3398 2343 Ἐνανθρωπήσας
3425 2270 3532 2341 γὰρ
3550 2273 3577 2323 ό
3605 2271 3742 2333 Θεὸς

2158 2360 2350 2427 Λόγος,
2383 2361 2409 2411 ὁ
2449 2359 2742 2431 μονογενὴς
2777 2361 2904 2424 Υἱὸς
2941 2360 3033 2414 τοῦ
3075 2362 3232 2426 Θεοῦ,
3277 2363 3480 2433 Ἰησοῦς
3504 2362 3739 2432 Χριστὸς

2158 2451 2474 2520 ὠνομάσθη·
2511 2471 2527 2502 ι
2569 2452 2702 2504 Ἰδοὺ
2733 2451 2874 2522 γὰρ,
2902 2454 3066 2522 φησὶ,
3100 2454 3343 2507 τίκτεται
3381 2455 3510 2524 ὑμῖν
3560 2456 3737 2524 σήμε-

2160 2559 2252 2613 ρον
2278 2541 2512 2612 Χριστὸς
2543 2541 2764 2611 Κύριος.
2809 2561 2828 2594 ι
2870 2543 3086 2615 Ἐπειδὴ
3111 2544 3219 2615 γὰρ
3241 2546 3449 2616 χριστοὶ
3479 2547 3567 2598 καὶ
3585 2544 3736 2598 ἄλλοι

2157 2630 2698 2702 προσηγορεύθησαν,
2727 2633 2822 2687 καλ⁷
2857 2638 3042 2707 ἱερεῖς,
3071 2637 3163 2689 καὶ
3191 2635 3446 2706 βασιλεῖς,
3480 2637 3573 2690 καὶ
3597 2654 3734 2707 προ-

2158 2725 2346 2795 φῆται,
2381 2724 2468 2777 ἵνα
2507 2725 2580 2794 μή
2625 2743 2708 2787 τις
2763 2727 2922 2779 αὑτὸν
2977 2727 3235 2780 ὑπολάϐοι
3279 2727 3508 2790 ἐκείνοις
3559 2745 3735 2797 προσ-

2157 2816 2362 2884 όμοιον,
2399 2813 2723 2880 συνέζευξαν
2760 2817 2807 2868 oi
2845 2816 3064 2884 ἄγγελοι
3115 2817 3177 2870 τὸ
3215 2818 3430 2885 Κύριος
3460 2817 3626 2886 ὄνομα
3653 2817 3736 2885 τῷ

2155 2906 2398 2977 Χριστῷ,
2427 2906 2486 2958 τὸ
2525 2908 2851 2961 Δεσποτικὸν
2887 2907 3102 2978 ἀξίωμα
3137 2909 3230 2962 τοῦ
3261 2910 3580 2980 τικτομένου
3615 2910 3724 2962 δει-

2157 3000 2401 3063 κνύντες.
2435 3001 2544 3053 Καὶ
2581 3003 2646 3070 τῇ
2694 3002 3038 3071 πανευφήμῳ
3083 3001 3136 3054 δὲ
3190 3001 3450 3072 Παρθένῳ
3497 3001 3659 3054 πάλιν
3703 3002 3734 3053 ὁ

2155 3091 2412 3162 Γαϐριήλ·
2451 3109 2470 3143 ι
2524 3091 2654 3144 Ἰδοὺ
2689 3092 2752 3143 σὺ
2787 3092 2842 3144 ὲν
2871 3092 3068 3162 γαστρὶ
3093 3093 3254 3158 ἕξεις,
3289 3093 3384 3145 καὶ⁸
3421 3092 3551 3164 τέξῃ
3589 3091 3728 3155 υἱὸν,

2158 3183 2254 3236 καὶ
2284 3182 2533 3244 καλέσεις
2553 3182 2616 3235 τὸ
2641 3183 2813 3252 ὄνομα
2848 3183 3014 3235 αὐτοῦ
3060 3183 3286 3252 Ἰησοῦν,
3319 3184 3397 3236 ὅτι
3424 3183 3583 3244 αὐτὸς
3617 3181 3731 3233 σώ-

2159 3293 2238 3328 σει
2274 3275 2364 3327 τδν
2391 3274 2518 3327 λαὸν
2540 3273 2701 3327 αὑτοῦ
2737 3275 2845 3327 ἀπὸ
2874 3274 2978 3327 τῶν
3001 3274 3285 3344 ἁμαρτιῶν
3318 3273 3513 3328 αὐτῶν.
3559 3293 3576 3324 ι
3609 3273 3730 3344 Πρὸ

2154 3367 2211 3419 δέ
2253 3382 2316 3434 γε
2345 3365 2447 3434 τῆς
2474 3364 2956 3435 ὲνανθρωπήσεως,
2993 3363 3116 3417 οὔτε
3159 3363 3410 3434 Χριστὸς,
3445 3363 3568 3418 οὔτε
3623 3363 3732 3432 Ἰη-

2156 3455 2283 3518 σοῦς
2320 3453 2654 3523 ὠνομάζετο.
2689 3455 2797 3506 Καὶ
2825 3454 2933 3524 γὰρ
2965 3454 3014 3506 οἱ
3049 3453 3181 3505 θεῖοι
3214 3452 3483 3523 προφῆται
3504 3451 3571 3505 τά
3602 3449 3728 3502 ἐσό-

2155 3563 2292 3616 μενα
2321 3544 2774 3616 προθεσπίζοντες
2809 3545 3109 3615 ἐχρήσαντο
3134 3547 3254 3606 ταῖς
3281 3546 3504 3612 φωναῖς,
3534 3542 3731 3611 ὥσπερ

2151 3637 2246 3688 καὶ
2291 3634 2361 3687 τά
2399 3636 2524 3706 περὶ
2553 3636 2651 3705 τῆς
2677 3636 3002 3705 γεννήσεως,
3051 3635 3143 3687 καί¹
3185 3633 3278 3686 τοῦ
3325 3631 3582 3704 σταυροῦ,
3631 3633 3730 3685 καὶ

2149 3725 2242 3779 τοῦ
2278 3724 2482 3788 πάθους
2511 3726 2938 3796 προηγόρευσαν,
2981 3725 3202 3795 μηδέπω
3244 3725 3354 3778 τῶν
3382 3725 3731 3794 πραγμάτων

2149 3816 2552 3887 γεγενημένων.
2599 3816 2858 3870 Καλεῖται
2887 3817 2943 3870 δὲ
2973 3819 3120 3888 ὅμως
3147 3817 3241 3870 καὶ
3281 3816 3417 3888 μετὰ
3447 3818 3545 3889 τὴν
3573 3819 3731 3870 ὲνανα

2150 3907 2431 3979 θρώπησιν
2464 3909 2557 3961 καὶ
2583 3907 2712 3970 Θεὸς
2743 3909 2932 3975 Λόγος,
2969 3910 3063 3962 καὶ
3101 3907 3323 3980 Κύριος,
3377 3910 3472 3962 καὶ
3519 3910 3730 3962 Παντο-

2150 4001 2390 4072 κράτωρ,
2431 3999 2522 4054 καὶ
2559 3999 2852 4071 μονογενὴς
2882 3999 3027 4065 Υἱὸς,
3075 4001 3168 4054 καὶ
3195 4001 3453 4071 Ποιητής,
3488 4001 3585 4053 καὶ
3619 4002 3730 4070 Δη-

2153 4091 2432 4162 μιουργός.
2476 4091 2549 4143 Οὺ
2580 4089 2688 4160 γὰρ
2720 4089 2950 4160 τραπεὶς
2993 4089 3217 4158 γέγονεν
3252 4090 3557 4160 ἄνθρωπος,
3589 4089 3732 4142 ἀλλὰ

2150 4182 2326 4252 μένων
2354 4182 2489 4251 ὅπερ
2513 4176 2580 4250 ἦν
2610 4180 2800 4234 ἐλαϐεν
2825 4181 2962 4252 ὅπερ
2989 4182 3177 4250 ὲσμέν.
3216 4201 3234 4232 ι
3281 4182 3368 4234 Ἐν
3404 4184 3582 4252 μορφῇ
3615 4181 3730 4252 γὰρ

2147 4272 2280 4325 Θεοῦ
2334 4271 2615 4342 ὑπάρχων,
2667 4271 2805 4325 κατὰ
2849 4272 2938 4324 τὸν
2977 4271 3119 4325 θεῖον
3177 4271 3515 4338 ’Λπόστολον,
3564 4271 3728 4326 ἔλαϐε

2145 4363 2244 4434 τὴν
2274 4363 2368 4416 τοῦ
2406 4363 2590 4416 δούλου
2625 4364 2857 4434 μορφήν.
2898 4382 2916 4414 ι
2943 4362 3144 4416 Τούτου
3170 4363 3234 4435 δὴ
3258 4364 3438 4434 χάριν,
3464 4364 3559 4416 καὶ
3586 4364 3728 4434 μετὰ

2146 4454 2242 4525 τὴν
2273 4453 2704 4523 ὲνανθρώπησιν,
2740 4453 2836 4506 καὶ
2869 4455 2990 4514 ταῖς
3013 4452 3118 4524 πρὸ
3138 4451 3235 4523 τῆς
3253 4452 3727 4524 ὲνανθρωπήσεως

471 4526 890 4584 immutabilem.
935 4531 1253 4589 Passionem
1301 4537 1527 4605 quidem
1566 4554 1835 4594 enarrans
1865 4543 2048 4599 divina

2156 4546 2475 4616 ὀνομάζεται
2528 4545 2782 4615 κλήσεσιν
2807 4587 2820 4608 ,
2875 4544 3173 4616 ἐπειδήπερ
3217 4543 3575 4597 ἀναλλοίωτον
3607 4543 3726 4614 ἔχει

471 4619 756 4689 Scriptura
788 4621 886 4676 Dei
910 4639 1112 4679 nomen
1161 4641 1433 4695 nusquam
1473 4631 1760 4698 apposuit;
1785 4636 2044 4702 quoniam

469 4711 738 4780 simplicis
763 4723 974 4769 natura:
1005 4731 1209 4771 nomen
1239 4725 1343 4772 est.
1376 4719 1548 4775 Nemo
1584 4723 1754 4789 enim,
1783 4741 1907 4779 cum
1949 4744 2048 4782 au-

470 4803 679 4857 dierit:
741 4824 760 4856 ι
818 4806 878 4860 In
921 4808 1194 4878 principio
1258 4820 1376 4865 erat
1403 4813 1664 4877 Verbum,
1697 4826 1753 4870 et
1805 4819 2042 4873 Verbum

467 4904 588 4948 erat
619 4895 764 4964 apud
784 4897 1050 4958 Deum.et
1085 4900 1228 4954 Deus
1269 4911 1389 4956 erat
1421 4903 1658 4959 Verbum
1695 4906 1760 4969 ³³,
1789 4927 1805 4956 ι
1839 4919 1894 4961 et
1921 4925 2043 4976 qua:

473 4987 688 5056 1216
729 4987 1046 5057 hujusmodi
1087 4998 1216 5044 sunt
1266 4993 1394 5058 alia,
1423 5010 1643 5050 carnem
1679 4997 1883 5050 dixerit
1914 5009 2042 5052 ante

469 5078 669 5130 succida
711 5077 904 5143 fuisse,
932 5089 1027 5134 aut
1058 5083 1584 5141 consubstantialem
1627 5103 1748 5141 esse
1782 5088 1893 5141 Deo
1924 5089 2046 5142 tini-

467 5181 775 5230 versorum,
816 5176 910 5222 aut
937 5181 1214 5228 creaturas
1238 5175 1582 5242 condidisse;
1615 5177 1712 5230 sed
1738 5176 2044 5232 divinitatis

469 5272 584 5310 nare
602 5257 828 5327 propria
844 5275 964 5314 esse
987 5260 1264 5334 intelligit.
1284 5265 1473 5335 Neque
1493 5281 1702 5329 rursus,
1726 5266 2039 5321 Matthaamn

467 5349 737 5418 quispiam
779 5366 900 5406 cum
941 5355 1313 5426 genealogiam
1365 5365 1729 5426 exponentem
1768 5358 2039 5421 audierit,

467 5441 726 5496 Davidem
767 5452 822 5497 et
855 5444 1229 5502 Abrahamum
1275 5447 1373 5502 Dei
1421 5447 1723 5502 secundum
1784 5458 2038 5504 naturam

467 5531 845 5599 progenitores
886 5535 1167 5590 existimet
1219 5553 1231 5588 :
1285 5536 1353 5590 ab
1394 5537 1503 5592 illis
1548 5537 1695 5592 enim
1757 5550 2035 5608 assumpta

467 5625 660 5672 natura
687 5620 1000 5676 deducitur.

2149 4636 2246 4707 τὴν
2295 4637 2452 4704 φύσιν
2484 4637 2578 4690 καὶ
2625 4636 2914 4706 ἄτρεπτον.
2952 4635 3025 4688 Τὸ
3067 4637 3249 4706 μέντοι
3297 4635 3468 4700 πάθος
3512 4638 3544 4706 ἡ
3600 4635 3727 4690 θεία

2149 4727 2478 4798 διηγουμένη
2505 4725 2715 4798 Γραφὴ,
2750 4725 2984 4796 οὐδαμοῦ
3007 4725 3066 4778 τὸ
3095 4725 3240 4793 Θεὸς
3260 4725 3502 4780 τέθεικεν
3528 4727 3726 4796 ὄνομα,

2103 4865 2108 4870 .
2149 4817 2332 4887 ἐπειδὴ
2373 4819 2471 4887 τῆς
2513 4818 2690 4885 ἁπλῆς
2727 4819 2842 4869 ἐστι
2893 4817 3108 4886 φύσεως
3149 4817 3342 4887 ὃνομα.
3385 4818 3571 4880 Οὐδεὶς
3609 4819 3724 4888 γὰρ

2148 4910 2400 4972 ἀκούσας·
2445 4929 2462 4960 ι
2511 4909 2602 4960 Ἑν
2637 4909 2776 4978 ἀρχῇ
2823 4905 2889 4978 ἦν
2922 4911 2948 4961 ὁ
2994 4909 3184 4976 Λόγος,
3229 4909 3322 4962 καὶ
3369 4911 3398 4960 ὁ
3449 4908 3620 4976 Λόγος
3653 4905 3728 4978 ἦν

2148 4995 2282 5064 πρὸς
2310 4995 2400 5046 τὸν
2425 4995 2576 5057 Θεὸν,
2610 4997 2702 5047 καὶ
2730 4996 2860 5058 Θεὸς
2885 4993 2952 5066 ἦν
2986 4998 3014 5048 ὁ
3060 4997 3250 5064 Λόγος,
3287 5015 3304 5048 ι
3351 4998 3445 5050 καὶ
3473 5000 3574 5050 ὅσα
3605 4999 3724 5050 τούς

2146 5103 2257 5149 τοις
2284 5087 2602 5157 προσόμοια,
2641 5089 2739 5156 τὴν
2771 5089 2952 5157 σάρκα
2988 5089 3122 5173 φαίη
3151 5089 3216 5140 ἂν
3241 5088 3347 5157 πρὸ
3373 5087 3479 5140 τῶν
3509 5087 3724 5140 αἰώνων

2146 5176 2431 5244 ὑπάρχειν,
2475 5177 2820 5245 ἣόμοουσίαν
2857 5173 2997 5231 εἶναι
3051 5177 3128 5248 τῷ
3181 5179 3288 5230 τῶν
3330 5179 3467 5230 ὅλων
3509 5178 3646 5247 Θεῷ,
3686 5181 3723 5250 ἢ

2143 5265 2472 5334 δημιουργὸν
2502 5269 2779 5334 γεγονέναι
2834 5269 2931 5340 τῆς
2981 5270 3230 5333 κτίσεως·
3287 5271 3398 5322 ἀλλ’
3447 5267 3586 5323 οἶδεν
3637 5273 3726 5325 ὅτι

2144 5357 2316 5409 ταῦτα
2365 5360 2462 5428 τῆς
2511 5358 2765 5426 θεότητος
2811 5361 2937 5416 ἴδια.
2995 5359 3132 5414 Οὕτε
3163 5361 3269 5431 μὴν
3303 5361 3396 5413 τοῦ
3438 5362 3722 5415 Ματθαίου

2145 5462 2228 5507 τις
2265 5431 2726 5514 ’γενεαλογοῦντος
2782 5449 3053 5515 ἀκούσας,
3111 5451 3203 5503 τὸν
3266 5450 3429 5503 Δαδὶδ
3476 5452 3572 5504 καὶ
3625 5452 3721 5504 τὸν

2159 5537 2409 5606 Ἀϐραὰμ
2441 5537 2579 5589 κατὰ
2617 5538 2778 5606 φύσιν
2806 5540 2872 5592 ἂν
2901 5540 3162 5594 ὑπολάϐοι
3200 5541 3293 5594 τοῦ
3340 5543 3473 5594 Θεοῦ
3515 5543 3714 5612 προγό-

2146 5644 2287 5690 νους·
2326 5631 2358 5697 ή
2391 5630 2496 5698 γὰρ
2536 5630 2943 5700 προσληφθεῖσα
2974 5630 3136 5700 φύσις
3202 5633 3262 5697 ἐξ
3310 5634 3533 5686 ἐκείνων
3585 5647 3715 5689 κατ-

2149 5719 2364 5786 ἁγεται.

545 5821 586 5851 ⁵⁵
621 5823 752 5880 Luc.
791 5842 847 5892 ιι,
887 5827 970 5882 12.
1050 5828 1091 5860 ⁵⁷
1122 5829 1252 5884 ibid.
1284 5831 1372 5887 5|.
1449 5833 1493 5865 ⁸⁸
1519 5834 1754 5904 Philipp.
1789 5852 1843 5902 ιι,
1881 5837 1930 5891 6.
2013 5837 2052 5868 ν

2156 5851 2237 5888 an.
2273 5851 2310 5902 ι,
2350 5834 2395 5888 l.
