4072 6428
274 360 349 427 13
363 360 432 424 45

1611 350 1974 411 EPISTULA
2013 347 2232 409 CXXX.

3407 353 3546 418 1346

356 482 575 549 ’Ὠσπερ
618 475 796 530 τοίνυν
847 472 1068 545 εὐκρινῆ
1121 469 1296 524 ταῦτα
1345 471 1438 523 καὶ
1489 468 1863 538 ἀναμφίλεκτα

2041 467 2509 532 Quemadmodum
2539 482 2668 538 ergo
2693 469 2973 538 explorata
3007 478 3134 524 sunt
3177 469 3282 525 ista
3313 479 3368 525 et
3392 483 3545 527 extra

268 573 382 627 καὶ
405 572 520 634 τοῖς
558 578 696 636 ἀγαν
720 568 1035 637 αἱρετικοῖς,
1067 563 1163 617 καὶ
1197 563 1354 632 ἴσμεν
1381 561 1478 631 τὴν
1500 559 1597 630 μὲν
1625 558 1864 628 προαιώ-

266 680 422 725 νιον,
463 661 562 728 τὴν
599 659 655 712 δὲ
680 658 990 729 πρόσφατον
1030 654 1212 724 φύσιν·
1245 654 1416 716 οῦτως
1451 651 1650 704 εἰδέναι
1670 650 1775 722 χρὴ
1807 651 1867 704 τό

265 772 338 807 τε
365 753 470 821 τῆς
497 751 697 821 σαρκὸς
732 748 992 820 παθητὸν,
1023 748 1118 800 καὶ
1145 747 1206 798 τὸ
1235 746 1331 814 τῆς
1357 744 1608 816 θεότητος
1637 741 1864 809 ἀπαθὲς,

265 843 336 894 οὐ
371 837 720 909 διαιροῦντας
746 835 846 907 τὴν
879 835 1093 897 ἕνωσιν,
1125 833 1246 885 οὐδὲ
1291 835 1369 894 είς
1414 831 1506 884 δύο
1546 830 1866 902 μερίζοντας

267 931 560 998 πρόσωπα
591 929 681 982 τὸν
727 925 1032 994 Μονογενῆ,
1065 923 1180 976 ἀλλ’
1215 924 1272 975 ὲν
1315 923 1391 994 τῷ
1417 924 1496 976 ἑνὶ
1527 921 1866 994 θεωροῦντας

267 1020 407 1090 Υἱῴ
436 1020 506 1072 τά
530 1019 636 1072 τῶν
664 1017 880 1088 φύσεων
920 1017 1047 1069 ἴδια.
1069 1016 1137 1067 Et
1164 1016 1274 1085 γὰρ
1307 1015 1401 1067 ἐπὶ
1429 1015 1605 1084 ψυχῆς
1639 1013 1732 1066 καὶ
1762 1012 1860 1064 σώο

271 1130 502 1183 ματος,
541 1110 650 1164 τῶν
692 1107 1004 1180 όμοχρόνων
1061 1107 1277 1176 φύσεων
1325 1107 1420 1160 καὶ
1452 1105 1696 1176 φυσικῶς
1725 1107 1866 1176 ἡνω-

269 1205 494 1273 μένων,
533 1201 692 1254 τοῦτο
727 1203 900 1254 ποιεῖν
938 1197 1233 1270 εἰώθαμεν,
1258 1200 1352 1251 καὶ
1401 1201 1501 1270 τὴν
1541 1199 1638 1268 μὲν
1688 1199 1866 1268 ψυχὴν

265 1293 563 1362 καλοῦμεν
612 1291 808 1361 ἁπλῆν,
857 1292 952 1342 καὶ
1000 1289 1244 1359 λογικὴν,
1281 1289 1374 1341 καὶ
1400 1288 1684 1352 ἀθάνατον,
1722 1289 1781 1340 τὸ
1809 1289 1866 1340 δὲ

267 1385 454 1454 σῶμα
490 1382 740 1436 σύνθετον
777 1380 1138 1450 ὀνομάζομεν,
1171 1380 1264 1432 καὶ
1294 1379 1555 1449 παθητὸν,
1605 1379 1701 1431 καὶ
1738 1378 1867 1449 θνη-

262 1476 401 1539 τὸν,
461 1475 553 1527 καὶ
602 1474 700 1543 τὴν
737 1473 929 1526 ἕνωσιν
983 1473 1042 1524 ού
1096 1469 1435 1541 διαιροῦμεν,
1467 1470 1587 1524 οὐδὲ
1615 1470 1737 1540 διχῆ
1770 1469 1866 1522 ἕνα

265 1567 338 1620 τὲ
350 1584 558 1637 μνομεν
580 1565 886 1636 ἄνθρωπον·
911 1561 1090 1632 πολλῷ
1117 1561 1316 1632 μᾶλλον
1349 1563 1440 1614 ἐπὶ
1469 1565 1565 1632 τῆς
1598 1564 1702 1632 πρὸ
1735 1561 1867 1616 αἰώ-

265 1675 396 1711 νων
434 1657 502 1710 ὲκ
544 1655 638 1709 τοῦ
675 1655 885 1725 Πατρὸς
918 1654 1270 1724 γεννηθείσης
1308 1653 1594 1726 θεότητος,
1628 1656 1723 1708 καὶ
1767 1655 1864 1725 τῆς

266 1745 585 1817 ληφθείσης
632 1747 696 1798 ὲκ
732 1744 1044 1814 σπέρματος
1093 1741 1187 1796 τοῦ
1227 1744 1391 1797 Δαόὶδ
1447 1744 1864 1816 ἀνθρωπότητος

1977 559 2401 614 controversiam
2431 562 2514 615 vel
2541 561 2682 631 apud
2713 565 2953 617 acriores
2975 563 3283 631 hazreticos,
3318 564 3548 620 scimus-

1976 666 2084 720 que
2113 657 2368 704 naturam
2390 652 2618 705 alteram
2657 653 2872 708 saeculis
2913 655 3271 719 anteriorem,
3316 656 3544 708 alteram

1975 750 2252 795 recentem
2285 752 2342 796 et
2372 759 2568 796 novam
2596 761 2610 796 :
2644 744 2718 798 ita
2741 760 2901 799 nosse
2934 755 3150 815 oportet
3170 761 3390 800 carnem
3419 745 3545 816 qui-

1975 833 2099 887 dem
2125 835 2461 903 passibilem,
2481 835 2823 890 divinitatem
2846 853 2977 892 vero
2995 837 3410 906 impassibilem,
3434 852 3544 890 non

1975 926 2234 980 unionem
2267 927 2598 993 dividentes,
2633 944 2809 998 neque
2850 929 2903 982 in
2943 930 3079 983 duas
3109 945 3371 999 personas
3406 930 3540 986 Uni-

1973 1015 2216 1084 genitum
2272 1017 2596 1085 partientes,
2636 1018 2730 1072 sed
2769 1019 2823 1072 in
2870 1035 2978 1072 uno
3006 1020 3142 1073 Filio
3171 1036 3291 1090 qua:
3319 1030 3542 1074 natura-

1973 1121 2094 1158 rum
2119 1113 2247 1159 sunt
2280 1108 2503 1176 propria
2541 1111 2992 1179 contemplantes.
3028 1111 3242 1164 Etenim
3269 1112 3312 1165 si
3340 1112 3392 1164 in
3419 1112 3540 1165 ani-

1974 1211 2060 1249 ma
2083 1203 2137 1249 et
2163 1212 2415 1266 corpore,
2451 1215 2571 1268 qua:
2597 1209 2807 1255 naturae
2839 1211 2968 1256 sunt
3005 1202 3242 1271 aequales
3273 1209 3538 1271 tempore,

1972 1287 2406 1358 naturalitcrque
2452 1292 2777 1360 conjuncta,
2811 1292 2918 1348 hoc
2965 1293 3142 1347 facere
3185 1293 3441 1357 solemus,
3488 1304 3546 1348 et

1973 1377 2211 1432 animam
2248 1381 2471 1449 quidem
2502 1382 2737 1439 dicimus
2765 1385 3091 1454 simplicem,
3112 1392 3168 1439 et
3199 1384 3543 1447 rationalem,

1973 1477 2028 1523 et
2048 1470 2435 1538 immortalem,
2471 1482 2528 1527 et
2572 1475 2926 1540 invisibilem,
2958 1492 3158 1546 corpus
3187 1491 3318 1530 vero
3354 1476 3538 1546 appel~

1973 1561 2152 1618 lamus
2201 1565 2590 1634 compositum,
2643 1577 2698 1621 et
2739 1567 3021 1636 passibile,
3071 1577 3128 1623 et
3182 1569 3434 1632 mortale,
3490 1578 3547 1622 et

1974 1654 2234 1710 unionem
2265 1671 2376 1710 non
2405 1657 2699 1722 solvimus,
2735 1675 2837 1714 nec
2869 1659 3148 1715 hominem
3199 1675 3371 1714 unum
3398 1659 3543 1714 bifa-

1975 1745 2113 1799 riam
2163 1747 2504 1802 dividimus:
2551 1749 2726 1802 multo
2760 1751 2931 1821 magis
2970 1752 3028 1804 in
3076 1751 3384 1816 divinitate,
3419 1767 3544 1821 qua:

267 1836 449 1889 τοῦτο
487 1835 752 1906 προσήκει
795 1836 1000 1900 ποιεῖν,
1040 1835 1135 1887 καὶ
1181 1835 1368 1903 σαφῶς
1408 1836 1606 1889 εἰδέναι
1638 1837 1737 1906 τῆς
1769 1837 1863 1907 μὲν

1969 1854 2038 1894 ex
2071 1840 2232 1895 Patre
2270 1842 2453 1911 genita
2481 1852 2566 1897 est
2590 1853 2717 1897 ante
2758 1844 2973 1907 saecula,
2999 1855 3056 1899 et
3088 1845 3144 1897 in
3175 1845 3539 1906 humanitate,

271 1929 348 1981 τὸ
382 1926 600 1980 αίὼνιον
629 1927 723 1979 καὶ
758 1925 950 1990 ἀΐδιον,
994 1925 1199 1979 ἁπλοῦν
1242 1945 1298 1980 τε
1327 1929 1420 1980 καὶ
1458 1929 1863 2000 ἀπερίγραφον,

269 2019 556 2073 ἀθάνατον
593 2019 686 2070 καὶ
728 2017 1104 2084 ἀναλλοίωτον,
1139 2018 1239 2089 τῆς
1272 2020 1328 2072 δὲ
1363 2020 1421 2072 τὸ
1458 2021 1769 2091 πρόσφατόν
1809 2039 1867 2075 τε

271 2110 379 2163 καὶ
435 2109 718 2173 σύνθετον,
773 2109 866 2162 καὶ
919 2111 1452 2181 περιγεγραμμένον,
1496 2113 1589 2164 καὶ
1619 2113 1865 2182 ρευστὸν,

272 2204 381 2255 καὶ
420 2201 634 2270 θνητόν.
697 2201 759 2253 Et
815 2199 922 2271 γὰρ
970 2201 1064 2254 καὶ
1125 2201 1221 2272 τὴν
1254 2201 1432 2272 σάρκα
1480 2202 1575 2255 νῦν
1603 2203 1869 2258 ἀθάνατον

273 2293 469 2362 ἴσμεν,
510 2292 604 2344 καὶ
652 2291 947 2363 ἄφθαρτον,
989 2291 1105 2344 ἀλλ’
1141 2289 1233 2345 οὖν
1267 2293 1370 2363 πρὸ
1399 2294 1498 2360 τῆς
1519 2295 1870 2359 ἀναστάσεως

272 2385 380 2437 καὶ
424 2383 654 2435 Θανάτου
687 2383 780 2434 καὶ
821 2382 1027 2444 πάθους
1049 2377 1118 2453 ἦν
1147 2383 1388 2453 δεκτική·
1419 2382 1535 2446 πῶς
1562 2384 1668 2456 γὰρ
1695 2385 1868 2448 ἄλλως

274 2473 614 2546 προσηλὼθη
647 2474 724 2544 τῷ
760 2474 921 2544 ξύλῳ,
959 2475 1054 2528 καὶ
1084 2474 1356 2544 παρεδόθη
1389 2475 1466 2545 τῷ
1496 2477 1654 2546 τάφῳ
1677 2493 1692 2541 ;
1716 2477 1868 2530 Εἰδό-

276 2586 384 2629 τας
414 2567 470 2619 δὲ
513 2567 662 2636 ὅμως
697 2567 805 2619 τῶν
837 2565 1052 2634 φύσεων
1084 2566 1144 2618 τὸ
1180 2566 1459 2636 διάφορον,
1499 2567 1589 2620 τὸν
1629 2569 1724 2622 ἕνα
1761 2567 1866 2639 χρὴ

278 2662 621 2730 προσκυνεῖν
669 2659 818 2722 Υἱὸν,
867 2658 1082 2712 καὶτὸν
1136 2659 1296 2712 αὑτὸν
1339 2659 1536 2712 ειδέναι
1569 2661 1695 2713 Τίον
1729 2661 1864 2714 Θεοῦ

269 2753 381 2807 καὶ
428 2752 553 2804 Υίὸν
587 2751 898 2822 ἀνθρώπου,
943 2749 1157 2822 μορφὴν
1189 2751 1324 2804 Θεοῦ
1365 2753 1460 2805 καὶ
1495 2754 1708 2822 μορφὴν
1747 2751 1865 2805 δού-

269 2847 377 2898 λου
409 2885 424 2906 ,
477 2844 591 2896 υίὸν
641 2841 809 2896 Δαϐὶδ
863 2843 956 2896 καὶ
1009 2842 1212 2912 Κύριον
1235 2841 1330 2896 τοῦ
1382 2843 1585 2910 Δαϐιδ,
1645 2844 1866 2914 σπέρμα

292 2936 554 3006 Ἀϐραάμ
576 2935 670 2988 καὶ
699 2934 930 3006 ποιητὴν
964 2935 1234 3006 Ἀϐραάμ.
1277 2937 1342 2988 Ἢ
1365 2936 1472 3005 γὰρ
1497 2936 1691 2999 ἓνωσις
1713 2937 1866 2990 κοινά

280 3031 434 3082 ποιεῖ
459 3027 525 3080 τὰ
538 3027 798 3096 ὀνόματα,
819 3025 932 3078 ἀλλ’
960 3026 1018 3078 ού
1037 3028 1227 3096 συγχεῖ
1241 3026 1443 3091 ταύτας
1470 3029 1530 3080 τὸ
1552 3027 1660 3081 τῶν
1678 3027 1868 3097 ὀνομά-

278 3138 391 3172 των
425 3117 813 3186 κοινόν.Δῆλον
840 3116 946 3188 γάρ
973 3119 1086 3180 τοῖς
1119 3113 1180 3171 εῦ
1217 3107 1523 3188 φρονοῦσιν,
1545 3108 1636 3171 ’ὅτι
1666 3117 1734 3171 τὰ
1766 3119 1864 3188 μὲν

279 3210 359 3272 ὡς
394 3207 536 3277 Θεῷ,
578 3207 645 3260 τά
679 3207 733 3260 δὲ
766 3206 841 3268 ὼς
869 3204 1141 3277 ἀνθρώπῳ
1184 3209 1468 3277 προσήκει.
1497 3205 1652 3260 Οῦτω
1678 3207 1770 3259 καὶ
1803 3206 1864 3260 τὸ

278 3299 531 3368 παθητὸν
552 3299 645 3351 καὶ
669 3297 728 3350 τὸ
750 3296 956 3359 ἀπαθὲς
979 3297 1236 3368 ἁρμόττει
1258 3295 1335 3366 τῷ
1357 3297 1598 3368 Δεσπότῃ
1620 3296 1860 3368 Χριστῷ.

284 3389 529 3444 Πέπονθε
591 3390 688 3460 μὲν
743 3389 851 3460 γὰρ
904 3389 1044 3442 κατά
1087 3387 1146 3442 τὸ
1175 3388 1532 3459 ἀνθρώπειον,
1565 3388 1778 3458 ἀπαθὴς
1806 3387 1864 3440 δὲ

285 3484 606 3553 μεμένηκεν
647 3481 720 3544 ὡς
754 3481 907 3544 Θεός.
958 3481 1017 3534 El
1058 3481 1112 3532 δὲ
1139 3481 1279 3534 κατά
1317 3480 1408 3533 τὸν
1445 3481 1552 3532 τῶν
1589 3480 1864 3534 δυσσεὸῶν

277 3575 444 3643 λόγον
485 3575 627 3627 κατά
672 3573 768 3644 τὴν
802 3573 1032 3642 θεότητα
1067 3570 1302 3624 πέπονθε
1326 3612 1341 3636 ,
1387 3571 1615 3642 περιττὴ
1665 3570 1862 3640 δήπου-

281 3667 378 3720 θεν
404 3667 504 3735 τῆς
534 3667 732 3737 σαρκὸς
759 3668 790 3736 ἡ
818 3663 1108 3736 ἀνάληψις.
1143 3664 1218 3716 Οὐ
1256 3663 1364 3733 γὰρ
1405 3661 1602 3735 ἔχρῃζε
1634 3663 1733 3733 τῆς
1769 3680 1865 3716 πα-

280 3759 457 3828 θητῆς
499 3757 950 3828 ἀνθρωπότητος,
1006 3755 1107 3824 τῆς
1150 3753 1302 3814 θείας
1349 3753 1564 3822 φύσεως
1613 3754 1863 3819 δέξασθαι

275 3849 589 3920 δυναμένης
617 3847 885 3910 τὸπάθος.
920 3847 981 3898 Εί
1008 3847 1064 3898 δὲ
1088 3846 1182 3898 καὶ
1207 3845 1347 3898 κατά
1379 3844 1469 3897 τὸν
1497 3845 1674 3897 αὐτῶν
1706 3845 1864 3914 λόγον

277 3940 502 4010 ἀπαθὴς
540 3941 572 4010 ἡ
611 3939 819 4010 θεότης,
861 3938 957 3990 καὶ
1001 3936 1196 4006 ἀληθὲς
1223 3936 1282 3989 τὸ
1319 3937 1511 4000 πάθος,
1563 3935 1638 4006 μὴ
1681 3936 1864 4007 ἀρνεί-

285 4031 503 4083 σθωσαν
553 4030 610 4083 τὸ
658 4029 944 4091 πεπονθὸς.
986 4028 1074 4081 ἵνα
1111 4027 1185 4098 μὴ
1217 4027 1492 4098 ἀρνηθῶσι
1526 4027 1616 4080 καὶ
1643 4026 1741 4097 τὴν
1767 4027 1862 4081 τοῦ

283 4122 494 4183 πάθους
529 4121 804 4189 ἀλήθειαν·
832 4119 1024 4185 ψευδὲς
1054 4117 1160 4188 γὰρ
1191 4117 1250 4170 τὸ
1281 4118 1451 4180 πάθος
1470 4118 1568 4170 οὐκ
1589 4117 1738 4180 ὄντος
1767 4117 1860 4170 τοῦ

281 4216 609 4283 πάσχοντος.
647 4214 770 4264 Ὀτι
795 4211 848 4263 δὲ
874 4211 1024 4280 καὶὴ
1061 4210 1179 4262 θεία
1206 4209 1395 4280 Γραφὴ
1435 4208 1725 4280 προφανῶς
1767 4208 1861 4260 τοῦ

251 4303 540 4371 ,σώματος
576 4301 832 4372 κηρύττει
865 4301 926 4354 τὸ
979 4301 1170 4362 πάθος,
1223 4301 1404 4370 ῥᾴδιον
1449 4300 1526 4370 τῷ
1557 4299 1863 4368 βουλομένῳ

277 4395 395 4446 τῶν
450 4394 608 4463 ίερῶν
645 4393 989 4462 [εὐαγγελίων
1039 4392 1342 4458 ἀναπτύξαι
1392 4393 1490 4461 τὴν
1537 4392 1860 4461 τετρακτὺν,

1971 1946 2092 2000 quae
2120 1933 2187 1987 de
2223 1935 2429 1989 semine
2462 1935 2684 1990 Davidis
2739 1943 3019 2005 assumpta
3064 1945 3168 2002 est,
3221 1937 3326 1991 hoc
3359 1936 3541 1991 facere

1970 2025 2250 2088 convenit,
2279 2035 2334 2080 et
2371 2033 2524 2080 certo
2555 2028 2697 2082 scire
2738 2028 2887 2082 illam
2932 2029 3154 2098 quidem
3191 2038 3452 2088 aeternam
3485 2038 3544 2083 et

1971 2116 2379 2183 sempiternam,
2415 2117 2830 2187 simplicemque
2877 2131 2934 2177 et
2987 2119 3540 2188 incircumscriptam,

1971 2203 2336 2258 immortalem
2370 2215 2426 2259 et
2459 2206 2879 2274 immutabilem;
2906 2210 3050 2263 hanc
3076 2225 3211 2264 vero
3240 2219 3541 2275 recentem,

1969 2303 2026 2348 et
2049 2297 2426 2364 compositam,
2452 2307 2508 2352 et
2538 2299 3030 2369 circumscriptam,
3053 2310 3109 2354 et
3137 2299 3356 2366 ﬂuxam,
3381 2311 3545 2371 atque

1970 2387 2280 2440 mortalem.
2331 2388 2444 2441 Etsi
2480 2389 2626 2442 enim
2659 2405 2880 2444 carnem
2923 2391 3090 2444 etiam
3141 2407 3290 2446 nunc
3341 2392 3547 2446 scimus

1970 2477 2338 2532 immortalem
2375 2490 2430 2534 et
2477 2481 2976 2551 incorruptibilem,
3028 2491 3270 2538 attamen
3301 2492 3427 2539 ante
3457 2499 3546 2538 re-

1969 2570 2366 2624 surrectionem
2416 2580 2471 2625 et
2516 2573 2680 2625 morti
2723 2581 2780 2626 et
2833 2574 3072 2641 passioni
3123 2574 3230 2628 fuit
3260 2575 3539 2629 obnoxia:

1969 2659 2171 2727 alioqui
2200 2675 2309 2727 quo
2349 2660 2511 2714 modo
2543 2661 2692 2715 cruci
2731 2660 2885 2715 afﬁxa
2938 2662 3152 2726 fuisset,
3188 2671 3244 2717 et
3289 2663 3543 2732 sepulcro

1971 2748 2183 2817 1217
2205 2748 2498 2802 mandata?
2522 2748 2677 2802 Licet
2708 2758 2890 2804 autem
2925 2758 3248 2805 naturarum
3277 2751 3540 2806 dilferen-

1969 2839 2100 2892 tiam
2128 2840 2589 2909 perspexerimus,
2638 2857 2810 2894 unum
2840 2849 3020 2897 tamen
3044 2851 3263 2912 oportet
3313 2844 3545 2913 adorare

1968 2930 2188 2996 Filium,
2225 2932 2592 3001 eumdemque
2623 2937 2636 2954 ¹
2673 2933 2851 3002 ipsum
2903 2944 2961 2988 et
2997 2934 3198 2988 Filium
3231 2936 3327 2990 Dei
3357 2950 3539 2999 nosse,

1968 3029 2024 3074 et
2051 3021 2250 3075 Filium
2284 3021 2544 3087 hominis,
2580 3022 2812 3078 formam
2844 3025 2941 3078 Dei
2992 3033 3047 3079 et
3090 3025 3322 3080 formam
3374 3027 3540 3091 servi,

1893 3152 1936 3213 Ο
1973 3111 2143 3166 [ilium
2171 3114 2394 3169 Davidis
2413 3123 2469 3170 et
2489 3115 2780 3170 Dominum
2806 3117 3048 3183 Davidis,
3076 3133 3262 3173 semen
3309 3117 3544 3174 Abrahae

1968 3210 2024 3257 et
2077 3203 2337 3258 factorem
2360 3205 2611 3260 Abrahze.
2648 3207 2790 3262 Unio
2822 3209 2968 3262 enim
3015 3211 3328 3265 communia
3363 3210 3544 3266 reddit

1966 3294 2228 3360 nomina,
2279 3295 2374 3349 sed
2435 3304 2662 3350 naturas
2703 3299 2989 3352 nominum
3050 3299 3366 3354 communio
3431 3316 3542 3354 non

1967 3383 2272 3439 confundit.
2335 3384 2678 3439 Manifestum
2721 3386 2867 3441 enim
2892 3396 2977 3442 est
3003 3387 3070 3444 iis
3103 3389 3196 3458 qui
3236 3399 3383 3444 recte
3419 3406 3544 3445 sen-

1967 3476 2132 3538 tiunt,
2161 3475 2266 3528 alia
2299 3483 2360 3528 ut
2412 3477 2544 3541 Deo,
2585 3477 2690 3532 alia
2739 3486 2801 3531 ut
2836 3478 3044 3533 homini
3087 3481 3403 3536 convenire.
3451 3481 3542 3537 Sic

1965 3571 2021 3618 et
2062 3565 2378 3634 passibilem
2408 3581 2529 3620 esse
2563 3576 2618 3621 et
2658 3567 3046 3637 impassibilem
3079 3571 3344 3640 competit
3374 3571 3539 3627 Chri-

1966 3660 2052 3706 sto
2082 3654 2332 3708 Domino.
2363 3655 2560 3709 Passus
2586 3671 2821 3725 namque
2840 3665 2925 3710 est
2948 3658 3249 3712 secundum
3281 3659 3543 3715 humani-

1969 3752 2157 3806 tatem,
2193 3745 2549 3813 impassibilis
2575 3761 2707 3800 vero
2737 3746 2941 3802 mansit
2964 3755 3024 3801 ut
3043 3747 3366 3815 Deus.Quod
3392 3751 3458 3817 si,
3481 3760 3542 3806 ut

1967 3835 2120 3905 impii
2145 3835 2357 3900 dicunt,
2390 3837 2691 3890 secundum
2717 3837 3061 3892 divinitatem
3105 3855 3299 3909 passus
3325 3848 3426 3903 est,
3453 3857 3545 3896 su-

1965 3942 2308 3996 pervacanea
2341 3929 2531 3998 utique
2554 3928 2659 3983 fuit
2684 3930 2865 3984 carnis
2888 3931 3206 4000 assumptio.
3257 3932 3368 3987 Nec
3393 3933 3541 3987 enim

1965 4019 2215 4087 passibili
2266 4020 2612 4076 humanitate
2677 4021 2998 4092 indigebat,
3052 4039 3175 4077 cum
3231 4025 3541 4092 passionem

1965 4120 2150 4178 posset
2180 4111 2364 4165 divina
2405 4121 2600 4166 natura
2643 4113 2910 4182 recipere.
2949 4112 3045 4168 Sin
3075 4121 3257 4168 autem
3297 4115 3540 4183 ipsorum

1965 4201 2128 4253 etiam
2154 4199 2497 4255 confessione
2530 4201 2881 4270 impassibilis
2919 4210 3003 4256 est
3024 4202 3303 4268 divinitas,
3326 4213 3382 4258 et
3408 4219 3540 4259 vera

1967 4289 2069 4343 fuit
2113 4289 2315 4358 passio,
2371 4291 2667 4358 patientem
2711 4307 2819 4344 non
2860 4299 3092 4361 negent,
3147 4308 3216 4345 ne
3267 4295 3538 4362 passionis

1965 4395 2185 4449 quoque
2211 4381 2496 4434 veritatem
2532 4391 2732 4452 negent
2768 4401 2780 4435 :
2815 4384 2943 4452 quia
2976 4384 3109 4438 falsa
3131 4393 3215 4438 est
3251 4385 3450 4452 passio,
3489 4387 3537 4440 si

281 4488 382 4539 καὶ
419 4486 610 4554 μαθεῖν
639 4485 868 4547 ἐκεῖθεν,
901 4485 1048 4546 ὅπως
1107 4483 1304 4552 Ἰωσὴφ
1331 4484 1357 4535 ὀ
1387 4481 1494 4535 ἀπὸ
1537 4481 1861 4552 Ἀριμαθίας

1967 4471 2179 4539 patiens
2238 4488 2346 4525 non
2401 4474 2489 4526 sit.
2547 4472 2702 4538 Quod
2741 4491 2872 4529 vero
2923 4475 3170 4545 corporis
3227 4476 3537 4544 passionem

283 4575 562 4647 προσῆλθε
613 4575 691 4645 τῷ
730 4573 969 4642 Πιλάτῳ,
1005 4574 1100 4626 καὶ
1126 4573 1294 4644 ᾔτησε
1343 4572 1404 4624 τὸ
1439 4571 1600 4640 σῶμα
1627 4571 1720 4623 τοῦ
1757 4573 1860 4643 Ἰη-

282 4666 404 4718 σοῦ·
447 4667 541 4718 καὶ
569 4666 643 4728 ὡς
674 4668 701 4717 ὁ
750 4665 978 4725 Πιλᾶτος
1026 4664 1322 4734 προσέταξε
1359 4662 1575 4734 δοθῆναι
1611 4662 1670 4715 τὸ
1703 4664 1862 4734 σῶμα

279 4756 382 4809 τοῦ
415 4755 614 4826 Ἰησοῦ,
653 4756 744 4808 καὶ
777 4755 852 4819 ὼς
876 4757 904 4808 ό
961 4755 1161 4824 Ἰωσὴφ
1191 4754 1440 4809 καθεῖλεν
1464 4753 1572 4807 ἀπὸ
1603 4753 1761 4820 ξύλου
1801 4755 1861 4808 τὸ

282 4847 447 4915 σῶμα
475 4844 567 4897 τοῦ
611 4843 806 4915 Ἰησοῦ,
829 4844 923 4898 καὶ
945 4843 1020 4908 ὡς
1043 4845 1283 4914 ὲνείλησε
1299 4847 1365 4915 τῇ
1397 4843 1590 4897 σινδόνι
1614 4843 1676 4896 τὺ
1702 4842 1860 4914 σῶμα.

277 4935 378 4990 τοῦ
426 4934 630 5004 Ἰησοῦ,
669 4937 760 4987 καὶ
789 4934 862 4997 ὡς
901 4934 1061 4987 τοῦτο
1111 4935 1413 5004 κατέθηκεν
1458 4935 1516 4988 ὲν
1564 4935 1658 5006 τῷ⁹
1689 4934 1860 5005 καινῷ

282 5026 558 5096 μνημείῳ.
600 5025 784 5078 Ταῦτα
806 5027 854 5078 οἱ
882 5026 1146 5096 τέσσαρες
1173 5025 1561 5093 εὐαγγελισταὶ
1593 5025 1860 5094 συνέγρα-

277 5118 413 5186 φαν,
454 5116 714 5179 πολλάκις
745 5115 840 5173 τοῦ
883 5115 1134 5192 σώματος
1171 5116 1659 5186 μνημονεύσαντες.
1712 5117 1773 5168 Et
1803 5116 1862 5168 δὲ

277 5206 349 5258 τὰ
369 5206 520 5275 παρὰ
550 5205 643 5258 τοῦ
666 5205 898 5274 ἀγγέλου
926 5206 1061 5276 πρὸς
1077 5206 1176 5270 τὰς
1198 5206 1323 5276 περὶ
1350 5205 1571 5275 Μαρίαν
1592 5206 1862 5276 εἰρημένα

277 5296 639 5368 προφέρουσι·
679 5315 696 5348 ι
737 5296 901 5350 Δεῦτε
943 5299 1079 5350 ὅπου
1113 5296 1290 5350 ἔκειτο
1317 5298 1344 5349 ὁ
1383 5295 1604 5366 Κύριος,
1643 5315 1661 5348 ι
1706 5298 1862 5350 ἀκου-

280 5390 538 5442 σάτωσαν
568 5387 667 5456 τῆς
715 5390 825 5442 τῶν
874 5388 1134 5460 Πράξεων
1169 5388 1407 5459 ἱστορίας
1457 5387 1740 5458 λεγούσης,
1775 5387 1859 5442 ὅτι

283 5501 305 5532 ι
359 5482 731 5550 Συνεκόμισαν
751 5481 842 5534 τὸν
878 5481 1150 5549 Στέφανον
1175 5477 1379 5552 ’ἄνδρες
1408 5480 1656 5543 εὐλαϐεῖς
1675 5521 1688 5545 ,
1713 5500 1732 5533 ι
1765 5481 1859 5535 καὶ

281 5574 663 5628 σκοπείτωσαν
682 5613 696 5637 ,
730 5572 805 5636 ὡς
830 5574 890 5625 οὐ
921 5573 1018 5644 τὴν
1047 5573 1224 5642 ψυχὴν
1272 5571 1368 5625 τοῦ
1414 5572 1710 5644 νικηφόρου
1740 5574 1860 5625 Στε-

358 5756 402 5788 δθ
429 5755 617 5811 Matth.
651 5771 830 5819 xvvm,
857 5755 910 5807 6.

1964 4569 2152 4630 aperte
2177 4562 2360 4616 divina
2395 4563 2678 4633 Scriptura
2713 4565 2996 4634 pradicet,
3029 4565 3190 4620 facile
3221 4576 3306 4620 est
3350 4567 3399 4620 ei
3441 4566 3537 4636 qui

1963 4665 2244 4706 sacrorum
2271 4653 2688 4724 Evangeliorum
2713 4657 3127 4726 quaternarium
3151 4657 3364 4726 aperire
3381 4658 3536 4725 velit,

1963 4757 2029 4796 ex
2053 4743 2160 4797 illis
2185 4760 2515 4815 cognoscere
2553 4763 2661 4816 quo
2698 4756 2858 4817 pacto
2898 4747 3100 4816 Joseph
3134 4747 3202 4801 ab
3229 4748 3535 4804 Arimathia

1964 4842 2258 4895 accesserit
2308 4842 2374 4895 ad
2424 4843 2659 4897 Pilatum
2710 4851 2766 4898 et
2812 4843 3036 4912 petierit
3078 4858 3280 4912 corpus
3298 4843 3448 4905 Jesu,
3483 4852 3540 4897 et

1963 4931 2239 4998 quomodo
2290 4932 2496 4987 Pilatus
2531 4934 2757 5004 jusserit
2787 4933 2906 4987 dari
2938 4948 3137 5002 corpus
3178 4933 3326 4996 Jesu,
3357 4939 3412 4985 et
3443 4931 3538 4986 Jo-

1964 5025 2098 5093 seph
2122 5025 2408 5079 sustulerit
2437 5026 2504 5080 de
2537 5040 2699 5080 cruce
2732 5040 2934 5094 corpus
2972 5025 3122 5091 Jesu,
3161 5034 3218 5079 et
3263 5024 3540 5094 quomodo

1962 5115 2195 5170 sindone
2231 5117 2522 5171 involverit
2560 5119 2759 5185 corpus
2791 5117 2942 5180 Jesu,
2993 5127 3047 5170 et
3092 5116 3370 5185 quomodo
3401 5114 3538 5169 illud

1963 5205 2281 5274 deposuerit
2316 5208 2369 5260 in
2405 5222 2548 5261 novo
2581 5207 2940 5262 monimento.
2968 5207 3092 5262 Haec
3110 5219 3346 5277 quatuor
3369 5223 3540 5261 evan-

1962 5297 2168 5367 gelista:
2181 5299 2644 5368 conscripserunt,
2663 5297 2911 5352 crebram
2935 5299 3184 5368 corporis
3205 5298 3539 5352 mentionem

1966 5385 2250 5440 facientes.
2297 5387 2451 5452 Quod
2491 5386 2536 5441 si
2593 5387 2772 5456 angeli
2819 5386 2888 5441 ad
2921 5387 3148 5441 Mariam
3210 5393 3265 5439 et
3310 5383 3542 5437 comites

1966 5477 2134 5530 verba
2162 5477 2481 5545 proferant:
2535 5477 2750 5548 1218
2798 5495 2817 5529 ι
2846 5476 3040 5530 Venite
3091 5475 3157 5528 ad
3203 5474 3404 5536 locum,
3443 5471 3539 5525 ubi

1967 5570 2176 5640 positus
2201 5578 2318 5624 erat
2356 5568 2619 5624 Dominus
2651 5568 2720 5634 ⁵⁸,
2761 5587 2778 5620 ι
2825 5567 3051 5622 audiant
3090 5566 3326 5619 Actuum
3361 5561 3541 5617 histo-
