4072 6436
521 297 657 361 1347

1540 294 2026 356 THEODORETI
2066 292 2403 355 EPISCOPI
2445 296 2811 359 CYRENSIS

3645 291 3793 358 1348

512 423 536 459 r
571 420 682 472 a‘m,
716 420 843 462 cum
876 405 954 461 ait
983 422 996 460 :
1041 424 1059 459 ι
1104 406 1455 462 Curaverunt
1492 407 1837 478 Stephanum
1870 407 1975 461 viri
2018 421 2093 460 re-

2209 406 2400 476 φάνου,
2442 409 2578 464 ἀλλὰ
2628 410 2690 464 τδ
2739 409 2900 480 σῶμα
2950 408 3060 465 τῶν
3106 407 3479 479 νομιζομένων
3516 406 3789 478 ἠξίωσαν.

520 498 701 569 ligiosi
731 499 798 565 ⁸¹,
840 518 858 551 ι
918 506 974 554 ct
1013 497 1384 563 considerent,
1439 514 1553 553 non
1622 500 1821 554 animae
1875 497 2102 553 victoris

522 589 813 660 Stephani,
856 589 951 644 sed
996 589 1214 659 corpori
1254 590 1399 660 justa
1428 590 1781 660 persolvisse.
1820 588 1965 658 Quin
1995 588 2100 659 ipsi

522 696 744 750 quoque
788 680 856 735 ad
894 682 1042 734 hunc
1084 680 1254 745 diem,
1289 695 1413 733 cum
1460 680 1917 751 triumphantium
1962 696 2104 735 mar-

524 781 701 843 tyrum
732 773 933 842 templa
981 771 1342 842 ingredimur,
1395 771 1664 827 sciscitari
1707 774 1947 827 solemus
1978 770 2103 841 quis

522 870 750 917 vocetur
776 862 869 931 qui
916 862 974 915 in
1020 862 1181 915 theca
1220 861 1477 916 conditus
1528 870 1612 917 est
1645 880 1658 916 :
1690 872 1746 917 et
1775 863 1977 933 quibus
2014 877 2102 916 res

521 963 651 1008 nota
695 961 780 1007 est
828 951 1167 1022 respondent
1199 953 1477 1007 lulianum
1510 953 1741 1008 fortasse
1784 962 2099 1024 martyrem,

520 1050 616 1096 aut
640 1042 973 1105 Romanum,
1008 1050 1104 1094 aut
1138 1041 1511 1096 Timotheum.
1541 1043 1608 1096 Et
1638 1043 1887 1112 quamvis
1920 1058 1987 1096 ne
2019 1042 2102 1095 in-

520 1143 671 1203 tegra
703 1132 927 1202 quidem
952 1133 1026 1187 ibi
1052 1133 1164 1188 sint
1188 1148 1418 1202 corpora
1442 1133 1643 1202 posita,
1668 1133 1763 1187 sed
1794 1132 2103 1203 perexigua:

518 1222 788 1291 reliquias,
835 1224 1112 1279 communi
1164 1231 1345 1277 tamen
1399 1223 1621 1276 nomine
1679 1223 1843 1277 etiam
1901 1239 2100 1293 corpus

519 1313 885 1381 appellamus.
914 1312 1007 1367 Sic
1055 1313 1281 1382 angelus
1327 1312 1542 1365 Domini
1573 1327 1773 1383 corpus
1804 1313 2099 1367 Dominum

516 1404 758 1468 vocavit,
792 1404 920 1474 quia
943 1418 1143 1473 corpus
1167 1410 1287 1458 erat
1313 1402 1529 1456 Domini
1561 1404 1963 1457 universorum.
1990 1404 2098 1459 Sed

517 1505 574 1551 et
613 1496 878 1550 Dominus
937 1495 1053 1565 ipse
1108 1510 1218 1549 non
1262 1501 1516 1549 naturam
1567 1495 1933 1561 invisibilem,
2002 1496 2098 1551 sed

514 1602 721 1656 corpus
743 1587 1000 1642 daturum
1035 1602 1092 1641 se
1115 1586 1372 1655 promisit
1400 1588 1533 1656 pro‘
1560 1587 1752 1641 mundi
1779 1588 1890 1642 vita
1914 1605 1926 1642 :
1954 1608 1971 1639 ι
1996 1588 2098 1663 Pa-

2203 498 2308 552 Ka‘
2345 499 2507 570 μέχρι
2538 500 2594 553 δὲ
2618 500 2713 554 τοῦ
2751 499 3038 571 παρόντος,
3067 499 3124 551 ὲν
3152 498 3411 575 τοῖςθτῶν
3456 498 3794 553 καλλινίκων

2206 587 2500 658 μαρτύρων
2539 589 2800 653 εἰσιόντες
2830 591 3036 659 σηκοῖς,
3075 589 3284 660 ἐρωτᾷν
3334 586 3605 659 εἰώθαμεν
3628 590 3715 653 τίς
3756 591 3796 642 ὁ

2202 677 2260 729 ἐν
2296 681 2360 748 τῇ
2417 679 2558 752 θήκῃ
2620 682 2884 734 καλεῖται’
2922 681 2972 733 οἱ
3004 680 3061 733 δὲ
3105 681 3156 732 τ’
3193 678 3391 750 ἀληθὲς
3425 679 3627 743 εἰδότες
3654 682 3796 734 ἀπο·

2203 768 2500 839 κρίνονται,
2535 771 2571 841 ἢ
2610 772 2893 827 Ἱουλιανὸν
2925 770 3085 841 τυχὸν
3113 769 3204 823 τὸν
3246 770 3530 842 μάρτυρα,
3567 770 3601 842 ἢ
3651 770 3795 824 Ῥω-

2204 861 2391 931 μανὸν,
2416 861 2449 932 ἢ
2479 861 2762 933 Τιμόθεοψ
2788 862 2966 917 καίτοι
2998 862 3256 925 πολλάκις
3283 861 3402 914 οὐδὲ
3421 860 3642 915 τελείων
3671 860 3790 916 τῶν

2205 954 2473 1023 σωμάτων
2513 955 2803 1025 κειμένων,
2860 953 2998 1033 ἀλλά
3047 954 3430 1025 σμικροτάτων
3484 953 3788 1024 λειψάνωνο

2203 1043 2317 1096 ἀλλ’
2346 1046 2493 1115 ὅμως
2537 1045 2614 1115 τῷ
2644 1045 2804 1116 κοινῷ
2833 1047 3056 1117 ὀνόματι
3093 1046 3187 1099 καὶ
3220 1044 3280 1099 τὸ
3312 1045 3471 1116 σῶμα
3498 1063 3786 1116 προσαγο-

2202 1134 2456 1205 ρεύομεν.
2485 1137 2671 1200 Οὕτως
2698 1139 2725 1190 ὁ
2746 1136 2975 1205 ἄγγελος
3008 1136 3101 1191 τοῦ
3142 1136 3350 1208 Κυρίου
3389 1135 3450 1190 τὸ
3483 1138 3643 1206 σῶμα
3669 1135 3784 1190 Κύ-

2202 1243 2317 1296 ριον
2346 1229 2807 1300 προσηγόρευσεν,
2842 1229 3028 1299 ἐπειδὴ
3076 1228 3236 1299 σῶμα
3265 1225 3332 1300 ἦν
3361 1227 3456 1282 τοῦ
3495 1229 3605 1281 τῶν
3636 1228 3779 1282 ὅλων

2200 1319 2423 1388 Κυρίου.
2484 1321 2592 1373 Καὶ
2638 1321 2796 1394 αςθτδς
2846 1320 2902 1373 δὲ
2955 1322 2982 1374 δ
3020 1320 3245 1390 Κύριος,
3295 1321 3355 1373 οὗ
3414 1321 3514 1389 τὴν
3544 1321 3776 1394 ἀόρατον

2196 1409 2381 1478 φύσιν,
2412 1409 2547 1464 ἀλλὰ
2585 1409 2645 1463 τὸ
2681 1410 2841 1480 σῶμα
2873 1409 3065 1463 δώσειν
3094 1410 3362 1480 ὑπέσχετο
3393 1409 3531 1481 ὑπὲρ
3553 1390 3649 1478 τῆξ
3676 1408 3778 1463 τοῦ

2197 1499 2403 1568 κόσμου
2426 1500 2567 1570 ζωῆς
2589 1519 2602 1532 ·
2646 1521 2664 1552 ι
2715 1501 2772 1554 Ὀ
2806 1501 2912 1570 γὰρ
2934 1502 3117 1573 ἄρτος,
3150 1500 3335 1570 φησὶν,
3371 1500 3428 1554 ὃν
3453 1498 3562 1568 ἐγὼ
3592 1498 3781 1565 δώσω,

2196 1591 2230 1661 ἡ
2272 1588 2409 1661 σάρξ
2446 1608 2546 1661 μου
2589 1591 2769 1656 ἐστὶν,
2803 1592 2869 1663 ἢν
2907 1588 3018 1660 ἐγὼ
3056 1591 3211 1645 δώσω
3249 1593 3390 1663 ὑπὲρ
3435 1592 3536 1662 τῆς
3567 1591 3659 1645 τοῦ
3686 1592 3789 1645 κό-

515 1676 606 1731 nis
629 1676 798 1742 enim,
831 1676 928 1740 ait,
963 1688 1126 1746 quem
1160 1690 1262 1744 ego
1282 1673 1445 1741 dabo,
1482 1690 1611 1730 caro
1646 1692 1764 1730 mea
1801 1684 1905 1740 est,
1928 1690 2093 1745 quam

2199 1698 2335 1751 σμου
2368 1681 2532 1750 ζωῆς.
2573 1700 2590 1733 ι
2626 1683 2742 1736 Κάν
2780 1685 2845 1753 τῇ
2868 1682 2977 1735 τῶν
3004 1682 3163 1736 θείων
3196 1682 3509 1754 μυστηρίων
3531 1682 3782 1749 παραδό-

513 1782 617 1839 ego
649 1768 792 1822 dabo
841 1782 942 1836 pro
981 1744 1175 1820 inundi
1205 1765 1317 1820 vita
1347 1766 1414 1819 ".
1463 1784 1480 1818 ›
1549 1766 1619 1820 Ει
1672 1766 1728 1820 in
1776 1744 2092 1820 divinorum

2198 1744 2279 1826 σει
2309 1744 2505 1827 λαϐὼν
2532 1775 2592 1828 τὸ
2626 1744 2893 1845 σύμϐολον
2928 1775 3050 1847 ἔφη’
3092 1795 3111 1827 ι
3162 1744 3333 1828 ’ίοῦτό
3362 1744 3482 1830 ἐστι
3514 1776 3574 1828 τὸ
3608 1744 3783 1844 σῶμά

514 1859 901 1931 mysteriorum
942 1858 1240 1913 traditione
1276 1856 1586 1928 symbolum
1620 1857 1901 1927 accipiens
1922 1855 2092 1912 dixit:

523 1971 541 2004 ι
582 1953 697 2007 lloc
730 1959 815 2005 est
837 1966 1039 2020 corpus
1062 1963 1267 2015 meum,
1302 1950 1449 2020 quod
1477 1965 1579 2019 pro
1612 1948 1770 2003 vobis
1799 1948 1960 2002 datur
1980 1948 2047 2013 ",
2069 1967 2086 1999 ι

514 2050 629 2109 aut,
663 2044 819 2113 juxta
856 2041 1179 2112 Apostolum
1214 2041 1282 2107 “,
1329 2060 1347 2092 ι
1385 2039 1677 2109 frangitur.
1708 2056 1727 2088 ι
1756 2039 1944 2107 Neque
1984 2038 2095 2092 ullo

520 2148 755 2203 usquam
785 2132 928 2197 loco,
955 2147 1081 2186 cum
1107 2130 1175 2186 de
1196 2130 1453 2202 passione
1471 2127 1754 2194 disseruit,
1780 2127 2095 2198 impassibi-

513 2224 621 2278 lem
647 2223 994 2278 divinitatem
1031 2221 1501 2277 commemoravit.
1816 2272 1820 2276 Α

582 2313 814 2383 Oportet
836 2323 1019 2369 autem
1052 2329 1147 2369 eos
1175 2312 1271 2383 qui
1293 2312 1675 2368 contradicere
1702 2312 1946 2378 student,
1964 2321 2093 2369 ante

512 2404 618 2459 alia
659 2404 844 2459 omnia
899 2405 1262 2475 interrogare,
1316 2412 1504 2458 utrum
1561 2405 1862 2476 perfectam
1896 2420 1928 2459 a
1977 2404 2091 2459 Deo

512 2494 696 2550 Verbo
735 2494 1105 2549 conﬁteantur
1133 2502 1474 2563 assumptam
1515 2508 1636 2549 esse
1671 2494 1966 2549 humanam
1994 2508 2092 2547 na-

514 2593 717 2649 turam,
770 2592 827 2638 et
883 2600 953 2639 an
1013 2584 1272 2638 unionem
1332 2581 1676 2637 inconfusam
1714 2598 1834 2637 esse
1890 2582 2088 2637 factam

509 2674 717 2730 dicant.
768 2676 895 2729 Haec
940 2674 1090 2729 enim
1132 2674 1178 2729 si
1210 2673 1589 2729 concedantur
1613 2714 1628 2739 ,
1688 2682 1884 2729 caetera
1923 2674 2086 2727 etiam

510 2766 707 2821 ordine
730 2766 1055 2834 precedent,
1087 2774 1143 2820 et
1174 2765 1358 2836 passio
1396 2764 1647 2818 humanae
1680 2771 1894 2819 natura:
1932 2762 2090 2817 attri-

507 2854 736 2910 buetur.
786 2856 895 2911 Ista
921 2871 1023 2927 ego
1053 2870 1203 2911 nunc
1245 2855 1571 2925 compendio
1606 2855 1828 2921 dictavi,
1868 2864 1925 2911 et
1971 2854 2092 2925 epi-

509 2947 664 3002 stolre
714 2947 942 3001 modum
969 2947 1178 3002 excessi
1210 2963 1223 2999 :
1256 2945 1380 3000 misi
1413 2956 1598 3001 autem
1635 2954 1691 3002 et
1727 2963 1889 3018 quam
1914 2962 2092 3017 nuper

514 3038 732 3109 1219
773 3038 1126 3109 scripseram,
1170 3038 1388 3094 hortatu
1434 3039 1834 3111 religiosissimi
1864 3034 1920 3094 et
1959 3054 2089 3093 san-

511 3128 743 3182 ctissimi
788 3128 1029 3183 hominis
1071 3128 1169 3183 Dei
1204 3128 1497 3183 dominiN.
1529 3128 1753 3183 brevem
1788 3127 2090 3182 institutio-

509 3232 660 3285 nem,
687 3234 809 3289 qute
840 3228 897 3274 et
933 3219 1051 3290 ipsa
1081 3218 1318 3274 sufﬁciat
1341 3219 1408 3274 ad
1436 3218 1738 3274 docendam
1765 3217 2089 3287 apostolico-

511 3325 635 3364 rum
691 3311 1006 3381 dogmatum
1036 3312 1344 3366 veritatem.
1385 3309 1541 3376 Quod
1597 3310 1644 3365 si
1691 3309 2087 3381 calligraphum

509 3408 709 3455 nactus
743 3400 922 3467 fuero,
952 3402 1167 3456 mittam
1200 3402 1479 3457 sanctitati
1520 3408 1625 3456 tuae
1654 3401 1747 3455 illa
1775 3401 1939 3455 etiam
1969 3414 2092 3470 qua:

510 3492 713 3563 dialogi
748 3507 899 3548 more
930 3508 1030 3563 per
1059 3493 1543 3566 interrogationem
1587 3500 1643 3548 et
1675 3492 2088 3561 responsionem

511 3584 840 3654 conscripsi,
877 3585 1182 3639 orationem
1235 3586 1454 3657 longius
1505 3583 1839 3655 producens,
1888 3590 1946 3637 et
1990 3583 2090 3637 Pa-

510 3686 657 3733 trum
708 3678 978 3749 doctrinis
1031 3687 1220 3735 nostra
1276 3677 1679 3734 communiens.
1732 3674 1853 3731 Misi
1905 3684 2089 3731 autem

508 3787 660 3827 nunc
675 3772 839 3826 etiam
868 3786 1069 3841 paucas
1089 3779 1338 3826 veterum
1359 3769 1744 3840 magistrorum
1766 3767 2085 3832 sententias,

510 3877 635 3934 qua:
663 3864 796 3916 satis
828 3862 938 3917 sint
974 3862 1041 3917 ad
1072 3861 1339 3916 doctrina:
1360 3860 1582 3914 illorum
1610 3874 1836 3928 scopum
1863 3858 2091 3913 demon-

509 3950 819 4007 strandum.
866 3950 1191 4020 Rependerc
1231 3949 1401 4020 igitur
1440 3948 1620 4012 nobis,
1665 3948 1778 4003 Deo
1802 3947 2090 4003 dilectissi-

509 4055 621 4104 me,
648 4056 874 4110 precum
894 4040 1161 4095 auxilium
1189 4039 1439 4109 dignare,
1475 4048 1538 4093 ut
1572 4053 1768 4094 saevam
1800 4046 2092 4109 tempesta-

511 4135 621 4184 tem
648 4130 1042 4193 transiliamus,
1062 4137 1120 4185 ct
1150 4127 1218 4182 ad
1259 4112 1583 4199 tranquillos
1629 4127 1929 4183 Salvatoris
1956 4143 2088 4198 por-

512 4227 602 4275 tus
623 4221 982 4290 appellamus.

612 4331 847 4387 CXXXI.
879 4363 951 4372 ——
978 4331 1214 4402 Longino
1253 4333 1683 4388 archimandrin
1716 4333 1977 4389 Doliches.

2197 1880 2321 1933 μου,
2344 1862 2409 1915 τὸ
2425 1862 2562 1933 ὑπὲρ
2585 1863 2738 1932 ὑμῶν
2763 1863 3061 1935 διδόμενον,
3087 1884 3104 1915 δ
3136 1864 3170 1935 ἦ
3196 1864 3486 1934 κλώμενον,
3509 1864 3650 1918 κατά
3678 1863 3781 1916 τὸν

2206 1953 2548 2009 Ἀπόστολον.
2608 1957 2717 2009 Καὶ
2754 1955 2988 2026 οὐδαμοῦ
3038 1957 3169 2027 περὶ
3200 1956 3403 2019 πάθους
3437 1954 3775 2026 διαλεχθεὶς,

2192 2045 2291 2117 τῆς
2321 2045 2564 2110 ἀπαθοῦς
2589 2046 2833 2119 ἐμνήσθη
2870 2046 3142 2119 θεότητος.

2263 2220 2384 2292 Χρὴ
2414 2219 2470 2274 δὲ
2503 2222 2611 2293 πρὸ
2652 2221 2763 2275 τῶν
2800 2221 2977 2276 ἄλλων
3015 2221 3270 2275 ἁπάντων
3307 2223 3432 2286 τοὺς
3466 2222 3781 2292 ἀντιλέγειν

2192 2310 2604 2384 ἐπιχειροῦντας
2642 2310 2972 2383 ἐρωτᾶσθαι,
3002 2312 3050 2364 εί
3096 2311 3522 2381 συνομολογοῦσι
3555 2312 3778 2368 τελείαν

2192 2400 2297 2453 ὑπὸ
2324 2400 2420 2454 τοῦ
2451 2400 2584 2453 Θεοῦ
2627 2400 2801 2469 Λόγου
2850 2401 3248 2472 προσειλῆερθαι
3286 2403 3383 2474 τὴν
3420 2402 3776 2473 ἀνθρωπείαν

2191 2490 2374 2560 φύσιν,
2408 2491 2502 2543 καὶ
2535 2492 2583 2544 εί
2623 2489 2720 2561 τὴν
2752 2490 2950 2545 ἕνωσιν
2980 2490 3285 2562 ἀσύγχυτον
3307 2492 3635 2563 γεγενῆσθαί
3667 2512 3780 2563 φα-

2190 2594 2297 2631 σιν.
2326 2578 2388 2632 Εί
2426 2578 2535 2650 γὰρ
2569 2578 2743 2632 ταῦτα
2780 2582 3263 2653 συνομολογηθείη,
3296 2584 3390 2636 καὶ
3431 2584 3598 2637 τᾶλλα
3628 2585 3777 2640 κατά

2188 2667 2341 2730 τάξιν
2368 2668 2726 2738 προϐήσεται,
2760 2668 2855 2723 καὶ
2882 2671 2941 2722 τὸ
2973 2669 3142 2733 πάθος
3176 2674 3243 2741 τῇ
3273 2671 3486 2743 παθητῇ
3528 2691 3778 2746 προσαρ-

2191 2757 2521 2829 μοσθήσεται
2556 2758 2737 2828 φύσει.
2779 2759 2965 2814 Ταῦτα
3021 2762 3079 2814 ὲν
3118 2762 3399 2833 κεφαλαίῳ
3439 2763 3534 2817 νῦν
3568 2766 3779 2835 ὑπηγό-

2192 2864 2381 2919 ρευσα,
2414 2850 2509 2903 καὶ
2547 2850 2649 2920 τῆς
2677 2850 2970 2916 ἐπιστολῆς
3001 2853 3278 2924 ὑπερέϐην
3293 2852 3352 2907 τὸ
3384 2854 3600 2925 μέτρον.
3646 2856 3779 2908 Ἀπ-

2188 2936 2405 2991 έστειλα
2436 2939 2494 2992 δὲ
2526 2940 2620 2993 καὶ
2646 2939 2717 3010 ἣν
2750 2940 2943 3011 πρώην
2996 2941 3233 3013 ἔγραψα,
3275 2946 3615 3015 προτραπεὶς
3662 2945 3778 2998 ὑπὸ

2190 3028 2286 3083 τοῦ
2343 3028 2759 3099 θεοφιλεστάτου
2794 3033 2891 3085 καὶ
2951 3032 3260 3101 ἀγιωτάτου
3328 3034 3614 3106 ἀνθρώπου
3673 3036 3774 3090 τοῦ

2192 3117 2329 3172 Θεοῦ
2361 3119 2457 3173 τοῦ
2510 3121 2820 3191 κυρίου.....
2856 3123 3120 3194 σύντομον
3162 3125 3536 3189 διδασκαλίαν,
3570 3128 3773 3199 ἱκανὴν

2191 3205 2361 3265 οὖσαν
2387 3212 2482 3266 καὶ
2499 3211 2667 3284 αὐτὴν
2694 3213 2902 3283 διδάξαι
2923 3215 3020 3287 τὴν
3041 3216 3148 3271 τῶν
3170 3218 3543 3275 ἀποπολικῶν
3570 3222 3777 3294 δογμά-

2191 3320 2301 3359 των
2339 3304 2619 3375 άλήθειαν.
2656 3306 2719 3359 El
2762 3306 2819 3360 δὲ
2861 3305 3080 3379 εὕροιμι
3133 3307 3532 3382 καλλιγράφον,
3564 3313 3776 3383 πέμψω

2193 3413 2286 3451 σου
2317 3399 2382 3468 τῇ
2416 3396 2656 3469 ὁσιότητι
2686 3398 2782 3451 καὶ
2815 3396 2851 3452 ἂ
2879 3398 3204 3468 διαλογικῶς
3236 3401 3570 3474 συνέγραψα,
3613 3419 3779 3457 τουτ-

2191 3488 2307 3543 έστι
2352 3489 2495 3544 κατά
2531 3490 2803 3561 ὲρώτησιν
2840 3494 2934 3544 καὶ
2959 3492 3286 3563 ἀπόκρισιν,
3333 3494 3429 3547 καὶ
3477 3494 3569 3548 τδν
3609 3495 3775 3564 λόγον

2191 3581 2444 3652 εὐρύνας,
2481 3583 2577 3636 καὶ
2620 3582 2902 3654 ὀχυρώσας
2932 3582 2998 3636 τὰ
3025 3584 3267 3655 ἡμέτερα
3298 3589 3417 3650 ταῖς
3445 3586 3555 3641 τῶν
3588 3588 3777 3642 Πατέ-

2193 3689 2301 3742 ρων
2322 3671 2713 3736 διδασκαλίαις.
2756 3673 3079 3727 Ἀπέστειλα
3111 3675 3168 3728 δὲ
3194 3674 3289 3728 νῦν
3318 3675 3413 3729 καὶ
3436 3674 3625 3745 ὀλίγας
3656 3679 3779 3736 τῶν

2190 3762 2435 3834 ἀρχαίων
2480 3762 2821 3818 διδασκάλων
2869 3765 3113 3835 χρήσεις,
3152 3767 3345 3831 ἱκανὰς
3395 3767 3561 3833 οὔσας
3590 3770 3773 3838 δεῖξαι

2190 3853 2282 3905 τὸν
2334 3853 2437 3923 τῆς
2473 3854 2698 3908 ἐκείνων
2754 3855 3105 3919 διδασκαλίας
3159 3858 3379 3912 σκοπόν.
3438 3860 3771 3917 Ἀντιδοῦναι

2189 3943 2367 3996 τοίνυν
2396 3945 2549 4015 ἡμῖν,
2583 3944 2991 4015 θεοφιλέστατε,
3026 3946 3365 4012 καταξίωσον
3396 3948 3495 4020 τὴν
3547 3952 3774 4007 ἐπικου-
3830 3934 3833 3935 ν

2193 4032 2313 4105 ρίαν
2344 4033 2452 4088 τῶν
2481 4035 2820 4105 προσευχῶν,
2853 4036 2941 4090 ἵνα
2963 4035 3056 4090 τὸν
3089 4038 3322 4107 χαλεπὸν
3347 4039 3771 4113 διαπεράσωμεν

2188 4124 2457 4189 κλύδωνα,
2491 4126 2588 4179 καὶ
2628 4127 2739 4180 τῶν
2778 4128 3058 4197 εὐστόμων
3094 4129 3189 4183 τοῦ
3219 4131 3470 4204 Σωτῆρος
3502 4135 3772 4205 ἐπιτύχω-

2192 4233 2291 4284 μεν
2323 4215 2374 4269 λι
2382 4217 2579 4286 μένων,

2312 4326 2480 4379 ΡΛΑ’.
2503 4308 2571 4366 -έ
2597 4329 2861 4397 Λογγίνῳ
2889 4330 3318 4402 ἀρχιμιινδρίτῃ
3350 4335 3632 4403 Δολιχῆς.

576 4446 648 4501 Ει
692 4447 871 4502 zelum
911 4462 1014 4517 pro
1058 4445 1283 4516 pietate,
1337 4454 1394 4501 et
1437 4446 1761 4501 cbaritatem
1803 4446 1861 4499 in
1899 4446 2087 4515 proxi-

2264 4439 2376 4494 Καὶ
2404 4440 2494 4492 τὸν
2533 4438 2673 4510 ὑπὲρ
2699 4440 2798 4510 τῆς
2841 4441 3123 4507 εὐσεϐείας
3155 4443 3335 4513 ζῆλον,
3369 4446 3466 4497 καὶ
3502 4445 3600 4514 τὴν
3633 4449 3770 4518 περὶ

509 4553 661 4592 mum
689 4537 880 4608 religio
905 4546 1088 4593 vestra
1124 4537 1447 4593 declaravit.
1477 4536 1783 4604 Utrumque
1808 4535 1954 4590 enim
1985 4537 2092 4593 hoc

509 4638 759 4699 tempore
804 4644 1112 4685 connexum
1164 4638 1270 4684 est.
1335 4628 1443 4682 Pro
1492 4626 1808 4696 apostolicis
1852 4643 2090 4698 namque

510 4720 860 4791 dogmatibus
888 4717 1452 4790 oppugnamur,quod
1490 4726 1774 4787 paternam
1796 4719 2091 4775 haeredita-

513 4819 625 4866 tem
674 4826 785 4867 non
829 4811 1172 4881 projicimus,
1212 4808 1311 4863 sed
1354 4807 1573 4877 quidvis
1622 4808 1735 4879 pati
1782 4811 2089 4873 malumus,

508 4918 675 4973 quam
728 4902 938 4971 apicem
989 4914 1162 4954 unum
1212 4897 1280 4954 de
1330 4898 1641 4969 evangelica
1690 4898 1795 4953 ﬁde
1846 4899 2092 4953 ablatum

510 5001 886 5049 contemnere.
930 4990 1387 5046 Communicastis
1425 5004 1555 5060 ergo
1596 4990 1945 5061 passionibus
1989 5005 2093 5044 no-

510 5082 665 5147 stris,
702 5090 819 5137 tum
858 5096 957 5152 per
998 5081 1211 5137 litteras
1248 5081 1618 5145 consolantes,
1652 5089 1768 5134 tum
1809 5078 2094 5134 mittentes

512 5173 1005 5229 reverendissimos
1054 5187 1121 5227 ac
1179 5172 1624 5242 religiosissimos
1674 5167 1989 5222 Mattbaeum
2038 5177 2093 5225 et

510 5263 746 5320 lsacium
799 5261 1058 5317 diaconos
1099 5279 1113 5315 :
1155 5261 1523 5332 audietisque,
1569 5266 1654 5313 sat
1693 5258 1829 5323 scio,
1864 5273 1896 5312 a
1935 5259 2086 5330 justo

454 5420 463 5437 Ι
509 5353 705 5409 Iudice
738 5370 752 5407 :
797 5370 816 5404 ι
854 5351 913 5406 In
941 5368 1163 5407 carcere
1188 5368 1360 5417 eram,
1402 5360 1458 5406 et
1486 5348 1718 5404 venistis
1748 5348 1815 5403 ad
1851 5364 1936 5404 me
1959 5350 2027 5403 ⁸⁵.
2060 5368 2079 5401 ι

511 5445 667 5501 Licet
697 5444 844 5500 enim
874 5444 1011 5500 viles
1042 5445 1239 5510 simus,
1268 5460 1331 5498 ac
1363 5441 1571 5513 pusilli,
1596 5445 1653 5493 et
1672 5456 1869 5510 magno
1890 5455 2087 5510 pecca-

512 5545 695 5593 torum
726 5550 894 5592 onere
922 5538 1152 5609 gravati,
1178 5545 1235 5592 at
1259 5533 1580 5606 magniﬁcus
1608 5534 1622 5551 '
1647 5540 1704 5587 et
1734 5532 1977 5587 liberalis
2004 5542 2090 5587 cst

585 5689 629 5721 "
666 5692 785 5747 Act.
821 5708 934 5757 vm,
965 5690 1018 5743 ο.
1096 5691 1141 5721 ⁸¹
1165 5688 1320 5743 Joan.
1344 5702 1418 5751 vi,
1455 5685 1541 5738 52.
1619 5686 1664 5718 ⁸³
1698 5685 1829 5739 an.
1860 5702 1990 5753 χχιι,
2030 5688 2115 5743 19.

2189 4533 2280 4586 τὸν
2310 4531 2479 4596 πέλας
2509 4533 2731 4605 ἀγάπην
2761 4533 2957 4598 ἔδειξεν
2987 4535 3141 4606 ὑμῶν
3173 4538 3526 4606 ήθεοσέὸεια.
3560 4541 3769 4611 Ἀμφό-

2188 4640 2323 4694 τερα
2352 4626 2458 4694 γὰρ
2489 4624 2581 4676 ἐπὶ
2611 4623 2704 4678 τοῦ
2740 4625 3007 4696 παρόντος
3038 4627 3409 4692 συνέζευκται.
3448 4630 3614 4699 Ὑπὲρ
3652 4631 3770 4701 γὰρ

2190 4714 2299 4768 τῶν
2340 4714 2716 4769 ἀποστολικῶν
2771 4717 3164 4789 πολεμούμεθα
3195 4719 3520 4789 δογμάτων,
3574 4722 3771 4793 ἐπειδὴ

2190 4804 2285 4857 τὸν
2314 4804 2567 4875 πατρῷον
2593 4805 2655 4858 οὐ
2684 4807 2990 4878 προϊέμεθα
3030 4809 3249 4879 κλῆρον,
3280 4810 3418 4864 ἀλλὰ
3452 4813 3559 4865 πᾶν
3587 4813 3772 4866 ὁτιοῦν

2194 4894 2387 4948 παθεῖν
2426 4896 2730 4967 αἱρούμεθα
2767 4899 2988 4970 μᾶλλον,
3010 4901 3053 4971 ἢ
3107 4902 3237 4971 μίαν
3283 4903 3512 4974 κεραίαν
3559 4905 3624 4956 ὲκ
3664 4905 3773 4973 τῆς

2194 4985 2554 5054 εὐαγγελικῆς
2597 4988 2834 5048 πίστεως
2884 4992 3134 5062 παριδεῖν
3189 4992 3542 5063 συλουμένην.
3571 4994 3774 5047 Κεκοι-

2192 5082 2475 5150 νωνήκατε
2526 5080 2703 5135 τοίνυν
2765 5082 2897 5153 ἡμῖν
2934 5082 3042 5137 τῶν
3100 5083 3473 5154 παθημάτων,
3526 5085 3625 5139 καὶ
3677 5086 3775 5139 διὰ

2193 5170 2535 5242 γραμμάτων
2567 5170 3091 5242 ψυχαγωγήσαντες,
3144 5175 3238 5227 καὶ
3284 5173 3601 5243 πέμψαντες
3631 5176 3774 5246 πρὸς

2194 5261 2342 5332 ἡμᾶς
2370 5261 2497 5325 τοὺς
2521 5264 2885 5332 τιμιωτάτους
2917 5265 3009 5317 καὶ
3036 5264 3465 5328 εὐλαϐεστάτους
3488 5265 3772 5319 Ματθαίον

2193 5354 2290 5407 καὶ
2321 5353 2574 5423 Ἰσαὰκην
2608 5356 2732 5417 τοὺς
2765 5354 3080 5418 διακόνους·
3122 5356 3238 5421 καὶ,
3267 5349 3328 5409 εὖ
3361 5351 3499 5420 οἶδα,
3539 5355 3775 5409 ἀκούσε-

2197 5443 2291 5497 σθε
2322 5445 2472 5516 παρὰ
2510 5445 2606 5499 τοῦ
2638 5446 2849 5500 δικαίου
2888 5446 3092 5516 Κριτοῦ
3114 5463 3128 5478 ·
3165 5465 3185 5496 ι
3223 5447 3313 5501 Ἐν
3341 5446 3554 5518 φυλακῇ
3596 5446 3773 5517 ἢμην,

2195 5534 2291 5587 καὶ¹
2327 5534 2517 5605 ἤλθετε
2568 5535 2706 5607 πρός
2735 5554 2824 5606 με.
2862 5554 2882 5586 ι
2928 5536 2993 5588 Et
3031 5534 3141 5605 γὰρ
3186 5536 3282 5590 καὶ
3326 5537 3489 5607 ἡμεῖς
3531 5535 3775 5601 εὐτελεῖς

2195 5688 2242 5720 ⁵⁸
2266 5688 2286 5742 Ι
2309 5688 2435 5744 Cor.
2476 5706 2549 5755 xu,
2573 5690 2661 5745 24.
2741 5692 2785 5724 ⁸⁸
2812 5690 3001 5746 Matth.
3038 5706 3160 5757 xxv,
3183 5690 3269 5746 56.
