4072 6418
306 335 458 402 1349

1607 300 1969 404 EPISTOLA
2011 343 2333 405 CXXXIII.

3456 366 3596 433 i350

305 450 414 502 καὶ
444 447 694 519 σμικροὶ,
719 447 815 500 καὶ
858 445 1029 500 πολὺν
1061 446 1480 519 ἁμαρτημάτων
1524 449 1723 521 φόρτον
1755 466 1885 524 περι

1991 453 2305 510 Dominus.
2359 457 2655 530 Propterea
2701 465 2918 536 1220
2961 483 3073 523 non
3122 486 3464 543 magnorum,
3501 483 3597 536 sed

301 542 584 611 κείμενοι,
616 539 731 592 ἀλλ’
782 541 811 592 ό
856 538 1134 610 Δεσπότης
1165 539 1450 610 φιλότιμός
1478 557 1538 593 τε
1581 543 1675 594 καὶ
1728 560 1902 613 μεγα-

297 636 569 705 λόδωρος.
613 633 712 686 Διά
747 649 829 686 τοι
860 632 1019 686 τοῦτο
1045 633 1105 686 οὐ
1144 633 1253 686 τῶν
1297 634 1567 703 μεγάλων,
1622 634 1755 689 ἀλλὰ
1791 636 1901 689 τῶν

300 724 568 797 σμικρῶν
599 724 895 795 μέμνηται,
927 724 1021 776 καί
1052 740 1248 793 φησιν·
1282 742 1301 775 ι
1325 725 1439 793 Ἐφ’
1462 726 1584 777 ὅσον
1607 727 1901 797 ἐποιήσατε

298 816 397 869 ἑνὶ
421 814 531 868 τῶν
556 812 807 883 σμικρῶν
829 812 938 866 τῶν
965 812 1266 883 ἐλαχίστων
1299 814 1406 867 τῶν
1428 817 1794 870 πιστευόντων
1818 818 1900 880 είς

296 906 436 974 ἐμὲ,
490 905 613 974 ἐμοὶ
654 905 969 973 ἐποιήσατε.
1001 922 1019 953 ι
1072 903 1290 975 Ἐπειδὴ
1323 906 1503 958 τοίνυν
1548 906 1644 961 καὶ
1684 909 1741 959 ἐν
1789 909 1901 972 τοῖς

294 996 495 1066 ὀρθοῖς
528 994 860 1065 διαπρέπετε
903 993 1158 1064 δόγμασι,
1195 997 1289 1047 καὶ
1319 995 1396 1066 τῷ
1435 996 1733 1067 ἀξιεπαίνῳ
1762 997 1901 1067 λάμ·

299 1104 448 1139 πετε
479 1085 599 1156 βίῳ,
633 1086 728 1139 καὶ
767 1084 969 1155 πολλὴν
1001 1084 1252 1139 ἐντεῦθεν
1294 1085 1428 1156 πρὸς
1453 1086 1544 1139 τὸν
1571 1086 1705 1139 Θεὸν
1747 1086 1899 1157 ἔχετε

296 1177 665 1249 παρρησίαν,
701 1177 1022 1247 ἐπαμύνατέ
1070 1195 1162 1248 μοι
1211 1181 1334 1241 ταῖς
1387 1183 1752 1249 προσευχαῖς,
1813 1179 1900 1233 ἵνα

294 1270 589 1339 ἀντισχεῖν
610 1268 844 1339 δυνηθῶ,
869 1269 1011 1322 κατὰ
1031 1268 1130 1340 τὴν
1151 1270 1513 1341 ἀποστολικὴν
1536 1271 1737 1340 φωνὴν,
1763 1270 1898 1341 πρὸς

292 1359 409 1426 τὰς
445 1358 724 1429 μεθοδείας
748 1360 850 1430 τῆς
880 1358 1112 1429 πλάνης,
1141 1360 1232 1414 καὶ
1256 1360 1505 1430 διαφύγω
1532 1360 1631 1426 τὰς
1654 1360 1745 1415 τοῦ
1771 1361 1900 1414 ἁλά-

2012 559 2305 614 parvorum
2353 553 2690 609 mentionem
2747 555 2916 625 facit,
2967 559 3157 618 dicens
3201 583 3214 617 :
3267 585 3285 616 ‹
3317 565 3596 633 Quantum

2010 634 2218 691 fecistis
2264 641 2359 693 uni
2411 657 2479 697 ex
2529 647 2711 714 parvis
2773 649 2895 705 istis
2956 652 3223 721 minimis,
3267 659 3362 727 qui
3401 660 3456 714 in
3507 679 3594 719 me

2009 726 2264 793 credunt,
2291 731 2424 784 mihi
2461 732 2669 791 fecistis
2698 738 2784 793 ⁵⁸⁸.
2821 758 2838 791 ›
2884 740 3153 807 Quoniam
3188 726 3319 818 ergo
3346 758 3403 804 et
3431 754 3598 809 rectis

2008 816 2358 889 dogmatibus
2383 825 2673 893 excellitis,
2708 839 2763 885 et
2788 830 3048 888 laudabili
3083 836 3195 890 vita
3226 816 3507 906 relucetis,
3540 856 3597 900 et

2006 925 2261 981 magnam
2306 915 2543 984 proinde
2587 920 2728 988 apud
2772 922 2941 977 Deum
2991 925 3246 983 fiduciam
3301 932 3589 1000 obtinetis,

2006 1001 2264 1072 adjuvate
2310 1022 2398 1062 me
2445 1010 2731 1079 precibus,
2772 1020 2832 1067 ut
2882 1017 3138 1073 resistere
3177 1022 3402 1090 possim.
3435 1027 3590 1095 juxta

2005 1105 2194 1146 vocem
2242 1093 2490 1164 Apostoli
2526 1099 2593 1163 ⁸⁸,
2644 1099 2906 1158 adversus
2960 1106 3188 1165 insidias
3236 1093 3478 1180 erroris,
3533 1126 3590 1172 et

2005 1182 2229 1249 pessimi
2272 1184 2535 1242 daemonis
2587 1191 2893 1249 tendieulas
2938 1196 3217 1270 effugiam,
3253 1211 3308 1257 et
3330 1206 3414 1259 vel
3463 1222 3588 1262 cum

2003 1270 2200 1341 exigua
2226 1272 2448 1343 fiducia,
2476 1278 2533 1332 in
2559 1281 2651 1335 die
2675 1285 3042 1353 apparitionis
3069 1306 3155 1346 me
3191 1293 3376 1364 sistam
3404 1312 3588 1353 coram

1998 1360 2150 1432 justo
2179 1363 2393 1421 Judice.

296 1470 508 1524 στορος
542 1452 746 1520 πάγας,
799 1454 894 1509 καὶ
932 1455 1069 1525 μετὰ
1121 1456 1362 1525 σμικρᾶς
1424 1455 1736 1528 παρρησίας
1775 1458 1832 1509 ἐν
1902 1457 1962 1527 τῇ
2000 1456 2100 1527 τῆς
2165 1460 2489 1528 ἐπιφανείας
2546 1463 2730 1535 ἡμέρᾳ
2778 1471 3045 1538 παραστῶ
3090 1472 3202 1545 (92)
3262 1474 3340 1548 τῷ
3394 1477 3589 1552 δικαίῳ

295 1547 513 1617 Κριτῇ.

489 1656 656 1710 PAB'.
683 1686 754 1697 -—
786 1658 905 1725 Ἰϐᾳ
937 1657 1250 1726 ἐπισκόπῳ
1291 1660 1545 1731 Ἑδέσης
1573 1661 1709 1733 (95).

380 1771 523 1832 Τοὺς
563 1770 954 1842 ἀδικουμένους
987 1773 1087 1826 οὐκ
1136 1773 1388 1845 ἀθυμεῖν,
1433 1775 1567 1828 ἀλλὰ
1607 1775 1816 1846 χαίρειν
1861 1776 1890 1829 ό

297 1863 592 1934 Δεσπότης
635 1863 990 1934 προσέταξεν,
1026 1866 1121 1919 καὶ
1173 1867 1237 1919 ἐκ
1285 1867 1394 1920 τῶν
1438 1866 1683 1921 παλαιῶν
1709 1867 1889 1921 ἕλκειν

299 1953 778 2024 παραδειγμάτων
824 1953 924 2024 τῆς
962 1953 1321 2024 ψυχαγωγίας
1348 1955 1446 2020 τὰς
1477 1956 1749 2029 ἀφορμάς.
1796 1956 1889 2008 Ἐκ

297 2045 417 2116 γάρ
448 2044 555 2096 τῶν
586 2045 801 2115 πρῶτον
837 2044 1053 2115 φύντων
1098 2046 1403 2119 ἀνθρώπων
1431 2047 1592 2119 μέχρι
1621 2046 1714 2101 τοῦ
1749 2065 1890 2118 παρα

295 2135 459 2199 ὄντος
502 2136 723 2207 καιροῦ,
757 2136 885 2200 τοὺς
937 2138 1030 2191 τὸν
1067 2137 1205 2191 ὅλων
1252 2139 1681 2203 ἐσπουδακότας
1710 2138 1888 2192 σέϐειν

296 2226 443 2279 Θεὸν
464 2226 609 2280 ἐστιν
639 2228 819 2299 εὑρεῖν
854 2228 1003 2301 παρὰ
1034 2227 1142 2281 τῶν
1186 2229 1644 2299 συμϐεϐιωκότων
1675 2228 1890 2302 ἀνθρὼ-

296 2335 426 2371 πων
475 2317 860 2388 ἠδικημένους,
916 2320 1010 2371 καὶ
1045 2320 1319 2381 πλείστοις
1360 2320 1500 2387 ἄγαν
1540 2337 1890 2390 περιπεπτω-

297 2409 471 2470 κότας
495 2408 757 2479 ἀνιαροῖς.
776 2408 887 2461 Καὶ
913 2407 1119 2462 τούτων
1144 2407 1208 2461 ἂν
1229 2409 1318 2461 τὸν
1342 2408 1642 2476 κατάλογον
1669 2408 1888 2463 ἅπαντα

295 2499 605 2569 διεξῆλθον,
637 2497 796 2571 εἴπερ
817 2497 1138 2551 ἐπέστελλον
1162 2498 1316 2569 ἀνδρὶ
1340 2497 1437 2569 τὴν
1468 2497 1619 2552 θείαν
1642 2498 1888 2572 ἀκριϐῶς

295 2592 404 2645 οὐκ
444 2589 796 2660 ἐπισταμένῳ
838 2591 1082 2662 Γραφήν.
1129 2590 1347 2662 Ἐπειδὴ
1391 2591 1447 2644 δὲ
1491 2590 1743 2645 παιδόθεν
1775 2594 1887 2657 τοῖς

298 2683 471 2746 θείοις
529 2683 831 2754 ἐνετράφης
890 2680 1111 2750 λογίοις,
1162 2681 1564 2750 θεοφιλέστατε,
1611 2681 1886 2751 παρέλκον

296 2768 461 2845 οἶμαι
499 2772 658 2826 τοῦτο
710 2775 905 2826 ποιεῖν.
949 2773 1043 2835 Et;
1081 2770 1321 2835 ἐκείνους
1352 2772 1409 2826 δέ
1460 2773 1619 2842 μόνον
1676 2773 1886 2845 ἀφορᾷν

296 2866 462 2931 ἀξιῶ,
506 2865 598 2918 καὶ
645 2864 756 2917 τῶν
801 2863 1333 2935 φιλανθρωποτάτων
1373 2863 1563 2935 ἱερέων
1614 2865 1739 2928 τοὺς
1788 2865 1886 2935 μὲν

298 2955 636 3026 ἠδικηκότας
664 2956 903 3026 θρηνεῖν,
936 2956 1061 3018 τούς
1102 2954 1158 3008 δὲ
1188 2954 1543 3027 παρορῶντας
1574 2954 1763 3019 ἐλεεῖν,
1795 2953 1886 3007 καὶ

297 3045 395 3098 τὸν
434 3046 534 3115 μὲν
565 3045 662 3115 τῆς
713 3044 1041 3116 Ἐκκλησίας
1085 3043 1371 3115 ὀδύρεσθαι
1407 3043 1653 3098 κλύδωνα
1674 3062 1686 3075 ’
1717 3045 1796 3098 ὅτι
1831 3043 1887 3098 δέ

298 3137 414 3190 τῶν
453 3137 595 3206 ὑπὲρ
642 3136 741 3206 τῆς
791 3133 1076 3198 εὐσεϐείας
1135 3134 1478 3206 παθημάτων
1527 3136 1880 3204 μετέσχομεν,

299 3227 516 3297 χαίρειν
567 3225 663 3280 καὶ
717 3226 1038 3294 γάννυσθαι,
1089 3227 1185 3279 καὶ
1227 3226 1319 3279 τὸν
1356 3225 1560 3297 ταύτης
1603 3229 1754 3297 ἡμᾶς
1785 3228 1884 3298 τῆς

304 3318 526 3389 μερίδος
556 3317 900 3387 πεποιηκότα
928 3316 1192 3388 διηνεκῶς
1226 3319 1504 3388 ἀνυμνεῖν.
1542 3318 1886 3390 Παραχωρή-

302 3426 492 3480 σωμεν
529 3412 643 3473 τοῖς
667 3409 989 3463 ἀπεκτονόσι
1023 3410 1117 3462 καὶ
1151 3409 1337 3479 τιμῆς,
1379 3411 1474 3462 καὶ
1512 3411 1745 3480 τρυφῆς,
1788 3409 1886 3462 καὶ

302 3501 618 3573 προεδρίας,
652 3502 746 3555 καὶ
779 3502 878 3573 τῆς
912 3501 1175 3571 δυστήνου
1202 3499 1383 3572 δόξης.
1425 3501 1600 3555 Μόνον
1627 3502 1683 3554 δὲ
1726 3504 1885 3571 ἡμεῖς

298 3592 413 3645 τῶν
450 3593 823 3660 εὐαγγελικῶν
845 3592 1130 3662 δογμάτων
1168 3591 1444 3662 ἐχώμεθα,
1477 3590 1572 3644 καὶ
1595 3591 1710 3661 μετ’
1742 3591 1886 3644 ἐκεί-

299 3703 410 3738 νων
437 3684 503 3738 ἃν
527 3685 626 3756 δέη
654 3686 763 3739 πᾶν
783 3683 962 3737 ὁτιοῦν
986 3684 1234 3752 ἀλγεινὸν
1262 3685 1645 3755 ὑπομένωμεν,
1667 3683 1760 3737 καὶ
1784 3684 1886 3753 τὴν

298 3778 622 3848 ἀξιόκτητον
648 3777 841 3831 πενίαν
871 3778 967 3831 τοῦ
997 3777 1416 3847 πολυφρόντιδος
1457 3776 1887 3848 προτιμήσωμεν

300 3869 563 3925 πλούτου.
594 3869 782 3923 Ταῦτα
812 3870 869 3922 δὲ
890 3868 1111 3941 γράφω,
1140 3870 1199 3922 οὐ
1232 3870 1555 3939 παραίνεσιν
1610 3869 1878 3941 εἰσφέρων

302 3961 502 4032 (ἔγνων
526 3961 636 4032 γάρ
666 3978 759 4014 σου
802 3961 901 4031 τῆς
932 3959 1211 4030 ὁσιότητος
1251 3960 1351 4031 τὴν
1383 3963 1442 4014 ἐν
1482 3962 1593 4024 τοῖς
1623 3960 1888 4029 ἀλγεινοῖς

299 4050 662 4123 παρρησίαν),
696 4052 833 4105 ἀλλὰ
861 4052 962 4122 τὴν
997 4052 1236 4122 ἐμαυτοῦ
1258 4051 1483 4123 γνώμην
1515 4052 1683 4123 δήλην
1718 4054 1782 4122 τῇ
1817 4054 1885 4123 σῇ

299 4143 552 4215 φιλοθεῖᾳ
604 4144 794 4208 ποιῶν,
846 4144 942 4198 καὶ
1002 4144 1270 4198 διδάσκων
1315 4145 1390 4208 ὡς
1427 4143 1593 4215 ἔχεις,
1629 4145 1883 4209 δέσποτα,

299 4236 714 4302 συναγωνιστάς
743 4236 997 4306 ἀσμένως
1023 4237 1125 4306 τῆς
1153 4235 1409 4305 ἀληθείας
1440 4234 1886 4308 προκινδυνεύον-

245 4340 261 4353 ’
296 4342 422 4389 τας.
466 4325 636 4379 Τοῦτο
677 4325 845 4380 πάλαι
893 4325 1177 4397 βουληθεὶς
1224 4324 1547 4390 ἐπιστεῖλαι,
1583 4327 1682 4395 οὐχ
1725 4318 1885 4396 εὖρον

296 4421 396 4473 τὸν
426 4418 723 4490 κομιοῦντα
751 4418 819 4472 τὰ
854 4419 1178 4490 γράμματα.
1229 4417 1533 4489 Ἐπιτυχὼν
1560 4418 1618 4472 δὲ
1652 4417 1748 4472 νῦν
1787 4417 1881 4472 τοῦ
1913 4400 1959 4458 ί)

296 4512 636 4581 τιμιωτάτου
684 4513 780 4564 καὶ
812 4511 1208 4564 εὐλαϐεστάτου
1255 4510 1628 4581 πρεσϐυτέρου
1677 4509 1882 4576 Ὄζέου,

298 4601 495 4672 ἀνδρὸς
541 4603 638 4655 καὶ
679 4604 775 4673 τῆς
812 4602 1094 4663 εὐσεϐείας
1135 4601 1603 4674 ὑπερμαχοῦντος,
1650 4601 1746 4654 καὶ
1785 4602 1886 4672 τῆς

300 4693 403 4762 σῆς
433 4692 803 4764 ἐξηρτημένον
842 4693 1148 4760 εὐσεϐείας,
1193 4695 1288 4747 καὶ
1325 4692 1544 4765 γράφω,
1590 4693 1687 4747 καὶ
1723 4710 1883 4764 περι-

298 4770 617 4853 πτύσσομαί
669 4801 765 4837 σου
810 4784 909 4855 τὴν
954 4786 1228 4856 ὁσιότητα,
1276 4787 1372 4839 καὶ
1418 4784 1719 4856 παρακαλῶ
1764 4786 1886 4847 ταῖς

300 4878 636 4945 προσευχαῖς
686 4877 833 4945 ἡμᾶς
880 4876 1226 4947 ὑπερείδειν,
1285 4877 1381 4930 καὶ
1446 4876 1723 4948 στηρίζειν
1773 4879 1886 4940 τοῖς

297 4964 647 5034 γράμμασιν.

392 5074 560 5128 ΡΛΓ¹.
592 5104 663 5115 --
708 5075 957 5145 Ἰωάννῃ
994 5077 1305 5142 ἐπισκόπῳ
1334 5079 1785 5146 Γερμανικείας.

377 5184 504 5238 ’Ότι
540 5186 637 5256 μὲν
662 5190 761 5239 οὐκ
792 5190 1147 5258 ἀμνημονεῖς,
1188 5188 1447 5250 δέσποτα,
1476 5189 1572 5259 τῆς
1610 5188 1887 5259 ἡμετέρας

297 5274 509 5345 φιλίας,
543 5277 638 5328 καὶ
671 5276 841 5346 ᾔδειν,
894 5279 988 5329 καὶ
1020 5272 1133 5330 οἶδα
1188 5277 1392 5345 σαφῶς.
1449 5275 1786 5347 Ἐϐουλόμην
1828 5276 1901 5329 δέ-

295 5369 456 5437 ὅμως
484 5368 576 5419 καὶ
610 5367 878 5439 ηὐχόμην,
903 5369 1004 5439 τὴν
1038 5370 1136 5439 μὲν
1160 5367 1271 5440 {94)
1313 5369 1411 5436 σὴν
1448 5367 1757 5421 θεοσέϐειαν
1786 5367 1886 5438 τῆς

374 5521 442 5551 η’
468 5517 660 5574 Matth.
700 5537 826 5588 xxv,
861 5522 947 5577 ιο.
1028 5524 1072 5555 ³⁸
1106 5524 1307 5593 Ephes-
1342 5539 1414 5587 ιν,
1462 5523 1547 5579 M-

379 5673 493 5750 (ἐξῇ)
518 5675 597 5750 ita
628 5684 774 5731 recte
811 5676 1181 5750 Neap.__Sirm._
1202 5678 1439 5750 habebat
1465 5697 1478 5732 :
1504 5680 1671 5750 παρά.

386 5745 497 5818 (95)
531 5745 757 5814 Baron.,
790 5745 1045 5814 tomiVl,
1078 5763 1131 5816 p.
1160 5748 1257 5802 101
1294 5763 1413 5817 seq.
1466 5748 1532 5802 ad
1584 5745 1633 5803 ξι.
1677 5749 1737 5803 C.
1766 5749 1891 5814 M9,

2278 1660 2537 1721 CXkXIl.
2571 1698 2639 1708 —-
2668 1670 2777 1725 Iba
2810 1675 3045 1746 episcopo
3079 1676 3286 1731 Edeste.

2068 1776 2178 1832 Eos
2220 1780 2315 1849 qui
2371 1780 2626 1851 injuriam
2677 1786 2967 1856 patiuntur
3013 1790 3199 1846 animo
3243 1808 3352 1849 non
3394 1794 3580 1865 dejici,

1998 1866 2093 1919 sed
2133 1870 2371 1938 gaudere
2407 1872 2671 1930 Dominus
2705 1877 2891 1948 jussit,
2925 1888 2980 1935 et
3013 1883 3404 1941 consolationis
3436 1888 3582 1945 invi-

1997 1965 2236 2014 tamenta
2269 1977 2338 2016 ex
2369 1964 2613 2035 antiquis
2636 1971 2902 2040 exemplis
2942 1971 3169 2028 ducere.
3214 1974 3345 2031 Post
3372 1979 3583 2047 primos

1996 2053 2145 2108 enim
2183 2055 2436 2112 homines
2472 2067 2635 2115 natos
2675 2061 2743 2115 ad
2779 2062 2887 2117 hoc
2922 2078 3098 2133 usque
3133 2073 3351 2136 tempus
3388 2069 3583 2125 obser—

1996 2161 2127 2201 vare
2176 2156 2281 2211 est,
2317 2149 2597 2205 studiosos
2646 2152 2744 2208 Dei
2790 2153 3174 2210 universorum
3221 2158 3466 2231 cultores
3512 2162 3583 2217 ab

1998 2235 2067 2291 iis
2120 2236 2452 2307 quibuscum
2504 2239 2768 2296 vivebant
2817 2241 3038 2314 injuriis
3088 2254 3315 2300 vexatos
3366 2262 3586 2319 semper

1996 2326 2190 2393 fuisse,
2217 2329 2593 2401 plurimasque
2619 2341 2675 2387 et
2700 2349 2895 2403 graves
2918 2334 2974 2389 in
2999 2336 3278 2392 molestias
3302 2337 3583 2394 incidisse.

1954 2452 1967 2459 α
1995 2417 2240 2484 Quorum
2282 2435 2384 2491 ego
2436 2421 2712 2493 integrum
2762 2426 3071 2496 cat-alogum
3120 2442 3497 2495 recenserem,
3537 2430 3585 2486 si

1994 2510 2061 2562 ad
2094 2509 2371 2563 hominem
2409 2513 2734 2578 scriberem,
2766 2515 2855 2570 cui
2885 2515 3073 2570 divina
3106 2516 3390 2588 Scriptura
3422 2520 3583 2590 peni-

1994 2608 2084 2655 tus
2116 2610 2374 2671 percepta
2399 2618 2507 2656 non
2533 2614 2700 2660 esset.
2734 2605 2842 2661 Sed
2873 2622 2998 2662 cum
3030 2608 3086 2662 in
3112 2608 3317 2665 divinis
3346 2610 3584 2680 eloquiis

1993 2705 2022 2744 a
2059 2707 2255 2760 puero,
2295 2693 2393 2747 Dei
2434 2696 2832 2760 amantissime.
2866 2698 2942 2753 sis
2986 2698 3274 2765 educatus,
3315 2715 3581 2770 superva-

1993 2796 2225 2836 caneum
2261 2783 2368 2838 hoc
2399 2800 2520 2839 esse
2554 2787 2818 2842 arbitror.
2852 2787 3038 2843 Solum
3068 2805 3202 2861 rogo
3239 2798 3301 2845 ut
3338 2790 3464 2846 illos
3498 2792 3582 2847 in-

1996 2875 2205 2935 tueare,
2249 2882 2416 2942 atque
2456 2889 2525 2928 ex
2569 2875 2983 2933 humanissimis
3031 2878 3152 2935 istis
3198 2881 3581 2949 sacerdotibus

1994 2975 2090 3016 eos
2124 2961 2312 3034 lugeas
2343 2966 2436 3035 qui
2473 2966 2733 3037 injuriam
2790 2969 3020 3037 faciunt,
3051 2987 3244 3027 eorum
3280 2974 3581 3031 misereare

1915 3068 1960 3128 ρ
1992 3051 2088 3121 qui
2143 3052 2455 3123 despiciunt
2490 3073 2503 3108 :
2547 3065 2661 3110 tum
2706 3057 2968 3114 Ecclesia:
3019 3060 3244 3130 quidem
3282 3064 3577 3132 procellam

1987 3142 2274 3213 deplores;
2309 3146 2456 3214 quod
2500 3163 2631 3202 vero
2667 3164 3043 3204 aerumnarum
3078 3166 3176 3220 pro
3209 3152 3415 3221 pietate
3452 3170 3576 3224 par.
3661 3170 3667 3176 ’

1986 3232 2185 3299 ticipes
2220 3233 2507 3299 fuerimus,
2542 3237 2780 3306 gaudeas
2816 3238 3024 3307 1221
3067 3249 3124 3294 et
3169 3240 3389 3306 laeteris,
3421 3252 3477 3298 et
3505 3246 3577 3300 il-

1983 3322 2101 3381 lum
2144 3324 2240 3393 qui
2295 3324 2352 3378 in
2399 3325 2543 3379 hanc
2590 3336 2793 3382 sortem
2844 3344 2946 3383 nos
2996 3329 3185 3401 allegit
3236 3331 3462 3389 laudare
3504 3352 3575 3391 ne

1985 3427 2189 3469 cesses.
2218 3413 2496 3471 Cedamus
2540 3416 2992 3473 interfectoribus
3021 3419 3292 3475 honorem
3335 3432 3392 3478 et
3432 3423 3575 3479 deli-

1985 3503 2121 3569 cias,
2154 3511 2211 3559 et
2250 3504 2399 3560 sedis
2441 3509 2882 3580 praerogativam,
2919 3517 2974 3563 et
3006 3510 3234 3580 gloriam
3275 3511 3571 3568 infelicem.

1986 3594 2224 3651 Tantum
2271 3598 2602 3668 erangelicis
2641 3614 2745 3655 nos
2792 3600 3139 3671 dogmatibus
3182 3600 3569 3667 inbwreamus.

1984 3694 2042 3740 et
2077 3701 2205 3740 cum
2235 3686 2366 3751 illis,
2403 3686 2448 3742 si
2478 3695 2619 3757 opus
2649 3699 2756 3754 est,
2787 3689 3008 3758 quidvis
3036 3705 3293 3759 asperum
3323 3690 3572 3760 perfera-

1986 3791 2137 3840 mus,
2182 3776 2627 3849 laudabilemque
2665 3789 3047 3850 paupertatem
3089 3780 3270 3851 plenis
3316 3796 3575 3837 curarum

1987 3867 2198 3924 divitiis
2245 3876 2668 3940 anteponamus.
2720 3869 2849 3927 ﬂaze
2894 3883 3079 3927 autem
3124 3872 3332 3937 scribo,
3367 3888 3477 3927 non
3513 3881 3576 3927 ut

1988 3955 2369 4012 cohortatione
2422 3965 2576 4025 utar;
2625 3958 2756 4014 novi
2807 3959 2956 4014 enim
3005 3960 3315 4017 sanctitatis
3370 3970 3478 4017 tuae
3516 3962 3577 4019 in

1986 4046 2154 4101 rebus
2205 4047 2418 4116 asperis
2461 4050 2828 4105 constantiam
2876 4069 2888 4104 :
2933 4053 3028 4107 sed
3074 4059 3137 4106 ut
3181 4052 3432 4123 religioni
3466 4062 3579 4108 tum

1987 4153 2211 4192 sensum
2244 4154 2429 4194 meum
2458 4141 2725 4210 aperiam,
2760 4143 3101 4212 doceamque
3131 4143 3338 4199 habere
3373 4153 3448 4209 te,
3476 4144 3577 4199 do-

1988 4228 2136 4283 mine
2157 4269 2171 4293 ,
2218 4231 2662 4297 commilitones,
2711 4233 2806 4302 qui
2845 4248 2904 4287 se
2947 4233 3213 4302 periculis
3243 4249 3344 4303 pro
3370 4234 3580 4303 pietate

1986 4322 2226 4379 libenter
2260 4324 2547 4394 objiciant.
2578 4325 2735 4391 Quod
2774 4326 3000 4396 quidem
3030 4326 3098 4380 ad
3139 4332 3192 4381 te
3217 4327 3331 4396 jam
3356 4325 3576 4396 pridem

1988 4415 2233 4470 scribere
2272 4431 2399 4470 cum
2439 4416 2494 4470 in
2532 4417 2720 4471 animo
2755 4427 2923 4481 esset,
2947 4432 3059 4471 non
3094 4417 3275 4472 inveni
3303 4418 3398 4487 qui
3426 4417 3575 4472 litte-

1988 4518 2080 4557 ras
2118 4502 2406 4572 perferret.
2458 4505 2619 4559 Nunc
2657 4520 2792 4560 vero
2832 4506 3357 4561 reverendissimum
3388 4513 3407 4526 '
3439 4506 3575 4560 reli-

1988 4593 2472 4664 giosissimumque
2504 4596 2887 4667 presbyterum
2920 4594 3120 4652 Ozeam
3150 4605 3365 4663 nactus,
3390 4598 3575 4653 virum

1988 4685 2083 4755 qui
2122 4693 2179 4740 et
2222 4685 2485 4755 pietatem
2534 4694 2740 4751 tuetur,
2781 4695 2838 4741 ct
2886 4686 2988 4741 tibi
3040 4687 3421 4743 deditissimus
3464 4696 3572 4750 est.
3626 4745 3635 4754 ,

1988 4774 2195 4843 scribo,
2235 4783 2291 4829 et
2336 4776 2515 4830 saluto
2551 4777 2896 4832 sanctitatem
2944 4784 3116 4841 tuam,
3163 4785 3221 4839 et
3269 4793 3368 4833 oro
3414 4784 3476 4831 ut
3519 4784 3580 4833 et

1991 4868 2251 4937 precibus
2280 4884 2369 4923 me
2396 4867 2612 4933 fulcias,
2643 4877 2701 4924 et
2729 4869 2934 4924 litteris
2965 4868 3277 4925 conﬁrmes.

2143 5078 2427 5134 CXXXIII.
2458 5108 2526 5118 —
2550 5077 2750 5131 Joanm’
2782 5075 3019 5145 episcopo
3052 5074 3420 5130 Germaniam.

2066 5192 2448 5245 Immemorem
2492 5198 2574 5253 te,
2617 5189 2871 5255 domine,
2920 5188 3178 5243 amicitia:
3222 5197 3424 5243 nostra;
3469 5202 3580 5241 non

1993 5298 2115 5338 esse
2162 5281 2404 5336 sciebam
2455 5280 2737 5350 equidem,
2781 5288 2838 5335 et
2879 5280 3092 5353 liquido
3132 5281 3281 5335 novi.
3325 5277 3435 5333 Sed
3479 5292 3581 5347 ego

1995 5370 2318 5440 religionem
2370 5377 2520 5424 tuam
2574 5370 2828 5427 volebam
2881 5379 2938 5425 et
2996 5370 3252 5441 optabam
3296 5381 3410 5423 rem
3455 5382 3582 5441 per.

1996 5679 2246 5735 eamdem
2272 5677 2437 5733 liabet
2464 5678 2771 5748 epistolam.

2077 5749 2186 5819 (94)
2219 5752 2319 5819 μὲν
2341 5749 2523 5802 addidi
2558 5764 2587 5802 e
2614 5748 2784 5818 Neap.
2818 5809 2821 5812 ς
