4072 6436
499 343 632 406 1351

1474 335 1957 398 TIIEODORETI
1996 332 2331 392 EPISCOPI
2363 336 2725 397 CYRENSIS

3609 333 3751 402 1352

495 461 692 514 lectam
726 467 1007 529 praestare,
1043 455 1593 525 conuuunionemque
1630 454 1850 507 illorum
1885 451 2066 521 fugere

2171 450 2459 522 ἀκριϐείας
2487 453 2792 522 φροντίσαι,
2837 449 2928 503 καὶ
2955 450 3146 518 φυγεῖν
3185 448 3293 502 τῶν
3324 449 3422 520 τὴν
3465 451 3752 504 εὐσέϐειαν

495 551 591 620 qui
635 552 895 622 pietatem
938 549 1330 620 prodiderunt,
1376 556 1432 602 et
1483 547 1864 602 universorum
1911 561 2070 600 cura-

497 643 606 696 tori
650 651 955 711 susceptam
1001 642 1068 695 de
1106 640 1262 694 nobis
1291 655 1478 694 curam
1511 637 1806 694 ascribere.
1849 636 2070 692 Silenti-

496 731 601 786 bus
650 733 851 802 quippe
905 732 1096 796 nobis,
1149 732 1501 800 quietemque
1553 729 1951 794 retinentibus,
2013 738 2070 784 et

433 806 435 816 ³
496 823 875 876 acerbissimas
921 821 1437 891 crudelissimasque
1482 837 1670 891 poenas
1719 821 1966 886 sustulit,
2013 831 2070 877 et

495 929 596 982 pro
659 928 798 967 saeva
866 921 1185 982 tempestate
1255 913 1543 968 candidam
1615 914 2066 983 tranquillitatem

497 1004 654 1057 istam
691 1005 900 1074 1222
938 1007 1195 1074 praebuit.
1234 1006 1344 1060 llac
1378 1022 1542 1076 porro
1580 1007 1740 1061 nobis
1773 1024 1803 1060 a
1830 1007 2067 1077 benigno

494 1094 727 1147 Domino
783 1111 1076 1158 concessa,
1140 1096 1299 1166 longe
1353 1096 1801 1151 amabilissimam
1861 1098 2066 1153 silentii

495 1184 736 1251 quietem
774 1185 1047 1239 ducimus.
1090 1186 1299 1239 Docere
1340 1185 1562 1254 quidem
1604 1202 1700 1240 eos
1733 1187 1825 1255 qui
1850 1186 2068 1257 jactatis

495 1273 550 1326 in
590 1290 691 1328 nos
734 1275 1026 1329 calumniis
1065 1275 1287 1329 abducti
1327 1283 1475 1339 sunt,
1511 1277 1881 1330 necessarium
1918 1277 2065 1330 arbi-

496 1375 708 1421 tramur
768 1368 1321 1438 evangelicorumque
1391 1369 1707 1440 dogmatum
1773 1369 2064 1423 veritatem

493 1459 804 1523 ostendere,
844 1469 899 1513 et
953 1467 1225 1513 armatum
1278 1469 1470 1514 contra
1520 1461 1666 1514 illam
1719 1460 2065 1516 mendacium

494 1547 840 1618 redarguere.
876 1547 1143 1603 Caeterum
1193 1550 1491 1604 confutatis
1525 1550 1844 1616 mendaciis,
1875 1560 1932 1606 et
1964 1552 2065 1606 do-

493 1638 734 1691 minante
775 1638 1025 1704 veritate,
1062 1654 1248 1693 rerum
1281 1641 1627 1710 publicarum
1670 1658 1858 1697 curam
1891 1643 2064 1699 decli-

492 1743 625 1782 nare
658 1730 816 1784 nobis
842 1731 1184 1800 propositum
1219 1741 1320 1798 est,
1350 1741 1405 1788 et
1435 1733 1501 1787 ad
1541 1735 1934 1802 Optatissimam
1963 1753 2064 1792 no-

2175 541 2591 612 προδεδωκότων
2618 542 2716 613 τὴν
2743 542 3048 604 κοινωνίαν,
3079 539 3355 594 ἀναθεῖναι
3382 539 3439 592 δὲ
3463 539 3541 610 τῷ
3563 541 3748 610 Κηδε-

2177 635 2299 704 μὸνι
2327 633 2434 688 τῶν
2469 633 2605 688 ὅλων
2639 634 2738 704 τὴν
2794 633 2932 704 ὑπὲρ
2964 633 3122 704 ἡμῶν
3148 631 3261 703 (95)
3309 630 3584 702 φροντίδα.
3633 633 3753 686 Καὶ

2173 726 2282 796 γὰρ
2317 725 2591 794 σιγώντων
2628 725 2785 794 ἡμῶν
2827 726 2920 777 καὶ
2955 723 3186 794 ἡσυχίαν
3221 723 3497 792 ἀγόντων,
3544 723 3643 787 τάς
3685 740 3754 775 τε

2175 817 2512 887 πικροτάτας
2552 819 2646 870 καὶ
2685 804 2973 886 ὠμοτάτας
3021 815 3263 868 διέλυσεν
3311 814 3604 885 τιμωρίας,
3649 814 3754 866 καὶ

2173 907 2295 960 ἀντὶ
2319 907 2414 960 τοῦ
2443 905 2681 978 χαλεποῦ
2713 906 2979 970 κλύδωνος
3009 905 3106 977 τὴν
3135 905 3335 976 λευκὴν
3365 905 3569 974 ταύτην
3599 923 3752 977 παρ-

2173 998 2328 1068 έσχεν
2353 999 2617 1070 γαλήνην.
2640 999 2752 1052 Καὶ
2778 998 2982 1069 ταύτης
3003 998 3062 1052 δὲ
3091 999 3221 1069 ἡμῖν
3248 996 3400 1068 παρὰ
3426 996 3523 1050 τοῦ
3553 998 3752 1066 φιλαν-

2175 1088 2394 1160 θρώπου
2430 1089 2866 1161 παρασχεθείσης
2913 1089 3206 1153 Δεσπότου,
3247 1088 3344 1159 τὴν
3383 1088 3612 1159 ἡσυχίαν
3644 1082 3715 1154 αξ

2176 1182 2559 1250 ιεραστοτάτην
2599 1181 2915 1250 νομίζομεν.
2962 1181 3155 1233 Πεῖσαι
3190 1180 3287 1250 μὲν
3323 1179 3432 1250 γὰρ
3463 1180 3590 1242 τοὺς
3621 1183 3750 1245 ταῖς

2174 1271 2294 1323 καθ’
2326 1273 2478 1340 ἡμῶν
2507 1273 2850 1341 ὑπαχθέντας
2883 1269 3267 1339 συκοφαντίαις
3291 1271 3588 1338 ἀναγκαῖον
3611 1270 3749 1324 ὐπο-

2172 1359 2544 1431 λαμὸάνομεν,
2579 1363 2674 1414 καὶ
2711 1361 2881 1425 δεῖξαι
2923 1361 3022 1431 μὲν
3051 1361 3150 1431 τὴν
3202 1361 3315 1414 τῶν
3371 1361 3749 1429 εὐαγγελικῶν

2171 1452 2456 1521 δογμάτων
2476 1451 3040 1524 ἀλήθειαν,διελέγξαι
3068 1451 3124 1504 δὲ
3152 1452 3213 1504 τὸ
3243 1453 3361 1506 κατ’
3378 1451 3557 1505 αὐτῶν
3579 1469 3749 1523 στρα-

2169 1544 2503 1614 τευσάμενον
2525 1527 2736 1614 ψεῦδος.
2775 1543 2931 1597 Μετὰ
2968 1543 3151 1614 μέντοι
3185 1543 3313 1607 τοὺς
3343 1543 3620 1614 ἐλέγχους,
3648 1545 3753 1598 καὶ

2171 1638 2268 1707 τῆς
2297 1636 2555 1706 ἀληθείας
2589 1635 2648 1688 τὸ
2681 1634 2903 1706 κράτος,
2936 1635 3128 1702 φυγεῖν
3159 1635 3288 1705 ἡμῖν
3328 1634 3612 1706 πρόκειται
3643 1635 3752 1707 τὴν

2170 1729 2279 1782 τῶν
2309 1726 2505 1782 κοινῶν
2551 1727 2869 1798 ἐπιμέλειαν
2892 1767 2907 1792 ,
2957 1725 3219 1796 καὶπρὸς
3258 1724 3358 1798 τὴν
3412 1727 3750 1799 τριπόθητον

492 1819 578 1872 bis
613 1821 854 1888 quietem
893 1836 1202 1876 recurrere.
1241 1823 1317 1876 De
1352 1823 1602 1878 veritatis
1640 1839 1771 1880 sane
1816 1826 2066 1882 hostibus

2171 1818 2303 1888 ἡμῖν
2351 1815 2580 1888 ἡσυχίαν
2620 1815 3074 1885 παλινδρομῆσαι.
3109 1815 3244 1886 Περὶ
3291 1815 3346 1868 δέ
3388 1833 3451 1885 γε
3494 1816 3603 1870 τῶν
3641 1817 3755 1888 τῆς

491 1926 616 1964 cum
643 1911 913 1980 Propheta
939 1913 1236 1967 clamamus
1268 1932 1280 1968 :
1322 1933 1340 1965 ι
1379 1915 1549 1970 Periit
1581 1918 1844 1972 memoria
1874 1934 2066 1973 eorum

491 2017 614 2054 cum
647 2002 851 2066 sonitu,
886 2010 942 2057 et
967 2004 1233 2058 Dominus
1258 2005 1314 2058 in
1347 2016 1613 2061 mternum
1640 2019 1925 2077 permanet
1945 2012 2011 2064 ⁵⁷.
2040 2029 2060 2063 ι

490 2093 566 2145 De
613 2093 774 2148 nobis
823 2103 1001 2149 autem
1057 2097 1191 2166 ipsis
1238 2096 1374 2151 illud
1422 2100 1714 2154 canimus:
1755 2121 1772 2152 ε
1808 2103 1954 2157 Misit
1998 2104 2066 2158 de

490 2195 724 2246 summo,
758 2191 815 2236 et
865 2185 1077 2254 accepit
1125 2201 1213 2239 me
1261 2204 1274 2238 :
1319 2189 1615 2257 assumpsit
1663 2206 1751 2244 me
1798 2191 1866 2245 de
1911 2193 2070 2262 aquis

489 2271 717 2336 multis,
760 2280 818 2325 et
865 2274 1072 2343 eripuit
1117 2290 1204 2329 me
1256 2275 1324 2330 de
1371 2277 1608 2332 inimicis
1651 2280 1788 2334 meis
1832 2281 2068 2338 fortissi-

491 2361 594 2415 mis
627 2363 690 2415 ⁵⁸.
733 2381 752 2413 ι
799 2362 924 2418 llaec
967 2373 1151 2420 autem
1201 2382 1351 2422 nunc
1401 2369 1584 2424 scribo
1643 2380 1766 2440 post
1825 2374 2069 2431 redditas

491 2460 628 2514 mihi
680 2462 961 2533 religionis
1009 2474 1114 2519 tuae
1159 2465 1419 2534 epistolas
1467 2466 1636 2532 duas,
1686 2467 1917 2520 alteram
1969 2482 2068 2536 per

490 2550 836 2606 Anastasium
883 2553 1224 2610 Berteensem
1271 2558 1670 2628 presbyterum,
1711 2558 1936 2611 alteram
1970 2573 2068 2626 per

491 2641 834 2699 Theodotum
869 2646 1275 2703 draconarium.
1304 2649 1479 2703 Aliam
1517 2651 1664 2704 enim
1697 2650 1882 2704 nullus
1907 2649 2067 2704 nobis

492 2735 752 2802 reddidit,
789 2738 856 2792 de
884 2754 992 2808 qua
1030 2740 1086 2793 in
1127 2741 1422 2810 postremis
1454 2740 1655 2794 litteris
1684 2740 1958 2795 indicasti.
1989 2741 2066 2795 De

488 2836 676 2883 nostra
697 2844 828 2884 vero
855 2830 996 2884 istuc
1021 2830 1357 2900 profectione
1391 2831 1636 2886 scribere
1661 2832 1797 2886 nihil
1820 2847 2064 2902 possum,

489 2919 812 2988 priusquam
863 2935 1190 2990 cognoscam
1237 2920 1369 2990 quid
1421 2922 1489 2976 de
1538 2923 1697 2976 nobis
1745 2923 2068 2992 praeceperit

489 3010 772 3078 piissimus
806 3012 1123 3080 imperator.
1155 3012 1409 3066 Nondum
1437 3013 1584 3067 enim
1613 3013 1956 3068 advenerunt
1982 3014 2068 3070 ha:

491 3103 705 3158 littera.

665 3214 943 3272 CXXXW.
971 3245 1041 3257 —-
1075 3216 1358 3273 Theoctisto
1392 3218 1630 3290 episcopo
1666 3216 1882 3273 Beroeaa.

565 3331 921 3402 interrogavit
965 3333 1233 3402 quispiam
1290 3331 1647 3397 Salvatorem,
1683 3341 1739 3388 et
1764 3333 2034 3404 Legislato

495 3438 628 3488 rem,
665 3432 718 3476 et
750 3424 1058 3488 Dominum,
1091 3423 1365 3492 quodnam
1398 3425 1692 3478 maximum
1725 3425 1798 3478 sit
1834 3425 2062 3480 manda-

496 3522 632 3566 tum.
666 3513 734 3567 Et
769 3513 858 3567 ille
889 3514 1173 3582 respondit
1208 3531 1220 3566 :
1265 3533 1282 3564 ι
1316 3515 1515 3585 Diliges
1560 3516 1848 3570 Dominum
1890 3518 2064 3571 Deum

496 3610 646 3656 tuum
686 3619 752 3657 ex
786 3613 901 3658 toto
936 3604 1101 3658 corde
1143 3613 1260 3668 tuo,
1291 3613 1341 3657 el
1383 3620 1450 3658 ex
1479 3613 1589 3659 tota
1614 3608 1629 3626 °
1658 3605 1838 3660 anima
1871 3614 1984 3671 tua,
2009 3614 2066 3660 et

492 3711 558 3747 ex
586 3702 693 3748 tota
720 3705 900 3749 mente
925 3704 1015 3749 tua
1043 3697 1118 3760 l’3;
1153 3715 1170 3746 ι
1203 3703 1258 3750 et
1281 3696 1479 3767 adjecit
1513 3713 1525 3748 :
1562 3717 1579 3747 ι
1607 3697 1721 3752 lloc
1745 3707 1830 3752 est
1854 3699 2063 3768 1223

493 3786 728 3853 primum
758 3785 1102 3852 mandatum;
1139 3788 1436 3842 secundum
1469 3798 1652 3844 autem
1688 3789 1863 3844 simile
1889 3789 2019 3844 huic
2048 3808 2061 3843 :

492 3875 693 3945 Diliges
728 3876 1034 3944 proximum
1078 3886 1232 3932 tuum
1295 3879 1438 3934 sicut
1462 3880 1696 3948 teipsum
1718 3879 1794 3944 ⁸ος
1823 3902 1840 3931 ι
1861 3889 1916 3935 et
1938 3882 2066 3936 sub-

488 3965 670 4033 junxit
696 3983 709 4017 :
751 3985 766 4016 ‹
803 3965 860 4019 1η
890 3966 976 4020 his
1003 3968 1216 4022 duobus
1241 3971 1510 4024 mandatis
1536 3971 1791 4024 universa
1816 3981 1898 4024 lex
1933 3987 2066 4040 pen-

494 4055 604 4117 det,
635 4063 691 4108 et
724 4058 1000 4126 prophetae
1032 4059 1097 4110 σί.
1132 4078 1150 4110 ι
1188 4059 1290 4126 Qui
1326 4061 1493 4131 igitur
1528 4062 1646 4116 haec
1677 4072 1878 4126 servat,
1918 4063 2064 4117 haud

494 4145 660 4200 dubie
688 4153 854 4200 totam
873 4148 1044 4218 legem
1064 4149 1273 4219 implet,
1303 4151 1458 4221 juxta
1484 4151 1860 4207 definitionem
1886 4153 2067 4206 Domi-

494 4238 710 4304 nicam;
760 4240 855 4308 qui
895 4254 1028 4295 vero
1069 4242 1489 4312 transgreditur,
1513 4243 1684 4297 totius
1722 4243 1857 4314 legis
1886 4253 2064 4298 trans-

494 4341 709 4396 gressor
731 4329 1014 4397 probatur.
1040 4328 1466 4384 Consideremus
1492 4346 1640 4400 ergo,
1665 4338 1814 4385 recte
1837 4347 1900 4385 ac
1917 4333 2064 4402 juste

489 4417 768 4487 judicante
794 4420 1148 4485 conscientia,
1176 4436 1244 4474 an
1269 4420 1452 4474 divina
1477 4420 1890 4490 impleverimus
1914 4436 2066 4474 man-

2171 1908 2430 1979 ἀληθείας
2495 1906 2706 1978 ἐχθρῶν
2783 1905 2922 1975 μετὰ
2988 1904 3082 1957 τοῦ
3131 1906 3417 1976 Προφήτου
3491 1905 3747 1978 βοῶμεν·

2177 2017 2195 2049 ι
2219 1995 2489 2050 Ἀπώλετο
2521 1996 2581 2048 τὸ
2617 1995 2961 2066 μνημόσυνον
2993 1994 3175 2048 αὐτῶν
3231 1995 3346 2066 μετ’
3386 1997 3545 2067 ἤχου,
3588 1999 3685 2052 καὶ
3716 1999 3753 2052 ὁ

2171 2089 2373 2159 Κύριος
2404 2091 2482 2151 είς
2512 2087 2602 2140 τὸν
2633 2087 2806 2139 αίῶνα
2839 2085 3009 2157 μένει.
3045 2106 3063 2139 ι
3099 2088 3236 2160 Περὶ
3267 2087 3324 2140 δέ
3347 2105 3410 2156 γε
3452 2089 3612 2159 ἡμῶν
3645 2092 3755 2142 αὐ-

2169 2181 2278 2234 τῶν
2312 2182 2489 2234 ἐκεῖνο
2521 2179 2793 2250 ψάλλομεν
2812 2197 2824 2210 ·
2853 2199 2869 2231 ι
2894 2181 3305 2246 Ἐξαπέστειλεν
3343 2181 3404 2246 ἐξ
3433 2181 3620 2252 ὕψους,
3648 2183 3754 2236 καὶ

2171 2273 2331 2326 ἔλαϐέ
2367 2289 2462 2344 με·
2497 2272 2865 2343 προσελάϐετό
2901 2289 2968 2342 με
3011 2271 3070 2337 ἐξ
3111 2272 3319 2327 ὑδάτων
3369 2274 3600 2341 πολλῶν,
3649 2278 3754 2330 καὶ

2170 2365 2436 2437 ἐρρύσατὸ
2466 2383 2532 2435 με
2561 2365 2620 2430 ἐξ
2646 2365 2852 2436 ἐχθρῶν
2882 2382 2980 2435 μου
3005 2365 3266 2420 δυνατῶν.
3305 2386 3324 2418 ο
3352 2367 3537 2420 Ταῦτα
3559 2368 3616 2421 δὲ
3649 2370 3750 2423 νῦν

2171 2456 2366 2526 γράφω
2388 2454 2482 2507 δύο
2519 2456 2616 2526 τῆς
2647 2456 2742 2525 σῆς
2769 2455 3072 2519 θεοσεϐείας
3101 2455 3391 2528 δεξάμενος
3419 2460 3707 2524 ἐπιστολάς
3729 2478 3746 2493 ·

2167 2545 2267 2614 τὴν
2298 2544 2393 2614 μὲν
2419 2543 2486 2596 δι’
2527 2544 2877 2597 Ἀναστασίου
2905 2544 2998 2597 τοῦ
3031 2546 3312 2616 Βεροιαίου
3345 2548 3746 2620 πρεσϐυτέρου,

2166 2637 2265 2706 τὴν
2291 2635 2347 2688 δὲ
2376 2635 2464 2688 διὰ
2495 2635 2750 2688 Θεοδότου
2777 2635 2868 2689 τοῦ
2895 2635 3290 2708 δρακωναρίου.
3315 2639 3426 2709 Τὴν
3445 2639 3553 2709 γὰρ
3574 2641 3750 2712 ἀλλην

2167 2727 2342 2790 οὐδεὶς
2390 2729 2520 2797 ἡμῖν
2553 2727 2823 2794 ἀπέδωκε,
2857 2730 2983 2799 περὶ
3027 2723 3095 2801 ἧς
3139 2731 3196 2784 ὲν
3242 2732 3354 2795 τοῖς
3409 2731 3750 2798 τελευταίοις

2165 2819 2474 2891 δεδήλωκας
2511 2822 2825 2891 γράμμασι.
2880 2821 3013 2892 Περὶ
3056 2821 3112 2874 δὲ
3157 2822 3257 2892 τῆς
3287 2821 3482 2876 αὐτόσε
3516 2824 3750 2893 πορείας

2167 2913 2321 2967 οὐδὲν
2349 2914 2559 2985 γράψαι
2591 2912 2848 2982 δύναμαι,
2883 2912 3014 2982 πρὶν
3063 2911 3129 2965 ἂν
3163 2913 3276 2981 γνῶ
3304 2913 3358 2967 τί
3406 2914 3537 2984 περὶ
3584 2915 3750 2987 ἡμῶν

2168 3002 2500 3076 προσέταξεν
2538 3004 2578 3078 ὁ.
2608 3001 2994 3065 εὐσεϐέστατος
3039 3002 3314 3072 βασιλεύς.
3363 3005 3592 3058 Οὐδέπω
3633 3005 3751 3077 γὰρ

2169 3089 2303 3164 ἦλθε
2331 3093 2509 3148 ταῦτα
2544 3093 2614 3146 τὰ
2635 3095 2938 3166 γράμματα
2968 3093 3106 3165 (96).

2304 3208 2471 3262 ΡΛΔθ.
2500 3237 2571 3247 -
2604 3181 2938 3271 Θεοκτίστῳ
2985 3208 3297 3276 ἐπισκόπῳ
3332 3210 3598 3277 Βεροίας.

2238 3319 2442 3390 Ἤρετό
2469 3335 2552 3382 τις
2577 3319 2666 3371 τδν
2706 3318 2957 3390 Σωτῆρα,
2989 3318 3083 3371 καὶ
3119 3319 3455 3389 Νομοθέτην,
3504 3321 3597 3374 καὶ
3629 3321 3754 3375 Κύ-

2170 3429 2302 3483 ριον,
2336 3411 2462 3465 ποία
2486 3410 2673 3482 ἐντολὴ
2700 3410 2984 3480 πρώτη.’0
3012 3411 3067 3463 δὲ
3097 3411 3297 3481 ἔφησεν
3317 3429 3332 3443 ·
3360 3430 3379 3463 ι
3409 3414 3753 3484 Ἀγαπήσεις

2165 3501 2370 3573 Κύριον
2401 3500 2492 3554 τὸν
2513 3501 2644 3554 Θεόν
2675 3517 2767 3554 σου
2808 3501 2868 3566 ἐξ
2903 3500 3032 3573 ὅλης
3059 3502 3160 3570 τῆς
3191 3502 3367 3572 ψυχῆς
3407 3519 3521 3567 σου,
3547 3505 3644 3557 καὶ
3683 3505 3750 3570 ἐξ

2166 3593 2294 3664 ὅλης
2334 3591 2437 3662 τῆς
2489 3593 2718 3663 καρδίας
2770 3609 2898 3658 σου,
2943 3594 3037 3646 καὶ
3091 3593 3150 3657 ἐξ
3199 3595 3325 3665 ὅλης
3368 3595 3466 3664 τῆς
3503 3595 3751 3659 διανοίας

2170 3704 2263 3740 σου
2284 3703 2298 3718 ·
2339 3705 2358 3738 ι
2409 3685 2506 3738 καὶ
2530 3685 2839 3753 ἐπήγαγεν·
2871 3703 2889 3736 ι
2926 3686 3071 3756 Αὐτή
3113 3687 3260 3738 ἐστιν
3289 3687 3477 3758 ἐντολὴ
3513 3686 3708 3757 πρώτη
3730 3705 3748 3719 ·

2166 3777 2394 3848 δευτέρα
2425 3776 2480 3828 δὲ
2511 3777 2669 3846 όμοία
2695 3777 2860 3847 αὐτῇ·
2903 3777 3236 3847 ’Δγαπήσεις
3259 3777 3349 3830 τὸν
3378 3779 3604 3847 πλησίον
3647 3797 3747 3834 σου

2167 3869 2242 3933 ὡς
2275 3869 2522 3920 σεαυτόν.
2551 3886 2569 3918 ι
2615 3867 2724 3921 Καὶ
2757 3867 3132 3937 προσέθηκεν·
3173 3886 3190 3918 ι
3229 3868 3319 3922 Ἐν
3350 3869 3581 3934 ταύταις
3621 3874 3752 3935 ταῖς

2165 3961 2318 4014 δυσὶν
2347 3960 2586 4023 ἐντολαῖς
2621 3961 2740 4022 ὅλος
2771 3960 2799 4011 ὁ
2839 3959 3001 4029 νόμος
3049 3960 3141 4012 καὶ
3185 3961 3234 4012 οῖ
3288 3963 3563 4031 προφῆται
3612 3965 3752 4033 κρέ-

2171 4068 2388 4121 μανται.
2417 4069 2437 4102 ι
2455 4051 2514 4102 '0
2535 4049 2710 4102 τοίνυν
2733 4049 2938 4112 ταύτας
2958 4050 3257 4118 φυλάττων,
3281 4050 3436 4118 δῆλον
3462 4053 3540 4105 ὅτι
3565 4053 3753 4108 πάντα

2169 4139 2366 4210 πληροῖ
2395 4139 2487 4192 τδν
2513 4140 2674 4210 νόμον
2712 4139 2854 4192 κατὰ
2891 4139 2983 4192 τὸν
3007 4139 3334 4192 Δεσποτικὸν
3355 4141 3480 4211 ὅρον
3500 4158 3513 4171 ·
3543 4144 3570 4194 ό
3595 4142 3641 4194 δ’
3673 4140 3750 4197 αὖ

2169 4233 2539 4304 παραϐαίνων,
2562 4233 2761 4295 παντὸς
2784 4233 2879 4285 τοῦ
2904 4233 3069 4302 νόμου
3091 4234 3412 4304 παραϐάτης
3436 4236 3748 4294 ἁλίσκεται.

2168 4325 2542 4395 Σκοπήσωμεν
2591 4324 2792 4386 τοίνυν,
2837 4324 2932 4376 τοῦ
2963 4324 3264 4388 συνειδότος
3295 4325 3474 4398 ὀρθῶς
3515 4329 3610 4381 καὶ
3660 4329 3752 4381 διο

2168 4415 2342 4478 καίως
2372 4415 2702 4479 δικάζοντος,
2740 4417 2788 4468 εί
2837 4415 2935 4479 τὰς
2989 4414 3138 4479 θείας
3171 4416 3615 4488 πεπληρώκαμεν
3654 4422 3750 4474 ἐν-

493 4505 636 4562 data.
676 4508 872 4578 Implet
911 4517 1093 4564 autem
1133 4510 1368 4578 primum
1399 4509 1644 4578 quidem,
1687 4509 1735 4562 is
1756 4509 1855 4578 qui
1889 4524 1920 4561 a
1951 4511 2064 4563 Deo

2170 4506 2346 4569 τολάς.
2376 4506 2582 4576 Πληροῖ
2618 4505 2673 4558 δὲ
2726 4505 2825 4576 τὴν
2867 4505 2963 4576 μὲν
2997 4505 3220 4576 πρώτην
3260 4507 3288 4558 ό
3325 4505 3423 4577 τὴν
3467 4505 3752 4562 θεόσδοτον

493 4599 674 4653 datam
717 4600 877 4655 ﬁdem
914 4602 1138 4656 illaasam
1173 4611 1483 4665 conservat,
1514 4601 1676 4668 eique
1713 4601 2068 4656 adversantes

495 4700 556 4744 ut
591 4692 838 4747 veritatis
872 4693 1059 4748 hostes
1089 4693 1416 4755 detestatur,
1444 4701 1501 4744 et
1527 4691 1654 4744 odio
1683 4691 1848 4746 habet
1875 4707 2068 4746 omnes

494 4784 589 4851 qui
616 4783 848 4839 oderunt
870 4785 1160 4849 delictum;
1181 4783 1484 4837 secundum
1510 4797 1662 4847 vero,
1688 4782 1735 4834 is
1763 4783 1856 4850 qui
1879 4784 2066 4851 proxi-

494 4874 568 4927 mi
594 4890 780 4929 curam
802 4876 1022 4946 plurimi
1049 4873 1198 4937 facit,
1225 4887 1328 4926 nec
1350 4873 1405 4924 in
1431 4872 1712 4940 prosperis
1737 4873 1901 4926 rebus
1929 4873 2068 4926 dun-

498 4972 660 5030 taxat,
695 4967 788 5021 sed
815 4968 871 5021 in
899 4967 967 5020 iis
1022 4966 1188 5019 etiam
1221 4979 1343 5032 quae
1377 4964 1619 5017 adversa:
1648 4963 1908 5016 videntur
1933 4965 2068 5016 ami-

493 5056 635 5111 citiae
660 5057 805 5127 leges
835 5057 1108 5112 observat.
1140 5055 1244 5120 Qui
1279 5062 1462 5108 autem
1493 5053 1728 5123 propriae
1758 5054 2062 5120 securitati,

497 5154 555 5199 ut
593 5148 924 5209 existimant,
952 5146 1339 5222 consulentes,
1375 5145 1630 5199 amicitia:
1668 5149 1793 5215 jura
1841 5157 2066 5216 propter

495 5232 640 5288 illam
675 5237 828 5305 parvi
861 5235 1093 5298 faciunt,
1117 5234 1456 5304 alllictosque
1510 5233 1716 5288 amicos
1731 5234 2061 5304 despiciunt,

495 5325 550 5378 hi
579 5327 662 5381 vei
698 5328 841 5397 apud
877 5325 1135 5397 profanos
1159 5325 1534 5394 improborum
1571 5341 1800 5380 numero
1834 5344 2066 5382 censen-

498 5423 606 5470 tur.
637 5418 903 5471 Dominus
943 5430 1108 5485 porro
1148 5417 1532 5470 universorum
1568 5431 1598 5470 a
1628 5415 1911 5487 discipulis
1951 5420 2066 5474 suis

2168 4599 2351 4651 πίστιν
2402 4598 2687 4666 φυλάττων
2733 4597 3028 4667 ἀκήρατον,
3075 4597 3326 4662 καὶτοὺς
3371 4598 3545 4672 ταύτῃ
3583 4599 3753 4653 πολε-

2173 4688 2405 4759 μοῦντας
2434 4687 2509 4749 ὡς
2535 4687 2635 4756 τῆς
2659 4686 2912 4756 ἀληθείας
2935 4686 3160 4757 ἐχθροὺς
3191 4688 3616 4758 μυσαττόμενος,
3650 4692 3754 4744 καὶ

2173 4779 2345 4848 μισῶν
2397 4777 2650 4846 ἐκθύμως
2695 4780 2821 4841 τοὺς
2878 4778 3171 4847 μισοῦντας
3202 4779 3295 4832 τὸν
3341 4780 3751 4851 ἀγαπώμενον·

2167 4871 2266 4939 τὴν
2309 4870 2366 4921 δὲ
2414 4868 2690 4939 δευτέραν,
2721 4869 2874 4939 ότὴν
2923 4868 3017 4923 τοῦ
3041 4870 3212 4932 πέλας
3265 4869 3562 4942 θεραπείαν
3615 4874 3757 4944 περὶ

2173 4961 2426 5014 πλείστου
2461 4961 2803 5030 ποιούμενος,
2835 4963 2932 5016 καὶ
2982 4963 3055 5033 μὴ
3085 4962 3245 5032 μόνον
3298 4964 3356 5016 ἐν
3387 4966 3509 5026 ταῖς
3539 4966 3757 5036 εὐπρα-

2174 5053 2332 5115 ξίαις,
2361 5051 2494 5104 ἀλλὰ
2517 5052 2616 5104 κὰν
2635 5053 2752 5116 ταῖς
2782 5051 3065 5115 δοκούσαις
3093 5053 3450 5124 δυσημερίαις
3473 5053 3757 5125 διατηρῶν

2171 5144 2270 5214 τῆς
2301 5143 2478 5212 φιλίας
2522 5143 2649 5207 τοὺς
2691 5143 2869 5215 ὅρους.
2899 5145 2962 5195 Ol
3009 5143 3065 5196 δὲ
3089 5145 3188 5212 τῆς
3243 5143 3342 5213 μὲν
3395 5145 3628 5209 οἰκείας,
3671 5145 3752 5211 ὥς

2173 5235 2502 5305 νομίζουσιν,
2532 5233 2832 5303 ἀσφαλείας
2875 5233 3267 5305 φροντίζοντες,
3301 5235 3408 5288 τῶν
3438 5235 3496 5288 δὲ
3528 5237 3628 5306 τῆς
3661 5255 3757 5306 φι-

2171 5311 2289 5388 λίας,
2322 5326 2502 5396 νόμων
2550 5326 2638 5379 διὰ
2661 5326 2863 5395 ταύτην
2896 5325 3309 5396 ὀλιγωροῦντες,
3331 5326 3427 5380 καὶ
3472 5327 3754 5399 πολεμου-

2177 5416 2370 5486 μένους
2403 5417 2753 5486 παρορῶντες
2791 5417 2915 5478 τοὺς
2954 5415 3143 5484 φίλους
3168 5458 3183 5484 ,
3227 5415 3327 5486 τῆς
3373 5417 3480 5474 τῶν
3527 5418 3757 5488 φαύλων

565 5572 609 5604 ⁸⁷
633 5573 776 5628 Psal.
807 5590 882 5640 ix,
913 5574 966 5637 6,
993 5573 1046 5628 7.
1121 5573 1167 5605 ⁸⁸
1193 5572 1335 5628 Psal.
1372 5589 1503 5637 xvn,
1543 5573 1628 5638 l7,
1667 5573 1753 5629 18.
1838 5577 1883 5608 ⁵⁸
1909 5575 2066 5631 Matth

2170 5592 2255 5640 xu,
2281 5577 2370 5631 '57.
2446 5576 2490 5608 ⁸ο
2525 5575 2662 5630 ibid.
2695 5575 2784 5642 38,
2821 5575 2908 5631 59.
2986 5576 3031 5607 ⁶¹
3058 5576 3194 5631 ibid.
3229 5575 3320 5635 40.

574 5721 684 5789 (95)
714 5728 808 5779 καὶ
845 5725 999 5796 ὐμῶν
1037 5725 1189 5782 addit
1213 5724 1381 5794 Neap.

2255 5729 2364 5803 (96)
2398 5730 2425 5782 ό
2449 5730 2614 5785 ταῦτα
2635 5732 2875 5802 κομίζων
2904 5732 2972 5787 τὰ
3003 5750 3094 5804 γρ.
3115 5734 3287 5805 Neap.
