4072 6446
278 394 399 459 1353

1558 381 1919 455 EPISTOLA
1958 382 2230 458 chxv‘.

3379 386 3516 467 1354

277 509 393 569 εἰσὶ,
432 504 524 557 καὶ
559 484 709 572 παρά
762 503 873 567 τοῖς
916 500 1021 568 ἔξω
1067 502 1304 575 μερίδος.
1358 505 1416 557 ’0
1448 505 1505 557 δὲ
1551 508 1660 559 τῶν
1702 508 1837 561 ὅλων

1949 510 2268 579 perfectiora
2312 511 2497 583 exigit.
2547 532 2564 563 ι
2603 512 2841 583 Diligite,
2896 497 3095 582 inquit,
3138 500 3387 570 inimicos
3426 520 3519 572 ve-

275 593 541 664 Δεσπότης
579 593 648 646 τά
678 593 986 665 τελεώτερα
1018 594 1174 664 παρὰ
1219 594 1326 647 τῶν
1368 596 1583 650 οἰκείων
1612 597 1835 652 ἀπαιτεί

276 684 542 758 μαθητῶν.
572 703 592 736 ι
625 685 903 753 Ἀγαπᾶτε
926 685 1056 755 γὰρ,
1085 686 1238 755 φησὶ,
1262 685 1388 749 τοὺς
1408 670 1636 758 ὲγθροὺς
1657 688 1830 757 ὑμῶν.

276 778 333 831 Εί
357 776 462 846 γάρ
507 777 634 840 τοὺς
687 775 1020 844 ἀγαπῶντας
1053 776 1197 847 ὑμᾶς
1241 778 1513 844 ἀγαπᾶτε,
1564 778 1619 831 τί
1674 778 1835 833 πλέον

274 867 495 928 eratsi-cs;
526 863 656 918 Ἰδοὺ
678 862 773 917 καὶ
804 864 855 917 οἱ
890 863 1207 936 ἁμαρτωλοὶ
1233 863 1329 918 καὶ
1355 866 1406 917 οί
1431 864 1660 919 τελῶναι
1680 867 1836 921 τοῦτο

274 954 530 1009 ποιοῦσιν.
558 974 577 1007 ι
607 955 802 1026 Ἡμεῖς
832 956 890 1008 δὲ
922 956 1043 1009 οὐδὲ
1070 956 1172 1027 τῆς
1199 956 1496 1026 τελωνικῆς
1523 958 1834 1014 ἀπελαύσα-

276 1063 367 1116 μεν
383 1046 619 1116 ἀγάπης.
640 1047 752 1099 Καὶ
778 1046 831 1099 τί
847 1045 990 1114 λέγω
1017 1046 1350 1117 τελωνικῆς;
1374 1047 1511 1101 Οὐδὲ
1540 1042 1609 1121 ἦς
1631 1051 1835 1121 τυγχά-

272 1156 443 1193 νουσιν
471 1141 521 1192 οί
570 1139 889 1211 ἀνδροφόνοι
926 1139 1024 1193 καὶ
1066 1139 1264 1211 γόητες
1302 1141 1361 1193 ὲν
1397 1143 1509 1205 τοῖς
1559 1142 1837 1213 δεσμωτη-

276 1230 401 1300 ρίοις
431 1230 769 1300 παραψυχῆς
791 1229 1202 1300 ἀπελαύσαμεν.
1227 1231 1291 1285 El
1317 1231 1372 1284 δὲ
1403 1232 1606 1296 πάντες
1635 1232 1837 1302 ταύτην

270 1321 541 1392 ἐζήλωσαν
568 1323 667 1393 τὴν
697 1323 977 1394 ὠμότητα,
1017 1323 1168 1377 οὐδὲν
1208 1323 1397 1395 ἕτερον
1435 1325 1834 1396 ύπελείπετο,ἦ

271 1410 467 1475 ζῶντας
490 1413 591 1482 μὲν
620 1413 713 1465 ὑπ’
753 1413 962 1476 ἐνδείας
1007 1411 1379 1482 ἀναλωθῆναι,
1409 1413 1838 1484 τελευτήσαντας

268 1499 320 1553 δὲ
346 1502 419 1572 μὴ
450 1499 563 1573 (97)
599 1503 757 1573 τάφῳ
787 1502 1178 1573 παραδοθῆναι,
1205 1501 1344 1556 ἀλλὰ
1390 1502 1568 1556 κυνῶν
1607 1504 1702 1556 καὶ
1737 1502 1838 1574 θηο

274 1590 373 1657 ρῶν
408 1590 668 1657 γενέσθαι
719 1591 907 1662 βοράν.
947 1591 1087 1645 Ἀλλ’
1116 1593 1361 1663 ἤρκεσαν
1404 1594 1540 1664 ἡμῖν
1583 1594 1634 1646 al
1684 1591 1838 1646 τοῦδε

270 1678 353 1731 τοῦ
385 1679 498 1750 βίου
531 1682 1026 1751 καταφρονοῦντες,
1066 1683 1162 1736 καὶ
1197 1682 1309 1736 τῶν
1350 1684 1582 1738 αἰωνίων
1617 1683 1838 1753 ἀγαθῶν

272 1771 684 1843 προσδεχόμενοι
724 1772 824 1844 τὴν
862 1773 1189 1837 ἀπόλαυσιν,
1220 1773 1271 1826 οἶ
1307 1774 1655 1846 παντοδαπῆς
1689 1776 1839 1846 ἡμᾶς

271 1860 618 1932 ψυχαγωγίας
653 1864 915 1934 ἠξίωσαν.
950 1866 1011 1918 'o
1042 1864 1101 1918 δὲ
1153 1864 1536 1937 φιλάνθρωπος
1575 1884 1595 1917 ι
1634 1866 1840 1937 Κύριος
1869 1853 1913 1908 Β

274 1955 331 2007 ἐκ
354 1954 443 2007 τοῦ
473 1954 708 2026 οὐρανοῦ
742 1958 1001 2026 ηκούτισε
1032 1957 1239 2029 κρίσιν.
1275 1957 1343 2010 Ἦ
1371 1957 1428 2011 δὲ
1461 1959 1534 2027 γῆ
1574 1957 1840 2028 ἐφοϐήθη,

273 2045 355 2097 καὶ
379 2045 652 2117 ἡσύχασεν
686 2049 744 2100 ἐν
773 2047 852 2118 τῷ
880 2049 1180 2119 ἀναστῆναι
1202 2050 1282 2112 εἰς
1304 2048 1486 2119 κρίσιν
1516 2049 1608 2103 τὸν
1631 2049 1785 2103 Θεόν.
1817 2069 1837 2102 ι

271 2164 333 2175 --
363 2155 382 2187 ι
411 2138 473 2189 0i
507 2137 572 2190 δὲ
611 2136 801 2207 ἐχθροὶ
836 2137 1002 2192 αὐτοῦ
1030 2137 1147 2209 ἅμα
1174 2137 1253 2210 τῷ
1275 2138 1602 2209 ῶξασθῆναι
1646 2139 1845 2203 αὐτοὺς

273 2226 356 2278 καὶ
392 2225 698 2296 ὑψωθῆναι,
730 2226 1080 2291 ἐκλείποντες
1099 2227 1233 2281 ὡσεὶ
1265 2228 1473 2292 καπνὸς
1510 2228 1779 2292 ἐξέλιπον.
1816 2249 1839 2280 ι

281 2312 682 2385 Ἐστηλίτευται
726 2315 784 2368 δὲ
836 2316 897 2370 τὸ
934 2316 1038 2386 τῆς
1090 2317 1285 2387 καινῆς
1332 2318 1601 2389 αἱρέσεως
1626 2319 1844 2389 ψεῦδος,

271 2407 595 2481 κηρύττεται
624 2408 683 2461 δὲ
729 2409 1089 2481 προφανῶςή
1135 2409 1245 2463 τῶν
1287 2408 1448 2464 θείων
1498 2411 1846 2480 Εῦαγγελίων

273 2498 503 2569 ἀλήθεια.
542 2500 738 2570 Ἡμεῖς
761 2499 819 2553 δὲ
844 2501 983 2571 μετά
1001 2501 1096 2554 τοῦ
1121 2501 1392 2573 μακαρίου
1417 2501 1628 2574 βοῶμεν
1643 2504 1808 2557 Δαϐίδ
1827 2520 1841 2534 ’

279 2593 621 2665 ιΕύλογητδς
655 2598 685 2650 ὁ
705 2595 860 2663 Θεὸς,
899 2597 930 2649 ὁ
956 2596 1129 2649 ποιῶν
1180 2595 1466 2666 θαυμάσια
1506 2596 1717 2667 μεγάλα
1750 2597 1846 2666 μό-

272 2701 372 2749 νος,
400 2688 492 2741 καὶ
540 2686 836 2757 εὐλογητὸν
867 2687 929 2741 τὸ
963 2688 1134 2758 ὄνομα
1162 2689 1261 2759 τῆς
1310 2688 1470 2759 δόξης
1517 2688 1704 2752 αὐτοῦ,
1751 2689 1847 2742 καὶ

274 2779 681 2853 πληρωθήσεται
697 2783 796 2852 τῆς
811 2779 967 2850 δόξης
986 2780 1148 2836 αὐτοῦ
1171 2782 1319 2836 πᾶσα
1337 2784 1370 2854 ἡ
1388 2783 1483 2852 γῆ.
1502 2782 1736 2847 Γὲνοιτο,
1754 2783 1847 2848 γέ-

273 2885 426 2926 νοιτο.
458 2890 477 2924 ι

581 2986 749 3039 PAE'.
768 3015 836 3026 —-
873 2987 1158 3057 Ῥωμύλῳ
1183 2989 1520 3053 ἐπισκόπῳε

348 3115 567 3189 Ἐπειδὴ
593 3117 694 3188 τῆς
727 3117 965 3181 παλαιᾶς
1020 3120 1170 3190 ἡμᾶς
1224 3119 1538 3191 ἀνέμνησας
1585 3110 1844 3192 ἱστορίας,

1940 610 2104 657 stros.
2148 603 2204 657 Si
2249 605 2394 658 enim
2436 605 2663 677 diligitis
2694 621 2791 661 eos
2830 607 2925 677 qui
2964 622 3061 661 vos
3089 605 3355 676 diligunt,
3385 610 3518 678 quid

1938 693 2173 763 amplius
2218 694 2431 750 facitis?
2459 696 2599 753 Ecce
2641 705 2958 767 peccatores
2997 706 3053 752 et
3092 698 3373 767 publicani
3414 694 3521 755 hoc

1938 785 2148 840 faciunt
2180 787 2247 840 θ’.
2279 805 2298 839 ι
2338 786 2406 841 At
2437 803 2539 843 nos
2568 805 2646 844 ne
2684 789 3104 859 publicanorum
3133 790 3354 859 quidem
3386 792 3519 846 cha-

1938 876 2159 933 ritatem
2186 879 2394 949 experti
2424 884 2633 935 sumus.
2654 880 2724 935 Et
2749 868 2881 950 quid
2911 880 3034 935 dico
3063 874 3520 950 publicanorum?

1937 967 2016 1023 Ne
2045 968 2194 1024 illam
2229 970 2475 1041 quidem,
2503 974 2613 1041 qua"
2647 971 2938 1027 homicidae
2965 979 3021 1026 et
3044 971 3275 1027 veneﬁci
3305 973 3361 1026 in
3395 987 3517 1027 car-

1939 1059 2160 1115 ceribus
2188 1060 2470 1127 fruuntur,
2487 1062 2917 1118 Consolationem
2938 1063 3267 1134 accepimus.
3291 1063 3445 1131 Quod
3470 1063 3517 1120 si

1939 1149 2324 1206 crudelitatem
2363 1151 2523 1206 istam
2565 1152 2741 1207 secuti
2775 1166 2968 1209 omnes
3010 1163 3214 1219 essent,
3244 1156 3515 1225 reliquum

1939 1240 2089 1297 aliud
2139 1258 2250 1297 non
2302 1252 2451 1308 erat,
2505 1258 2670 1313 quam
2723 1250 2784 1298 ut
2826 1244 2916 1298 vel
2960 1245 3284 1314 superstites
3330 1245 3518 1315 in0pia

1940 1333 2370 1399 conﬁceremur,
2415 1333 2634 1406 ξι22ἀ¹
2668 1335 2757 1389 vel
2796 1336 3003 1390 mortui
3048 1336 3331 1406 sepultura
3367 1351 3521 1391 care-

1941 1442 2156 1494 remus,
2205 1435 2261 1483 et
2301 1426 2535 1481 canibus
2578 1425 2820 1495 ferisque
2872 1426 3069 1496 praedae
3103 1426 3371 1482 essemus.
3418 1424 3525 1481 Sed

1942 1515 2239 1571 adfuerunt
2282 1512 2446 1571 nobis
2488 1515 2584 1586 qui
2636 1514 2780 1569 hanc
2813 1514 2983 1569 vitam
3032 1510 3422 1584 aspernantur,
3470 1523 3529 1569 et

1940 1615 2275 1663 aeternorum
2303 1607 2578 1677 bonorum
2616 1605 2858 1662 fructum
2888 1614 3228 1676 exspectant,
3262 1596 3527 1677 omnique

1941 1714 2043 1753 nos
2094 1673 2496 1754 consolationis
2542 1712 2747 1768 genere
2810 1673 3187 1752 sublevarunt.
3246 1673 3525 1766 Be'nignus

1943 1797 2125 1845 autem
2173 1807 2193 1842 ι
2220 1788 2487 1845 Dominus
2524 1787 2594 1843 de
2628 1788 2769 1844 caalo
2800 1787 3047 1842 auditum
3074 1785 3206 1842 fecit
3218 1772 3520 1858 judicium;

1942 1892 2091 1938 terra
2124 1883 2353 1938 tremuit
2394 1891 2451 1938 et
2495 1881 2726 1952 quievit,
2765 1896 2889 1936 cum
2930 1877 3255 1951 exsurgeret
3293 1880 3351 1934 in
3379 1878 3525 1949 judi-

1942 1974 2088 2029 cium
2114 1975 2263 2030 Deus
2287 1970 2372 2027 “‘.
2411 1994 2430 2025 ι
2462 2004 2531 2013 —-
2568 1988 2587 2025 ι
2610 1971 2827 2027 Inimici
2852 1987 2983 2028 vero
3014 1956 3134 2043 ejus
3166 1980 3293 2026 mox
3326 1979 3389 2025 ut
3419 1971 3525 2025 ιιο-

1942 2065 2216 2121 norificati
2261 2064 2489 2120 fuerunt
2528 2071 2585 2118 et
2630 2062 2877 2128 exaltati,
2910 2061 3231 2117 deficientes
3262 2060 3529 2136 quemad-

1944 2159 2173 2214 modum
2222 2156 2411 2212 fumus
2467 2155 2792 2212 defecerunt
2829 2154 2894 2208 ⁸³.
2943 2174 2960 2206 ι
3018 2153 3395 2224 Proscriptum
3442 2150 3529 2208 est

1944 2249 2172 2305 haeresis
2215 2264 2375 2305 nova:
2413 2248 2784 2314 mendacium,
2822 2254 2878 2302 et
2926 2246 3241 2301 divinorum
3283 2246 3532 2315 Evange-

1946 2340 2147 2395 liorum
2193 2341 2397 2396 veritas
2441 2340 2623 2410 palam
2674 2338 3024 2409 medicatur.
3072 2337 3185 2392 Nos
3229 2351 3363 2391 vero
3403 2340 3529 2390 cum

1945 2432 2109 2487 beato
2142 2432 2345 2487 Davide
2384 2431 2757 2486 exclamamus
2791 2449 2802 2483 :
2843 2449 2861 2479 ι
2889 2428 3222 2483 Benedictus
3250 2426 3396 2481 Deus
3434 2425 3531 2495 qui

1944 2517 2078 2572 facit
2114 2518 2390 2571 mirabilia
2419 2532 2614 2588 magna
2656 2517 2827 2579 solus,
2856 2525 2914 2571 et
2942 2515 3298 2570 benedictum
3327 2529 3532 2569 nomen

1945 2603 2253 2673 majestatis
2280 2604 2420 2674 ejus,
2448 2611 2504 2657 et
2534 2604 2839 2673 replebitur
2875 2603 3159 2675 majestate
3194 2603 3315 2675 ejus
3351 2602 3532 2658 omnis

1948 2701 2115 2749 terra.
2145 2696 2285 2761 Fiat,
2316 2696 2409 2750 fiat
2431 2698 2520 2750 “3‘;
2551 2717 2568 2748 ι

2297 2972 2556 3046 ΟΧὶξΧν.
2573 3019 2645 3030 —-
2674 2968 2898 3043 Romqu
2929 2988 3191 3060 episcopo.-

2022 3124 2476 3193 Quandoquidem
2512 3132 2755 3178 veterem
2784 3121 2945 3176 nobis
2972 3122 3260 3179 historiam
3292 3126 3537 3181 commc-

274 3207 359 3260 καὶ
387 3209 493 3262 τῶν
542 3208 730 3280 Σύρων
758 3209 893 3280 ἔφης
940 3211 1033 3263 τὸν
1078 3211 1323 3282 βασιλέα,
1350 3212 1459 3265 τῶν
1493 3213 1587 3265 τοῦ
1626 3212 1845 3284 Ἰσραὴλ

1953 3217 2200 3281 morasti,
2228 3216 2605 3288 Syrorumque
2639 3231 2821 3285 regem
2854 3215 2954 3279 ais,
2982 3231 3107 3269 cum
3144 3216 3286 3287 regis
3321 3218 3541 3276 Israelis

277 3299 537 3367 βασιλέων
555 3300 618 3354 τὸ
647 3301 1030 3373 φιλάνθρωπον
1053 3302 1436 3374 λογισάμενον,
1460 3304 1641 3357 ἱκέτου
1665 3305 1848 3374 σχῆμα

273 3391 463 3459 λαϐεῖν,
495 3392 598 3446 καὶ
654 3392 729 3463 μὴ
763 3393 1082 3466 διαμαρτεῖν
1129 3395 1230 3465 τῆς
1269 3395 1535 3466 αἰτήσεως
1565 3412 1579 3425 ·
1604 3396 1848 3468 ἀναμνηο

275 3483 439 3554 σθητι,
496 3484 772 3550 δέσποτα,
829 3486 926 3538 καὶ
989 3484 1089 3554 τῆς
1139 3486 1287 3548 θείας
1341 3485 1529 3556 ὀργῆς.
1580 3486 1685 3539 Τὸν
1740 3487 1850 3559 γὰρ

285 3575 474 3646 Ἀχαάὄ
508 3576 592 3647 τῷ
615 3575 750 3647 ἐλέῳ
783 3579 1130 3650 χρησάμενον
1162 3578 1513 3649 πανωλεθρίᾳ
1540 3578 1849 3649 παρέδωκε,

272 3669 357 3723 καὶ
379 3671 464 3726 διὰ
482 3670 585 3723 τοῦ
619 3672 907 3742 Προφήτω
929 3670 1029 3741 τὴν
1055 3669 1234 3740 ψῆφον
1264 3669 1574 3741 ἐξήνεγκεν.
1617 3689 1635 3721 ι
1658 3671 1851 3722 Ἔσται

275 3760 395 3832 γὰρ,
426 3764 619 3833 φησιν,
652 3764 687 3833 ἡ
718 3762 865 3832 ψυχή
899 3778 991 3814 σου
1026 3762 1148 3814 ἀντὶ
1180 3760 1281 3831 τῆς
1317 3761 1495 3833 ψυχῆς
1533 3760 1721 3825 αὑτοῦ,
1758 3763 1854 3815 καὶ

272 3854 298 3905 ὁ
328 3853 450 3918 λαός
480 3871 582 3908 σου
624 3855 744 3908 ἀντὶ
770 3854 863 3907 τοῦ
903 3851 1032 3906 λαοῦ
1062 3853 1248 3907 αὑτοῦ.
1273 3873 1291 3905 ι
1326 3854 1520 3925 Ἡμεῖς
1542 3854 1599 3907 δὲ
1634 3853 1852 3908 κελευό-

277 3944 407 4013 μεθα
439 3946 537 4000 διὰ
560 3945 767 3999 τούτων
797 3944 976 4015 κρίσει
1008 3945 1336 4016 κεραννύναι
1362 3945 1451 3997 τὸν
1482 3944 1651 4008 ἔλεον,
1682 3946 1758 4009 ὡς
1789 3946 1851 3999 οὐ

273 4038 464 4102 παντὸς
494 4036 652 4091 ἐλέου
685 4038 1014 4109 ἀρέσκοντος
1052 4032 1143 4090 τὸν
1170 4037 1281 4090 τῶν
1303 4036 1442 4090 ὅλων
1471 4035 1694 4106 Κύριον.
1728 4039 1852 4089 Atat-

273 4126 547 4198 φερόντως
584 4128 641 4181 δὲ
678 4127 944 4198 λογισμοῦ
980 4129 1151 4182 δεῖται
1201 4128 1480 4198 σώφρονος
1526 4131 1558 4197 ἡ
1601 4127 1852 4197 παροῦσα

272 4217 549 4284 ὑπόθεσις.
587 4220 726 4291 Περὶ
772 4220 881 4290 γάρ
917 4221 1080 4274 θείων
1131 4221 1512 4289 ἀγωνιζόμεθα
1540 4218 1849 4287 δογμάτων,

272 4309 325 4360 ἐν
351 4305 431 4374 οἷς
474 4312 677 4381 ἔχομεν
720 4311 818 4382 τὴν
849 4315 949 4383 τῆς
981 4312 1257 4384 σωτηρίας
1291 4312 1503 4365 ἐλπίδα.
1548 4310 1756 4382 Πολλὴν
1794 4304 1851 4363 δὲ

271 4396 413 4468 ὅμως
449 4403 604 4454 ἔστιν
643 4401 769 4454 ἰδεῖν
813 4403 917 4455 κάν
968 4401 1179 4465 τούτοις
1222 4401 1525 4470 ἀνθρώπων
1561 4403 1846 4472 διαφοράν.

273 4487 332 4539 Οί
373 4490 471 4557 μὲν
508 4490 619 4559 γὰρ
675 4490 890 4560 ἀληθῶς
918 4489 1017 4562 τὴν
1051 4493 1238 4562 κοινὴν
1290 4491 1538 4545 νοσοῦσιν
1575 4492 1848 4556 ἀσέϐειαν,

272 4580 317 4631 οἱ
347 4579 402 4632 δὲ
428 4581 742 4652 ἀδιαφόρως
788 4584 882 4636 καὶ
913 4583 1087 4637 ταῦτα
1127 4584 1222 4636 καὶ
1269 4583 1337 4636 τὰ
1367 4582 1578 4646 τούτοις
1630 4582 1849 4636 ἐναντία

273 4672 697 4742 προσφέρουσιν.
724 4673 942 4743 Ἕτεροι
973 4674 1030 4726 δὲ
1067 4674 1165 4745 τὴν
1195 4673 1450 4744 ἀλήθειαν
1474 4674 1848 4743 ἐπιστάμενοι,

271 4762 473 4833 ταύτην
511 4764 608 4834 μὲν
656 4767 713 4817 ἐν
758 4766 870 4828 τοῖς
908 4766 1007 4837 τῆς
1043 4767 1221 4836 ψυχῆς
1251 4765 1699 4836 κατακρύπτουσι
1753 4783 1851 4817 τα-

279 4854 471 4921 μείοις,
498 4854 568 4908 τὰ
600 4855 658 4908 δὲ
687 4855 921 4927 δυσσεϐῆ
951 4857 1086 4927 μετά
1124 4857 1234 4909 τῶν
1262 4858 1436 4911 ἄλλων
1470 4858 1850 4929 κηρύττουσιν.

280 4936 463 4997 Ἀλλοι
483 4945 541 4997 δὲ
569 4944 664 4997 τοῦ
701 4945 895 5014 φθόνου
922 4945 982 4997 τὸ
1012 4944 1185 5007 πάθος
1231 4945 1539 5015 δεξάμενοι,
1567 4945 1629 4998 τὺ
1657 4948 1855 4998 οἰκεῖον

276 5031 433 5101 ἔχθος
455 5035 714 5105 ἀφορμὴν
743 5034 838 5088 τοῦ
870 5036 1012 5089 κατά
1050 5036 1151 5105 τῆς
1185 5035 1445 5104 ἀληθείας
1483 5037 1721 5106 πολέμου
1761 5052 1859 5089 πε-

276 5124 558 5194 ποίηνται,
595 5126 689 5178 καὶ
718 5124 903 5181 πᾶσαν
942 5125 1086 5180 κατά
1116 5126 1225 5178 τῶν
1255 5127 1353 5195 τῆς
1388 5124 1649 5195 ἀληθείας
1684 5125 1858 5197 κηρύ-

274 5222 385 5267 κων
407 5215 723 5286 εἰσφέρουσι
753 5218 1101 5289 κακοήθειαν.
1139 5216 1257 5269 Εἰσὶ
1284 5217 1341 5269 δὲ
1379 5216 1427 5267 οἳ
1462 5215 1570 5268 τῶν
1603 5216 1705 5285 μὲν
1723 5216 1859 5267 ἀπο-

276 5308 543 5363 στολικῶν
587 5304 875 5380 δογμάτων
911 5310 1249 5374 ἀσπάζονται
1280 5310 1380 5379 τὴν
1428 5307 1711 5379 ἀλήθειαν,
1757 5305 1858 5376 τὴν

274 5399 331 5452 δὲ
356 5400 468 5454 τῶν
502 5401 847 5473 κρατούντων
874 5398 1149 5465 δείσαντες
1184 5401 1526 5467 δυναστείαν,
1566 5398 1858 5468 δημοσιεῦ-

277 5506 366 5544 σαι
393 5491 603 5564 ταύτην
646 5494 984 5564 πεφρίκασι’
1030 5494 1120 5547 καὶ
1174 5493 1417 5546 στένουσι
1451 5492 1548 5562 μὲν
1599 5490 1692 5542 καὶ
1735 5487 1856 5541 ὀδύ-

1952 3308 2352 3361 humanitatem
2410 3308 2594 3360 animo
2649 3307 3254 3376 reputaret,-supplicis
3302 3308 3538 3366 formam

1953 3392 2272 3467 Sunipsisse,
2307 3406 2361 3452 et
2406 3397 2730 3467 impetrasse
2779 3397 2925 3467 quod
2967 3398 3212 3467 petebat,
3245 3401 3538 3457 recordare

1954 3499 2010 3544 tu
2036 3490 2232 3553 etiam,
2266 3488 2510 3553 domine,
2544 3488 2639 3542 ira:
2665 3504 2729 3541 ac
2755 3480 2978 3541 ultionis
3006 3486 3225 3542 divina}.
3252 3488 3536 3543 Achabum

1952 3581 2122 3645 enim,
2147 3579 2243 3650 qui
2274 3578 2654 3634 misericordia
2681 3593 2814 3632 usus
2840 3574 3040 3641 fuerat,
3073 3593 3333 3646 supremo
3369 3578 3537 3636 exitio

1955 3670 2228 3731 multavit,
2255 3673 2310 3724 et
2334 3668 2660 3724 sententiam
2696 3666 2751 3720 iu
2783 3683 2909 3722 eum
2934 3683 3031 3736 per
3054 3667 3382 3737 prophetam
3412 3664 3541 3738 pro—

1954 3763 2100 3818 tulit.
2143 3782 2160 3814 ι
2197 3762 2336 3825 Erit,
2378 3761 2580 3831 inquit,
2607 3761 2787 3814 anima
2833 3769 2926 3814 tua
2963 3776 3064 3831 pro
3098 3760 3281 3815 anima
3312 3762 3452 3831 ejus,
3484 3756 3543 3817 et

1955 3855 2191 3926 populus
2233 3863 2361 3908 tuus
2401 3856 2502 3922 pro
2547 3851 2751 3922 populo
2789 3852 2908 3923 ejus
2933 3851 2999 3905 “.
3033 3870 3051 3902 ι
3087 3851 3197 3906 Nos
3235 3867 3367 3907 vero
3411 3852 3544 3909 hinc

1950 3941 2211 4018 iubemur
2277 3944 2713 4001 misericordiam
2765 3953 3072 4014 temperare
3118 3944 3363 4016 judicio,
3416 3960 3543 3999 cum

1958 4041 2342 4095 universorum
2376 4036 2489 4092 Deo
2529 4034 2787 4107 quaelibet
2831 4035 3209 4090 misericordia
3258 4051 3366 4089 non
3424 4036 3543 4105 pla-

1955 4137 2093 4185 ceat.
2139 4128 2197 4182 In
2238 4127 2433 4198 primis
2477 4135 2664 4180 autem
2712 4126 2945 4180 consilio
2984 4124 3243 4194 prudenti
3286 4138 3424 4192 opus
3460 4118 3543 4176 est

1957 4214 2009 4274 in
2033 4218 2292 4289 prrescnti
2315 4217 2554 4287 negotio.
2577 4217 2653 4270 De
2681 4216 2885 4270 divinis
2907 4215 3053 4270 enim
3086 4214 3300 4284 1225
3322 4214 3546 4283 dogma-

1957 4308 2104 4362 tibus
2142 4315 2441 4369 certamus,
2476 4306 2529 4359 in
2565 4304 2769 4375 quibus
2802 4305 3038 4374 positam
3082 4296 3351 4357 habemus
3387 4318 3541 4372 spem

1955 4398 2166 4454 salutis.
2200 4396 2307 4452 Sed
2342 4412 2593 4467 magnam
2631 4397 2685 4450 in
2719 4394 2807 4448 his
2838 4394 3005 4448 etiam
3038 4393 3223 4447 videre
3251 4399 3336 4447 est
3362 4391 3543 4446 homi-

1956 4503 2089 4542 num
2133 4486 2521 4541 differentiam.
2566 4485 2798 4552 Quidam
2845 4483 2992 4538 enim
3034 4482 3313 4538 communi
3354 4498 3541 4537 revera

1959 4579 2209 4635 laborant
2252 4577 2562 4648 impietate;
2610 4576 2833 4647 quidam
2872 4576 3026 4629 nullo
3069 4572 3393 4629 discrimine
3429 4584 3542 4629 tum

1959 4668 2077 4727 haec
2105 4677 2221 4724 tum
2258 4669 2365 4723 illis
2403 4668 2680 4723 contraria
2719 4664 3009 4737 proferunt
3036 4666 3090 4719 in
3129 4664 3393 4720 medium.
3439 4665 3548 4720 Alii

1961 4778 2085 4818 cum
2113 4767 2428 4832 perceptam
2456 4756 2695 4814 habeant
2724 4757 3036 4823 veritatem,
3074 4756 3215 4810 hanc
3251 4753 3303 4808 in
3346 4770 3544 4808 arcano

1964 4855 2166 4909 mentis
2186 4869 2331 4923 penu
2362 4850 2689 4917 recondunt,
2709 4860 2763 4904 et
2793 4849 2957 4920 impia
2987 4864 3109 4903 cum
3142 4847 3265 4902 aliis
3288 4845 3552 4917 profiten-

1956 4953 2068 5000 tur.
2108 4942 2216 4999 Alii
2259 4959 2452 4998 rursus
2485 4942 2691 4996 invidia
2726 4941 2855 4995 tacti
2883 4937 3265 5010 impugnanda
3303 4926 3549 4991 veritatis

1955 5035 2309 5089 Occasionem
2333 5036 2399 5088 ex
2426 5032 2798 5087 simultatibus
2833 5030 2948 5085 suis
2982 5029 3276 5098 arripiunt,
3302 5043 3521 5081 omnem

1957 5140 2065 5194 que
2095 5125 2150 5177 in
2178 5125 2428 5183 veritatis
2451 5137 2735 5192 praecones
2761 5114 3060 5189 nequitiam
3100 5126 3378 5174 exercent.
3409 5108 3549 5172 Sunt

1956 5216 2121 5271 etiam
2165 5216 2261 5283 qui
2303 5214 2732 5284 apostolicorum
2758 5212 3074 5282 dogmatum
3100 5203 3390 5265 veritatem
3427 5223 3544 5261 am-

1964 5308 2282 5378 plectuntur
2305 5305 2552 5377 quidem,
2576 5305 2670 5360 sed
2696 5304 3099 5360 dominantium
3124 5302 3422 5373 potentiam
3455 5313 3550 5352 ve-

1963 5395 2055 5448 riti
2103 5393 2246 5448 hanc
2265 5393 2512 5464 proferre
2548 5394 2602 5447 in
2633 5394 2911 5463 publicum
2945 5389 3303 5447 reformidant
3332 5406 3344 5440 :
3376 5396 3431 5441 et
3465 5387 3551 5439 in-

1960 5489 2272 5558 gemiscunt
2296 5485 2542 5558 quidem,
2567 5484 2865 5557 dolent‘que
2888 5485 2958 5539 ob
2987 5472 3252 5537 malorum
3286 5480 3546 5546 frequen-

348 5645 397 5679 “
423 5645 617 5704 Matth.
657 5666 712 5716 v,
745 5649 835 5712 44,
871 5648 959 5702 46.
1036 5649 1100 5680 ⁶²⁴
1140 5648 1284 5703 Psal.
1317 5662 1474 5711 Lxxv,
1499 5644 1551 5712 8,
1574 5644 1628 5701 9.
1667 5644 1713 5676 ⁸³
1747 5643 1847 5699 Psa

1949 5658 2107 5711 LXXVI,
2140 5643 2231 5698 20.
2291 5643 2355 5676 “'
2380 5636 2524 5697 Psal.
2558 5658 2699 5704 LXXI,
2734 5639 2818 5704 l8,
2851 5639 2939 5695 l9.
2981 5636 3026 5669 ⁶’⁶
3057 5634 3125 5689 Ill
3156 5626 3292 5706 Reg.
3328 5649 3419 5703 xx,
3448 5631 3543 5688 [στὶ.

350 5798 465 5873 (97)
504 5803 635 5874 μηδέ
669 5802 841 5873 Neap.

608 5900 870 5960 PATROL.
915 5897 1031 5957 GR.
1071 5892 1377 5954 LXXXIII.

3107 5881 3182 5941 43
