4072 6442
487 391 626 457 1355

1469 383 1956 445 THEODORETI
1993 381 2332 443 EPISCOPI
2371 381 2733 441 CYRENSIS

3603 377 3748 441 i356

484 503 653 568 tiam,
703 502 808 573 ipsi
847 509 1029 555 tamen
1074 513 1202 552 cum
1247 496 1316 550 iis
1358 504 1648 550 versantur
1679 495 1775 564 qui
1823 495 2072 565 ingentes

2177 511 2360 566 ρονται
2391 492 2500 546 τῶν
2535 493 2720 546 κακῶν
2755 492 2854 562 τὴν
2888 491 3080 560 φορὰν,
3123 491 3327 544 σύνεισι
3355 489 3412 545 δὲ
3452 491 3600 562 ὅμως
3626 492 3744 553 τοῖς

479 592 686 651 ﬂuctus
714 592 1014 648 concitant.
1051 589 1171 656 Quo
1202 603 1270 642 ex
1302 601 1534 643 numero
1562 596 1712 641 tuam
1736 600 1857 640 esse
1887 586 2064 657 pieta-

484 694 596 742 tem
627 697 938 740 censemus.
968 679 1106 736 Nam
1147 688 1204 733 et
1249 694 1440 735 sanam
1469 677 1526 733 in
1559 677 1767 733 divinis
1794 677 2066 748 dogmati-

482 775 588 830 bus
615 773 789 843 ipsam
834 785 956 826 esse
999 768 1298 833 credimus,
1337 776 1394 824 et
1432 767 1761 822 charitatem
1797 782 1928 838 erga
1966 780 2068 820 nos

399 845 726 922 “retinere
786 862 1142 926 arbitramur,
1191 860 1290 918 sed
1351 861 1423 915 ob
1480 862 1655 916 solam
1715 859 2068 916 timiditatem

485 954 718 1024 tempori
742 952 971 1008 servire.
998 951 1114 1008 Hac
1139 951 1210 1007 de
1242 967 1424 1017 causa,
1451 952 1581 1007 licet
1603 952 1838 1006 aliorum
1859 947 2068 1006 nemini

434 1026 443 1038 ⁸
483 1045 815 1108 scribamus,
842 1053 898 1099 et
921 1043 989 1099 ad
1011 1044 1276 1116 pietatem
1297 1052 1448 1098 tuam
1478 1043 1789 1107 scribimus,
1821 1050 1878 1096 et
1905 1040 1975 1094 ab
2003 1054 2069 1094 ea

486 1135 700 1191 litteras
721 1136 1045 1205 accipimus,
1071 1134 1344 1206 cognitam
1370 1135 1489 1205 ejus
1514 1142 1753 1188 mentem
1779 1131 2066 1196 habentes,

487 1228 783 1297 timorique
857 1226 1042 1296 aliquo
1114 1225 1279 1282 modo
1360 1224 1724 1295 ignoscentes.
1795 1222 2070 1292 Benignus

487 1328 674 1373 autem
719 1318 988 1384 Dominus
1030 1316 1247 1372 timoris
1294 1330 1512 1386 quoque
1558 1313 1876 1369 occasiones
1918 1327 2069 1368 nunc

487 1407 710 1477 penitus
747 1407 1068 1475 amputavit,
1109 1421 1284 1475 nuper
1321 1405 1614 1460 excitatam
1659 1412 1912 1475 retegcns
1961 1403 2067 1457 im-

487 1497 769 1568 pietatem,
809 1497 1340 1567 Evangeliorumque
1384 1496 1728 1551 manifestam
1771 1495 2069 1550 ostendens

489 1587 798 1641 veritatem.
833 1587 945 1642 Nos
973 1602 1129 1652 vero,
1155 1587 1406 1657 quamvis
1437 1603 1532 1642 ora
1555 1588 1717 1642 nobis
1747 1595 1825 1641 tot
1856 1595 2066 1652 essent,

489 1687 626 1747 quot
673 1676 878 1747 capilli,
921 1678 1222 1748 benignum
1255 1680 1271 1698 ‘
1312 1678 1605 1733 DominUm
1658 1693 1758 1748 pro
1805 1678 2068 1748 dignitate

489 1770 714 1824 laudare
755 1786 866 1826 non
902 1785 1217 1840 possumus,
1246 1767 1416 1842 quod,
1446 1786 1568 1842 quae
1609 1787 1642 1824 a
1681 1771 1842 1826 nobis
1876 1771 2070 1841 przedi—

487 1869 706 1924 cantur,
741 1861 808 1915 ad
831 1861 1021 1916 eadem
1056 1862 1271 1933 1226
1303 1863 1483 1932 palam
1503 1861 1851 1931 praedicanda
1879 1861 1963 1916 vel
1985 1876 2072 1916 re-

487 1953 955 2024 pugnantissimos
1021 1954 1225 2025 adegit.
1281 1954 1609 2009 Audivimus
1673 1954 1821 2009 enim
1889 1955 2071 2025 ipsum

485 2045 654 2100 etiam
686 2045 910 2124 pietatis
943 2052 1050 2101 tuae
1094 2045 1568 2112 contubernalem,
1599 2061 1723 2101 cum
1756 2047 2074 2102 anathema-

491 2137 683 2193 tismos
715 2137 774 2192 in
814 2138 1028 2209 magnis
1061 2137 1294 2193 urbibus
1327 2137 1508 2194 editos
1530 2147 1837 2210 cognosset,
1863 2138 1932 2192 ab
1969 2138 2071 2191 ali-

479 2243 601 2297 quo
631 2241 960 2282 cancrorum
989 2227 1206 2282 incessu
1233 2226 1531 2293 destitisse,
1563 2235 1822 2297 rectaque
1855 2226 2070 2296 ingres-

491 2333 614 2374 sum
640 2333 783 2383 esse,
810 2333 939 2372 cum
966 2317 1036 2374 de
1061 2317 1410 2389 dogmatibus
1444 2319 1501 2373 in
1530 2328 1801 2374 conventu
1831 2319 2070 2388 quodam

485 2407 813 2464 dissereret.
855 2406 1085 2478 Oportet
1121 2418 1307 2464 autem
1342 2425 1454 2465 non
1495 2410 1729 2480 tempori
1760 2425 2069 2465 accommo-

495 2501 625 2557 dare
651 2516 958 2567 sermones,
984 2501 1080 2557 sed
1113 2512 1318 2557 rectam
1349 2518 1566 2574 semper
1595 2513 1651 2557 et
1689 2519 1957 2574 nusquam
1989 2504 2074 2558 in-

491 2590 688 2650 ﬂexam
737 2593 984 2652 veritatis
1013 2609 1266 2652 normam
1299 2609 1644 2651 conservare.

807 2794 1092 2850 CXXXVI.
1119 2825 1189 2835 —-
1215 2793 1352 2866 Cyro
1386 2797 1757 2866 magistriano.

559 2907 718 2963 Dolui
768 2908 1152 2973 vehementer,
1194 2922 1321 2962 cum
1361 2908 1640 2964 tristitiam
1686 2910 1916 2980 cognovi
1965 2926 2074 2979 qua

479 2997 849 3055 conflictaris.
881 2997 986 3064 Qui
1015 2998 1163 3058 enim
1192 3006 1443 3066 poteram
1471 2982 1826 3065 non'dolere,
1854 3001 1947 3070 qui
1979 3011 2072 3056 tua

491 3087 680 3144 omnia
725 3099 847 3139 mea
899 3084 1059 3150 facio,
1100 3093 1159 3140 et
1205 3086 1486 3155 apostolici
1527 3101 1737 3140 memor
1767 3101 1887 3145 sum,
1927 3102 2071 3157 prte-

2165 588 2267 651 τάς
2291 585 2585 658 τρικυμίας
2609 585 2900 656 ἐγείρουσι.
2933 584 3147 653 Ταύτης
3169 583 3270 652 τῆς
3298 584 3609 654 συμμορίας
3638 581 3744 650 τὴν

2169 679 2268 750 σὴν
2295 676 2434 731 εἶναι
2477 677 2786 731 θεοσέϐειαν
2823 674 3136 745 ὁριζόμεθα.
3170 675 3464 743 Ὑγιαίνειν
3500 673 3598 744 μὲν
3632 674 3745 742 γὰρ

2167 770 2337 841 αὐτὴν
2383 772 2442 822 ἐν
2479 771 2592 832 τοῖς
2645 767 2811 830 θείοις
2863 767 3097 837 δόγμασι
3138 766 3600 837 πεπιστεύκαμεν,
3646 766 3747 818 καὶ

2167 861 2266 931 τὴν
2309 861 2438 932 περὶ
2489 861 2638 931 ἡμᾶς
2689 858 2974 922 διασώζειν
3022 858 3246 928 ἀγάπην
3299 858 3613 927 νομίζομεν,
3653 857 3749 910 διὰ

2173 952 2341 1023 μόνην
2383 951 2438 1005 δέ
2467 951 2670 1004 δειλίαν
2705 948 3209 1020 συμπεριφέρεσθαι
3235 949 3313 1018 τῷ
3349 948 3545 1018 καιρῷ.
3579 944 3653 1002 Οὗ
3678 947 3747 1018 δὴ

2168 1043 2349 1114 χάριν,
2370 1041 2543 1096 οὐδενὶ
2579 1039 2685 1092 τῶν
2715 1039 2888 1093 ἄλλων
2920 1037 3348 1101 ἐπιστέλλοντες,
3379 1041 3444 1108 τῇ
3488 1040 3553 1108 σῇ
3595 1039 3748 1106 φιλο-

2171 1134 2292 1203 θεῒα
2339 1132 2433 1186 καὶ
2481 1131 2788 1202 γράφομεν,
2825 1129 2918 1184 καὶ
2969 1131 3099 1200 παρ’
3153 1130 3324 1200 αὐτῆς
3353 1128 3618 1199 δεχόμεθα
3674 1129 3747 1181 τὰ

2170 1223 2507 1295 γράμματα·
2559 1220 2650 1274 τὸν
2703 1221 2802 1291 μὲν
2852 1220 3054 1274 σκοπὸν
3107 1220 3327 1283 εἰδότες,
3361 1223 3427 1289 τῇ
3483 1220 3540 1271 δὲ
3572 1219 3747 1289 δειλίᾳ

2173 1313 2503 1384 συγγνώμην
2534 1313 2677 1366 οὕτω
2709 1329 2826 1375 πως
2863 1311 3138 1382 νέμοντες.
3189 1311 3248 1364 '0
3275 1311 3332 1364 δὲ
3367 1309 3744 1380 φιλάνθρωπος

2169 1407 2376 1480 Κύριος
2405 1407 2499 1460 καὶ
2522 1405 2620 1468 τάς
2642 1403 2742 1473 τῆς
2771 1403 3004 1466 δειλείας
3034 1401 3313 1466 παντελῶς
3339 1402 3435 1455 νῦν
3467 1401 3747 1468 ἀπέκοψεν

2169 1497 2446 1570 ἀφορμὰς,
2481 1497 2582 1568 τὴν
2616 1497 2714 1565 μὲν
2741 1493 3228 1566 καινοτομηθείσαν
3253 1493 3433 1558 δείξας
3467 1492 3741 1554 ἀσέϐειαν,

2169 1590 2268 1660 τὴν
2297 1589 2356 1643 δὲ
2379 1588 2486 1642 τῶν
2516 1586 2862 1655 Εύαγγελίων
2891 1585 3108 1655 γυμνὴν
3152 1584 3423 1648 ἐπιδείξας
3462 1584 3744 1654 ἀλήθειαν.

2185 1683 2378 1752 Ἡμεῖς
2417 1681 2474 1734 δὲ
2522 1679 2647 1733 οὕτε
2693 1681 2814 1742 ταῖς
2849 1678 3026 1750 θριξὶν
3068 1677 3370 1749 ἰσαρίθμων
3413 1679 3545 1747 ἡμῖν
3593 1692 3753 1743 γενο-

2177 1773 2354 1844 μένων
2387 1771 2692 1842 στομάτων,
2724 1771 2963 1842 ὑμνῆσαι
2990 1769 3111 1823 κατ’
3133 1768 3292 1832 ἀξίαν
3320 1766 3408 1820 τὸν
3443 1766 3753 1835 φιλάνθρω-

2171 1882 2273 1918 πον
2304 1862 2580 1933 δυνάμεθα
2627 1861 2853 1932 Κύριον,
2883 1863 2964 1915 ὅτι
3002 1860 3072 1914 τά
3123 1861 3249 1930 παρ’
3280 1859 3440 1930 ἡμῶν
3485 1857 3754 1928 κηρυττό-

2172 1973 2332 2028 μενα,
2377 1953 2626 2017 καὶτοὺς
2656 1954 3080 2015 ἐναντιωτάτους
3125 1949 3416 2020 προφανῶς
3456 1949 3754 2018 κηρύττειν

2171 2048 2501 2118 ἠνάγκασεν.
2539 2045 2882 2114 Ἦκούσαμεν
2911 2044 3019 2113 γάρ
3053 2043 3127 2106 ὡς
3167 2042 3261 2096 καὶ
3311 2042 3412 2110 τῆς
3450 2041 3549 2111 σῆς
3599 2039 3756 2109 φιλο-

2171 2139 2323 2202 θεῖας
2346 2140 2375 2190 ὁ
2401 2137 2667 2202 σύνοικος,
2688 2137 2850 2205 γνοὺς
2877 2135 3005 2198 τοὺς
3032 2136 3090 2188 ἐν
3113 2137 3234 2198 ταῖς
3262 2133 3526 2202 μεγάλαις
3559 2131 3752 2184 πόλεσι

2173 2229 2576 2301 γεγενημένους
2624 2228 3126 2298 ἀναθεματισμοὺς,
3176 2224 3454 2278 ἐπαύσατο
3513 2222 3611 2293 μὲν
3647 2223 3754 2292 τὴν

2171 2323 2335 2395 λοξὴν
2383 2323 2493 2376 τῶν
2527 2321 2806 2392 καρκίνων
2856 2319 3082 2391 πορείαν
3131 2316 3486 2388 μιμούμενος,
3527 2315 3752 2368 ἐϐάδισε

2171 2416 2231 2470 δὲ
2262 2413 2361 2484 τὴν
2412 2412 2634 2466 εὐθεῖαν
2682 2411 2810 2482 περὶ
2854 2408 3142 2480 δογμάτων
3191 2406 3491 2477 διαλεχθεὶς
3533 2405 3590 2458 ἔν
3639 2421 3755 2458 τινι

2174 2505 2501 2578 πανηγύρει.
2549 2504 2672 2574 Χρὴ
2701 2503 2760 2556 δὲ
2803 2502 2878 2573 μὴ
2909 2505 3023 2564 τοῖς
3067 2502 3279 2570 καιροῖς
3312 2497 3756 2570 προσαρμόττειν

2172 2597 2301 2660 τοὺς
2339 2596 2556 2664 λόγους,
2593 2594 2709 2648 ἀλλ’
2742 2592 2936 2663 ἀκλινῆ
2967 2591 3065 2661 τῆς
3089 2589 3368 2661 ἀληθείας
3407 2587 3500 2642 τδν
3545 2585 3754 2641 κανόνα

2174 2687 2458 2752 διασώζειν
2485 2685 2593 2740 ἀεί.

2491 2798 2674 2864 ΡΛςῖν.
2706 2826 2778 2836 --
2808 2796 2980 2863 Κύρῳ
3003 2789 3430 2864 μαγιστριανῷ.

2244 2913 2379 2966 Δίαν
2410 2912 2627 2982 ἤλγησα
2655 2909 2755 2978 τὴν
2796 2906 3086 2976 συμϐᾶσαν
3133 2904 3262 2974 ὑμῖν
3295 2901 3535 2972 ἀθυμίαν
3568 2914 3756 2971 μεμα-

2174 3004 2379 3076 θηκώς.
2415 3002 2542 3065 Πῶς
2571 2999 2682 3072 γάρ
2733 2999 2836 3052 οὐκ
2876 2998 3104 3068 ἔμελλον
3144 2995 3301 3049 τοῦτο
3342 2992 3646 3055 πείσεσθαι,
3679 2993 3755 3046 τὰ

2178 3094 2420 3164 ὑμέτερα
2445 3091 2838 3162 οἰκειούμενος,
2878 3089 2976 3141 καὶ
3003 3087 3103 3157 τῆς
3143 3084 3507 3154 ἀποστολικῆς
3539 3098 3755 3152 μεμνη-

478 3177 637 3247 copti
659 3177 726 3242 ⁸⁵,
751 3175 898 3246 quod
926 3192 1034 3231 non
1059 3176 1236 3232 solum
1262 3177 1500 3248 gaudere
1530 3193 1654 3233 cum
1679 3178 2067 3248 gaudentibus,

2178 3186 2340 3257 μένος
2364 3183 2707 3254 νομοθεσίας,
2741 3181 2777 3252 ἢ
2818 3181 2879 3233 οὐ
2927 3179 3088 3250 μόνον
3123 3177 3336 3248 χαίρειν
3367 3173 3505 3244 μετὰ
3529 3173 3760 3243 χαιρόν-

489 3285 685 3324 verum
709 3269 873 3324 etiam
904 3267 1034 3324 ﬂere
1055 3269 1213 3340 jubet
1242 3286 1366 3325 cum
1398 3270 1692 3325 flentibus?
1727 3270 1832 3325 Sed
1867 3280 1923 3325 et
1954 3271 2070 3341 ipsa

490 3374 752 3415 aerumnae
782 3360 1022 3431 gravitas
1047 3361 1192 3430 potis
1213 3370 1299 3416 est
1324 3361 1392 3416 ad
1426 3362 1899 3433 participationem
1930 3377 2070 3417 moe-

491 3450 637 3506 roris
658 3451 745 3506 vel
770 3451 1168 3506 infensissimos
1190 3468 1554 3508 commovere.
1577 3453 1718 3520 Quid
1747 3457 1893 3509 enim
1915 3471 2070 3524 atque

482 3544 784 3599 molestum
826 3553 992 3614 queat
1032 3559 1172 3609 esse,
1209 3553 1269 3598 ut
1311 3546 1540 3616 conjuge
1583 3547 1808 3616 privari,
1853 3562 1974 3617 qure
2016 3555 2071 3600 et

493 3635 829 3690 matrimonii
894 3636 1082 3706 jugum
1145 3635 1417 3706 inculpate
1479 3637 1730 3702 duxerit,
1790 3647 1847 3692 et
1903 3638 2070 3692 vitam

492 3727 694 3782 marito
719 3726 1020 3796 jucundam
1057 3726 1384 3792 reddiderit,
1420 3737 1476 3782 et
1505 3727 1726 3783 familim
1755 3743 1915 3783 curas
1941 3745 2068 3799 par-

487 3816 597 3871 tita
637 3817 731 3880 sit,
778 3831 842 3870 ac
878 3816 1177 3872 domestica
1216 3815 1540 3888 procurans,
1578 3818 1682 3872 alia
1715 3819 1900 3873 omnia
1945 3835 2069 3874 cum

493 3907 690 3962 eodem
728 3906 1144 3973 administrarit,
1176 3915 1232 3964 et
1259 3925 1380 3978 qua:
1411 3911 1565 3963 utilia
1595 3902 1753 3964 erant
1783 3925 2070 3982 suggesse-

494 3999 588 4060 rit,
634 4007 690 4052 et
726 3999 831 4052 viri
876 3999 1100 4053 monitis
1139 4000 1399 4053 obsecuta
1430 3999 1534 4053 sit?
1559 3997 1714 4064 Quod
1744 4014 1874 4053 vero
1907 4000 2070 4054 simul

494 4105 619 4144 cum
657 4090 747 4143 illa
786 4090 832 4144 is
867 4092 1032 4144 etiam
1064 4090 1158 4159 qui
1187 4105 1255 4144 ex
1288 4105 1354 4144 ea
1382 4097 1544 4144 natus
1571 4090 1770 4155 fuerat,
1797 4091 2072 4145 studiose-

494 4197 601 4252 que
635 4181 901 4235 educatus
939 4196 1003 4235 ac
1044 4179 1247 4236 litteris
1290 4179 1595 4242 institutus,
1629 4182 1723 4252 qui
1769 4181 2069 4236 senectutis

478 4274 743 4332 :levamen
791 4272 1009 4327 futurus
1058 4271 1403 4340 sperabatur,
1451 4271 1508 4324 in
1549 4286 1677 4327 vere
1715 4271 1835 4343 ipso
1871 4274 2066 4338 aetatis,

478 4364 669 4434 prima
696 4369 1080 4418 succrescente
1111 4361 1388 4431 lanugine,
1414 4363 1626 4416 tumulo
1649 4363 1940 4418 mandatus
1961 4372 2064 4427 est,

483 4457 780 4526 cujusnam
817 4453 1025 4509 doloris
1059 4469 1168 4508 non
1202 4454 1417 4509 excedit
1456 4456 1930 4527 magnitudinem?
1963 4456 2070 4510 Ita-

2175 3294 2304 3338 των,
2328 3275 2464 3330 ἀλλά
2517 3273 2612 3328 καί¹
2659 3272 2868 3326 κλαίειν
2918 3269 3056 3340 μετά
3093 3267 3387 3322 κλαιόντων
3425 3261 3755 3334 παρεγγυᾷ;

2175 3368 2286 3423 Καὶ
2317 3365 2448 3421 αὐτὸ
2476 3364 2534 3419 δέ
2567 3381 2632 3432 γε
2665 3363 2727 3416 τὸ
2748 3361 2919 3425 πάθος
2949 3359 3132 3413 ἱκανὸν
3159 3359 3238 3419 είς
3278 3353 3616 3425 συμπάθειαν
3654 3355 3759 3404 καὶ

2175 3462 2302 3523 τοὺς
2335 3455 2797 3529 δυσμενεστάτους
2818 3452 3064 3507 ἑλκύσαι.
3095 3451 3161 3505 Τί
3181 3449 3289 3520 γάρ
3313 3447 3484 3508 οὕτως
3506 3444 3758 3516 ἀνιαρὸν,

2177 3553 2251 3616 ὡς
2287 3549 2556 3623 ὁμοζύγου
2610 3547 2961 3618 στερηθῆναι,
3024 3543 3265 3612 ἐννόμως
3304 3540 3400 3610 μὲν
3447 3537 3760 3601 ἑλκυσάσης

2176 3643 2266 3696 τὸν
2296 3640 2391 3695 τοῦ
2452 3640 2632 3709 γάμου
2669 3637 2853 3706 ζυγὸν,
2891 3635 2967 3706 τῷ
3016 3633 3073 3686 δὲ
3121 3633 3351 3702 συνοίκῳ
3389 3629 3605 3698 θυμήρη
3659 3626 3760 3679 τὸν

2180 3733 2293 3804 βίον
2319 3731 2732 3803 ἐργασαμένης.
2769 3729 2865 3783 καὶ
2897 3728 2996 3798 τῆς
3025 3725 3202 3789 οἰκίας
3227 3723 3324 3787 τὰς
3347 3719 3629 3792 φροντίδας
3659 3733 3762 3786 με-

2181 3825 2501 3896 ρισαμένης,
2558 3823 2651 3878 καὶ
2695 3821 2756 3874 τὸ
2802 3820 2900 3891 μὲν
2947 3819 3094 3872 ἔνδον
3138 3813 3557 3884 οἱκουρησάσης.
3590 3809 3659 3862 τά
3704 3807 3758 3861 δ’

2176 3917 2310 3972 ἄλλα
2343 3916 2521 3969 πάντα
2544 3911 3064 3982 συγκυϐερνησάσης
3088 3927 3098 3938 ⁸
3123 3908 3215 3962 καὶ
3231 3907 3291 3959 τὸ
3327 3903 3596 3958 συνοίσειν
3623 3900 3750 3969 μὲλ-

2176 4007 2266 4060 λον
2298 4004 2763 4076 εἰσηγησαμένης,
2796 4005 2889 4055 καὶ
2929 4002 3049 4061 ταῖς
3095 3996 3188 4051 τοῦ
3235 3994 3428 4064 ἀνδρὸς
3475 3991 3760 4058 ὑποθημο-

2179 4098 2365 4160 σύναις
2397 4097 2654 4166 εἰξάσης;
2682 4095 2755 4147 Τὸ
2786 4094 2842 4146 δὲ
2869 4092 2966 4147 καὶ
3000 4092 3099 4144 σὺν
3137 4088 3311 4159 ταύτῃ
3346 4086 3437 4140 τὸν
3478 4084 3536 4150 ἐξ
3581 4081 3758 4150 αὐτῆς

2179 4188 2376 4257 φύντα,
2415 4188 2510 4241 καὶ
2553 4185 2830 4258 ἐπιμελῶς
2873 4182 3236 4253 ἐκτραφέντα,
3291 4179 3386 4232 καὶ
3435 4175 3613 4242 λόγοις
3663 4173 3758 4222 ἐν·

2177 4279 2510 4351 ασκηθὲντα,
2531 4278 2626 4331 καὶ
2640 4275 2965 4347 γηρωκόμον
2988 4271 3307 4327 ἐλπισθέντα
3329 4263 3674 4338 γενήσεσθαι,
3696 4265 3761 4315 ἐν

2177 4371 2327 4443 αὐτῷ
2357 4370 2434 4441 τῷ
2469 4365 2564 4441 ἦρι
2595 4370 2693 4438 τῆς
2723 4367 2960 4438 ἡλικίας,
2999 4363 3190 4418 ίούλων
3231 4360 3416 4413 λοιπὸν
3460 4355 3763 4424 καθερπόν-

2177 4477 2307 4523 των,
2342 4457 2678 4529 παραδοῦναι
2725 4455 2803 4526 τῶ
2835 4455 3012 4524 τάφῳ,
3053 4452 3214 4513 ποίας
3260 4446 3552 4518 ἀχθηδόνος
3581 4443 3760 4512 ὑπερ-

483 4560 602 4614 μριιο
618 4543 664 4598 si
682 4544 850 4600 solam
871 4545 998 4598 mali
1022 4543 1131 4598 vim
1152 4553 1208 4599 et
1229 4553 1477 4600 naturam
1506 4555 1837 4616 spectemus,
1862 4545 2068 4600 nullam

2175 4517 2339 4620 ϐολῆν
2365 4517 2724 4610 κάτα).είπει;
2760 4517 2820 4596 ἐξ
2851 4517 3083 4613 μὲν-οὗν
3120 4540 3201 4602 εις
3232 4517 3402 4606 αὐτὴν
3425 4531 3761 4600 ἀποϐλέψαι-

488 4635 691 4704 recipit
725 4634 1174 4690 consolationem.
1209 4636 1423 4708 1227
1456 4635 1528 4691 At
1563 4637 1609 4690 si
1640 4637 1858 4706 generis
1901 4637 2071 4690 totius

492 4727 882 4780 mortalitatem
919 4726 1104 4781 animo
1138 4727 1463 4798 cogitemus,
1491 4729 1868 4797 prolatamque
1902 4727 1958 4780 in
1988 4743 2073 4797 gc-

496 4832 601 4870 nus
629 4817 948 4869 universum
979 4818 1330 4884 sententiam,
1355 4819 1915 4888 communitatemque
1937 4834 2074 4888 pra:-

495 4913 650 4959 terca
677 4903 828 4968 mali,
859 4919 981 4957 cum
1020 4905 1182 4974 plena
1206 4907 1277 4960 sit
1299 4907 1411 4961 vita
1443 4906 1757 4976 hujusmodi
1796 4922 2070 4962 aerumna-

447 5017 472 5067 ;
495 5009 651 5056 rum,
699 4992 942 5048 feremus
983 4994 1200 5052 fortiter
1244 4997 1391 5067 quod
1439 4997 1666 5064 accidit,
1710 4998 2075 5068 mmrorisque

496 5085 718 5140 aculeos
755 5085 1134 5152 retundemus,
1175 5099 1340 5157 atque
1369 5086 1752 5142 admirandum
1779 5089 1933 5144 illum
1957 5089 2075 5144 lau-

498 5175 583 5231 dis
600 5190 819 5230 carmen
857 5177 1244 5232 concinemus:
1273 5195 1292 5227 ι
1319 5176 1585 5232 Dominus
1608 5177 1780 5244 dedit,
1807 5179 2075 5234 Dominus

496 5255 761 5322 abstulit:
789 5267 933 5323 sicut
963 5266 1198 5322 Domino
1235 5265 1463 5334 placuit,
1499 5267 1581 5322 sic
1616 5276 1673 5323 et
1708 5268 1911 5324 factum
1943 5279 2029 5325 est
2057 5289 2070 5323 :

490 5358 562 5415 sit
589 5374 790 5414 nomen
809 5359 1028 5414 Domini
1055 5357 1405 5413 benedictum
1437 5358 1492 5413 in
1520 5361 1718 5416 saacula
1747 5363 1813 5416 “.
1852 5383 1870 5413 ι
1905 5362 2075 5417 Nobis

494 5465 629 5507 vero
652 5452 720 5506 ad
741 5449 1172 5506 consolationem
1200 5464 1377 5504 causa:
1399 5460 1527 5508 sunt
1547 5452 1713 5506 etiam
1740 5455 2071 5523 complures.

567 5573 611 5627 ³³
651 5606 808 5662 Rom.
851 5620 946 5671 ιιι,
985 5602 1070 5658 ιδ.
1148 5602 1193 5634 σο
1226 5602 1329 5658 Job
1357 5619 1393 5661 1.
1427 5605 1518 5669 at,
1548 5603 1634 5661 ea.

2178 4655 2278 4708 μεν
2314 4639 2484 4709 μόνην
2506 4636 2599 4690 τοῦ
2634 4633 2838 4697 πάθους
2862 4633 2957 4702 τὴν
2995 4633 3180 4702 φύσιν,
3209 4625 3464 4697 οὐδεμίαν
3495 4623 3760 4692 ψυχαγω-

2175 4729 2304 4798 γίαν
2333 4727 2652 4796 εἰσδέχεται.
2685 4726 2746 4777 Εἰ
2777 4724 2835 4783 δὲ
2863 4723 2924 4777 τὸ
2956 4723 3146 4790 θνητὸν
3173 4719 3268 4772 τοῦ
3301 4719 3490 4787 γένους
3518 4717 3596 4776 εἰς
3628 4711 3759 4764 νοῦν

2177 4818 2438 4888 λάϐοιμεν
2465 4817 2576 4885 (98)
2630 4815 2728 4869 καὶ
2752 4813 2851 4884 τὴν
2885 4813 3038 4866 θείαν
3091 4811 3269 4881 ψῆφον
3318 4808 3417 4876 τὴν
3473 4803 3616 4858 κατά
3656 4801 3760 4854 τοῦ

2180 4915 2371 4984 γένους
2393 4910 2784 4981 ἐξενεχθεῖσαν,
2808 4909 2901 4962 καὶ
2933 4907 3068 4979 πρὸς
3093 4907 3303 4966 τούτοις
3331 4902 3392 4954 τὸ
3424 4899 3520 4953 τοῦ
3549 4897 3761 4959 πάθους

2179 5006 2358 5059 κοινὸν
2412 5003 2651 5072 (πλήρης
2710 5001 2816 5072 γὰρ
2872 4999 2981 5052 τῶν
3033 4995 3290 5050 τοιούτων
3340 4991 3679 5062 παθημάτων
3729 4990 3762 5042 δ

2180 5095 2351 5165 βίος)·
2409 5093 2629 5162 οἴσομεν
2679 5092 2945 5160 γενναίως
2977 5088 3038 5141 τὸ
3082 5085 3321 5154 γεγονὸς,
3351 5081 3444 5134 καὶ
3506 5079 3605 5142 τάς
3653 5078 3760 5146 τῆς

2179 5185 2417 5255 ἀθυμίας
2477 5181 2936 5256 ἀποκρουσόμεθα
2985 5175 3310 5250 προσϐολὰς.
3357 5173 3449 5226 καὶ
3490 5170 3591 5240 τὴν
3629 5168 3760 5221 θαυ-

2183 5275 2384 5346 μασίαν
2411 5276 2625 5344 ἐκείνην
2673 5273 2879 5344 ᾅσομεν
2914 5268 3219 5340 ὑμνῳδίαν·
3251 5283 3268 5315 ι
3305 5265 3362 5316 Ὀ
3387 5261 3590 5330 Κύριος
3635 5258 3759 5310 ἐδω-
3815 5268 3818 5272 ’

2179 5383 2294 5430 κεν,
2321 5367 2348 5418 ὁ
2373 5365 2576 5434 Κύριος
2600 5363 2871 5431 ἀφείλετο,
2904 5359 2980 5422 ὡς
3025 5356 3102 5426 τῷ
3137 5354 3328 5424 Κυρίῳ
3353 5349 3553 5414 ἔδοξεν,
3579 5348 3758 5410 οὕτως

2179 5455 2274 5508 καὶ
2312 5455 2531 5522 ἐγένετο
2556 5470 2568 5482 ⁸
2615 5453 2700 5520 εἴη
2731 5451 2789 5504 τὸ
2815 5449 2984 5520 ὄνομα
3019 5446 3226 5519 Κυρίου
3271 5439 3636 5513 εύλογημένυν
3674 5445 3761 5503 εἰς

571 5757 682 5828 (98)
722 5760 800 5812 lta
865 5773 897 5813 e
960 5757 1128 5826 Neap.
1189 5756 1590 5826 rescripsimus.
1657 5755 1823 5810 Sirm.
1892 5754 2168 5825 βάλοιμεν.
