4072 6418
284 357 434 424 1357

1550 361 1912 434 EPISTULA
1951 367 2282 443 CXXXVII.

3401 382 3534 456 1333

280 475 422 538 τοὺς
453 469 657 536 αἰῶνας
719 493 738 525 ι
784 472 974 546 Ἡμεῖς
1021 475 1078 530 δὲ
1133 478 1227 530 καὶ
1274 477 1490 543 πλείους
1539 481 1735 552 ἔχομεν
1781 486 1853 547 εἰς

1967 487 2408 562 Spem'namque
2459 495 2878 550 resurrectionis
2931 497 3271 553 manifestam
3319 505 3536 574 accepi-6

275 561 622 637 ’παραψυχὴν
643 567 916 638 ἀφορμάς.
939 566 1048 630 Τάς
1077 567 1186 639 γὰρ
1215 570 1313 640 τῆς
1336 571 1685 638 ἀναστάσεως
1713 577 1864 631 ἐλπί-

278 657 389 718 δας
436 657 681 730 ἐναργῶς
739 658 1062 729 ἐδεξάμεθα,
1103 663 1199 714 καὶ
1255 662 1353 731 τὴν
1402 664 1513 718 τῶν
1552 666 1863 721 τεθνεώτων

281 745 676 814 προπμένομεν
722 746 1048 799 ἀναϐίωσιν·
1107 751 1200 803 καὶ
1252 751 1510 818 πολλάκις
1546 757 1864 827 ἀκηκόαμεν

277 833 383 887 τοῦ
417 835 692 889 Δεσπότου
734 836 904 890 ὖπνον
941 839 1272 909 κεκληκότος
1302 841 1394 896 τὸν
1435 845 1680 900 θάνατον.
1715 849 1778 900 Εἰ
1808 842 1865 900 δέ

278 923 641 991 πιστεύομεν,
664 923 950 995 ὠσπεροῦν
981 927 1330 1002 πιστεύομεν,
1358 934 1479 996 ταῖς
1498 933 1590 986 τοῦ
1614 936 1864 1006 Σωτῆρος

279 1014 519 1081 φωναῖς,
551 1015 613 1066 οὑ
662 1012 742 1067 δεῖ
766 1015 986 1085 θρηνεῖν
1035 1020 1161 1080 τοὺς
1191 1020 1572 1092 κοιμηθέντας,
1601 1023 1704 1077 κᾶν
1754 1041 1862 1094 μα-

278 1101 606 1179 κρότεροςῇ
637 1105 730 1159 τοῦ
763 1108 1011 1172 εἰωθότος
1051 1109 1080 1161 6
1129 1109 1316 1175 ὕπνος.
1367 1113 1527 1167 Ἀλλά
1567 1115 1862 1185 προσδέχε-

277 1198 413 1251 σθαι
455 1198 551 1267 μὲν
604 1199 709 1270 χρὴ
741 1200 841 1270 τὴν
873 1200 1171 1255 ἀνάστασιν
1196 1219 1210 1233 ’
1258 1204 1456 1259 εἰδέναι
1483 1206 1538 1259 δὲ
1594 1208 1668 1270 ὡς
1702 1209 1862 1276 σοφὸς

273 1288 358 1343 ὢν
403 1289 512 1344 τῶν
540 1291 675 1345 ὅλων
705 1292 734 1344 6
787 1292 1082 1364 Πρύτανις,
1121 1296 1218 1350 καὶ
1269 1298 1330 1350 ού
1361 1299 1428 1351 τά
1477 1300 1720 1371 παρόντα
1761 1301 1861 1370 μό-

273 1397 395 1448 νον,
426 1381 564 1435 ἀλλά
602 1385 695 1437 καὶ
727 1384 796 1437 τὰ
848 1385 1109 1454 μέλλοντα
1139 1387 1425 1456 γινώσκων
1479 1391 1685 1460 σαφῶς,
1726 1392 1863 1464 πρὸς

269 1472 343 1523 τὸ
409 1472 688 1544 συμφέρον
741 1472 910 1528 ἰθύνει
968 1475 1040 1528 τὰ
1095 1479 1416 1549 πράγματα.
1453 1481 1620 1534 Τοῦτο
1658 1481 1723 1552 δὴ
1767 1483 1861 1537 καὶ

276 1563 452 1631 σοφός
478 1581 561 1626 τις
603 1564 781 1629 εἰδὼς,
829 1567 956 1634 περὶ
1003 1567 1261 1620 τοιούτων
1288 1569 1532 1625 θανάτων
1558 1571 1858 1640 φιλοσοφεῖ,

272 1653 374 1706 καί
409 1671 574 1725 φησιν
598 1672 611 1686 ⁸
644 1675 662 1707 ι
687 1656 947 1727 Ἠρπάγη
986 1659 1118 1727 πρὶν
1148 1660 1180 1731 ή
1213 1661 1379 1713 κακία
1408 1662 1616 1736 ἀλλάξῃ
1646 1662 1860 1718 σύνεσιν

1969 593 2111 644 mus,
2139 586 2153 598 ‘
2183 591 2636 653 mortuorumque
2676 585 2744 639 ad
2781 587 2946 642 vitam
2978 587 3214 643 reilitum
3249 602 3537 662 exspectas

1967 685 2118 734 mus,
2158 681 2213 726 et
2253 673 2542 729 Dominum
2587 691 2730 745 saepe
2773 677 3084 734 audivimus
3129 696 3255 734 cum
3303 692 3538 739 mortem

1967 774 2220 842 somnum
2259 765 2574 834 appellaret.
2601 766 2754 832 Quod
2782 767 2828 821 si
2866 767 3163 825 Salvatoris
3198 773 3386 828 verbis
3421 790 3540 829 cre—

1968 848 2170 916 dimus,
2207 860 2267 906 ut
2311 869 2501 908 revera
2535 855 2844 921 credimus,
2885 858 3072 929 lugere
3113 876 3208 915 eos
3261 863 3354 932 qui
3404 864 3534 918 dor-

1967 941 2211 996 mierunt
2235 960 2346 999 non
2377 953 2613 1015 oportet,
2644 949 2857 1003 tametsi
2890 965 3114 1005 somnus
3135 953 3294 1008 solito
3318 955 3389 1010 sit
3409 971 3538 1025 pros
3621 980 3625 984 ·

1966 1030 2129 1086 lixior
2155 1053 2167 1086 :
2198 1035 2293 1088 sed
2326 1037 2693 1106 exspectanda
2727 1046 2811 1092 est
2840 1043 3188 1108 resurrectio,
3218 1045 3534 1101 sciendum-

1965 1137 2074 1194 quc
2112 1124 2284 1178 Deum
2347 1127 2751 1195 universorum,
2787 1145 2909 1186 cum
2955 1133 3173 1202 sapiens
3209 1137 3300 1201 sit,
3337 1146 3393 1192 et
3423 1149 3533 1192 non

1965 1213 2258 1280 pratsentia
2288 1222 2519 1280 tantum,
2552 1218 2645 1272 sed
2675 1217 2860 1274 futura
2888 1223 3052 1276 etiam
3089 1225 3295 1294 liquido
3333 1244 3534 1299 cogno-
3623 1299 3628 1304 _

1966 1311 2100 1368 scat,
2132 1304 2200 1357 ad
2225 1305 2277 1358 id
2302 1322 2390 1360 res
2415 1321 2606 1363 omnes
2630 1309 2866 1382 dirigere
2897 1314 3043 1384 quod
3071 1317 3358 1372 conducat.
3382 1319 3538 1386 Quod

1965 1393 2229 1448 nimirum
2253 1396 2471 1466 sapiens
2493 1398 2714 1468 quidam
2740 1417 2865 1455 cum
2890 1403 3236 1476 intelligeret,
3263 1409 3330 1461 dc
3357 1409 3539 1480 hujus-

1965 1486 2114 1540 modi
2145 1487 2412 1544 mortibus
2445 1490 2883 1562 philosophatur,
2912 1505 2968 1549 et
2994 1496 3069 1550 ait
3101 1516 3113 1551 :
3155 1518 3172 1547 ι
3210 1499 3418 1570 Raptus
3454 1511 3539 1558 est

1963 1579 2284 1650 priusquam
2335 1582 2544 1642 malitia
2599 1593 2835 1640 mutaret
2885 1586 3224 1644 intellectum
3265 1591 3383 1660 ejus
3414 1593 3476 1646 δ’.
3511 1612 3531 1643 ι

1963 1669 2234 1725 Cedamus
2272 1671 2459 1742 igitur,
2498 1674 2747 1742 obsecro,
2791 1676 3022 1746 sapienti
3064 1687 3248 1733 rerum
3291 1682 3535 1736 omnium

273 1745 506 1798 αὑτοῦ.»
531 1747 1030 1818 Παραχωρήσωμεν
1050 1751 1250 1816 τοίνυν,
1273 1754 1594 1823 παρακαλῶ,
1611 1756 1690 1825 τῷ
1714 1755 1853 1827 σοφῷ

1962 1764 2351 1832 Gubernatori,
2377 1777 2432 1823 et
2469 1770 2865 1839 amplectamur
2898 1772 3018 1842 ejus
3043 1772 3286 1837 decreta,
3321 1775 3533 1843 qualia-

269 1835 373 1889 τοῦ
403 1837 602 1898 παντὸς
628 1840 977 1913 Κυϐερνήτῃ,
999 1842 1092 1894 καὶ
1117 1842 1426 1914 στέρξωμεν
1449 1843 1518 1898 τά
1544 1846 1856 1918 οἰκονομού-

273 1943 444 1995 μενα,
482 1927 644 1980 ὁποῖά
693 1932 814 1982 ποτ’
843 1931 909 1983 ἂν
950 1927 1019 2004 ᾖ,
1058 1929 1159 1983 κᾶν
1196 1931 1440 2004 θυμήρη,
1483 1933 1584 1988 κᾶν
1613 1936 1854 2006 λυπηρά.

271 2018 546 2090 Σύμφορα
594 2021 705 2092 γὰρ
741 2022 914 2076 ταῦτα
948 2025 1041 2077 καὶ
1078 2024 1330 2097 λυσιτελῆ
1352 2064 1367 2091 ,
1406 2028 1500 2080 καὶ
1543 2027 1857 2097 φιλοσοφίας

270 2108 536 2182 πρόξενα,
558 2114 653 2166 καὶ
679 2115 962 2182 στεφάνων
991 2118 1104 2180 τοῖς
1134 2116 1463 2189 καρτεροῦσι
1488 2121 1816 2191 παρεκτικά.

485 2221 651 2279 ΡΛΖ¹.
683 2254 755 2264 -
794 2224 1033 2296 Ἰωάννῃ
1065 2227 1492 2300 ἀρχιμανδρίτῃ
1531 2232 1664 2304 (99).

353 2331 420 2388 Ὀ
454 2334 553 2405 μὲν
581 2337 852 2409 μακάριος
888 2340 1052 2392 Δαόὶδ
1094 2340 1256 2411 ἕτερά
1295 2359 1417 2396 τινα
1454 2344 1857 2417 πεπλημμέληδ

268 2441 393 2490 κεν,
433 2425 468 2478 ἀ
495 2427 588 2480 καὶ
613 2429 940 2499 ἀνάγραπτοι
962 2432 1262 2502 πεποίηκεν
1293 2435 1372 2497 είς
1394 2433 1492 2505 τήν
1514 2435 1622 2488 τῶν
1659 2438 1854 2508 ἐσομέ-

267 2531 384 2568 νων
415 2513 684 2582 ὠφέλειαν
735 2519 764 2571 6
821 2519 1000 2588 σοφῶς
1025 2519 1240 2574 ἅπαντα
1291 2523 1643 2595 πρυτανεύων
1698 2526 1853 2591 Θεός.

281 2604 599 2660 Ἀϐεσαλὼν
637 2607 694 2660 δέ
719 2609 749 2660 6
775 2610 1129 2680 πατραλοίας,
1167 2612 1261 2665 καί
1289 2613 1592 2680 μιαιφόνος,
1611 2616 1706 2669 καὶ
1724 2616 1854 2669 δυσ-

269 2697 460 2768 σεσὴς,
499 2698 592 2752 καὶ
623 2701 982 2776 παμπόνηρος
1004 2701 1287 2775 τύραννος,
1317 2705 1416 2759 οὐκ
1445 2708 1669 2761 ἐκείνων
1693 2708 1854 2780 χάριν

267 2788 372 2860 τὴν
406 2789 548 2842 κατά
576 2789 669 2843 τοῦ
709 2792 918 2857 πατρὸς
967 2793 1255 2858 ἀνεδέξατο
1299 2794 1496 2850 λύτταν
1525 2813 1538 2829 ·
1585 2798 1722 2852 ἀλλά
1755 2802 1853 2871 τῆς

265 2880 588 2950 τυραννίδος
605 2883 972 2954 ἐπιθυμήσας,
991 2884 1079 2940 τὸν
1097 2885 1429 2940 ἀδικώτατον
1448 2889 1657 2942 ἐκεῖνον
1675 2890 1854 2962 προεί-

267 2969 397 3023 λετο
419 2970 672 3041 πόλεμον.
715 2972 771 3026 ὐ
797 2974 981 3045 μέντοι
1004 2974 1145 3039 θεῖος
1165 2977 1349 3042 Δαϐὶδ,
1371 2978 1689 3034 καὶτούτων
1712 2980 1854 3034 οὕτω

268 3060 633 3130 γιγνομένων,
662 3061 763 3130 τῆς
797 3064 1164 3136 εἰργασμένης
1203 3068 1646 3140 ἀνεμιμνήσκετο
1676 3071 1856 3144 πλημ-

275 3149 518 3220 μελείας.
544 3151 718 3219 Κάγὼ
739 3151 916 3207 τοίνυν
935 3153 1096 3226 ἕτερα
1120 3156 1219 3226 μέν
1244 3175 1366 3212 τινα
1389 3161 1612 3232 ἐμαυτῷ
1640 3163 1857 3218 σύνοιδα

272 3240 747 3312 πλημμελήματα,
771 3243 868 3316 τὴν
888 3244 945 3297 δέ
966 3263 1031 3314 γε
1054 3246 1393 3322 δογματικὴν
1411 3251 1520 3305 τῶν
1542 3253 1857 3309 ἀποστόλων

271 3330 622 3386 διδασκαλίαν
677 3335 953 3407 ἀκραιφνῆ
1007 3337 1324 3411 διετήρησα.
1369 3344 1431 3396 Ol
1482 3345 1540 3398 δὲ
1585 3347 1680 3399 καὶ
1728 3350 1854 3411 τοὺς

273 3421 452 3487 θείους
477 3425 572 3478 καὶ
594 3426 720 3489 τοὺς
741 3427 1113 3497 ἀνθρωπείους
1147 3434 1489 3504 πατήσαντες
1522 3436 1740 3507 νόμους,
1761 3439 1855 3492 καὶ

268 3512 510 3580 ἀπόντας
538 3516 683 3585 ἡμᾶς
712 3517 1156 3589 κατακρίναντες,
1190 3522 1288 3592 οὐχ
1336 3523 1476 3594 ὑπὲρ
1504 3519 1579 3579 ὧν
1607 3528 1854 3598 ήμάρτο-

275 3623 376 3674 μεν
407 3606 507 3676 τὴν
529 3605 708 3677 ψῆφον
740 3609 1039 3680 ἐξήνεγκαν
1061 3627 1075 3642 ο
1099 3613 1158 3664 ού
1196 3613 1303 3683 γὰρ
1334 3611 1401 3687 ἦν
1426 3619 1609 3678 αὐτοῖς
1634 3611 1767 3690 δῆλα
1785 3621 1855 3674 τά

272 3699 667 3768 κεκρυμμένα⁶
725 3701 863 3754 ἀλλά
915 3703 1266 3774 ψευδολογίαν
1333 3709 1426 3763 καὶ
1491 3714 1854 3780 συκοφαντίαν

272 3786 486 3856 ὕφηναν
510 3789 632 3842 καθ’
659 3791 838 3861 ἡμῶν,
873 3793 1072 3862 μᾶλλον
1099 3795 1157 3848 δὲ
1197 3799 1312 3860 τοῖς
1359 3798 1737 3868 ἀποστολικοῖς
1762 3805 1851 3858 δό-

269 3895 450 3948 γμασι
475 3881 769 3950 προφανῶς
796 3883 1180 3954 πολεμοῦντες,
1213 3887 1305 3941 τὸν
1329 3889 1560 3955 ἐκείνοις
1584 3893 1852 3964 ἑπόμενον

269 3969 649 4042 ἀπεκήρυξαν.
692 3990 712 4026 ι
763 3973 902 4029 Ἀλλ’
931 3977 1200 4051 ἐξηγέρθη
1229 3979 1305 4044 ὡς
1336 3982 1365 4034 6
1393 3982 1578 4037 ὑπνῶν
1622 3985 1848 4058 Κύριος,

268 4058 367 4111 καὶ
388 4058 636 4130 διήλεγξε
658 4063 782 4126 τοὺς
805 4063 1033 4136 ἐχθροὺς
1065 4067 1250 4131 αὐτοῦ,
1283 4069 1376 4122 καὶ
1402 4071 1603 4138 ὄνειδος
1631 4075 1850 4132 αἰώνιον

267 4149 471 4202 ἔδωκεν
501 4152 705 4216 αὐτοῖς.
742 4171 762 4203 ι
799 4155 908 4209 Καὶ
933 4155 1001 4209 τά
1054 4158 1155 4226 μὲν
1193 4159 1420 4231 κίϐδηλα
1467 4164 1562 4216 καὶ
1612 4165 1744 4221 νόθα
1773 4169 1851 4221 δι-

267 4241 532 4295 εσκέδασε
562 4243 828 4314 δόγματα,
858 4246 893 4300 ἃ
919 4247 976 4301 δὲ
999 4249 1313 4318 παρέδωκεν
1332 4255 1464 4324 ἡμῖν
1478 4256 1537 4309 ἐν
1551 4259 1661 4321 τοῖς
1684 4259 1848 4330 ἱεροῖς

263 4330 643 4398 Εὑαγγελίοις,
665 4333 762 4387 σὺν
800 4335 1082 4409 παρρησίᾳ
1115 4337 1480 4409 κηρύττεσθαι
1503 4345 1848 4415 παρεσκεύα-

1964 1871 2180 1926 cunque
2213 1859 2342 1922 sint,
2374 1875 2470 1914 seu
2513 1861 2779 1930 jucunda,
2808 1879 2906 1918 seu
2952 1863 3148 1918 tristia.
3186 1865 3348 1922 Utilia
3382 1866 3533 1920 enim

1964 1956 2092 2002 sunt
2119 1948 2222 2002 ista
2247 1959 2303 2004 et
2329 1950 2717 2018 conducibilia,
2751 1969 2871 2022 quae
2910 1962 2967 2009 et
2995 1955 3255 2012 virtutem
3287 1964 3531 2012 exactam

1964 2038 2186 2108 pariunt
2210 2047 2266 2094 et
2291 2055 2522 2095 coronas
2547 2042 2908 2100 tolerantibus
2932 2045 3241 2114 acquirunt.

2076 2239 2294 2334 1.228
2318 2242 2629 2299 CXXXVII.
2652 2275 2720 2285 —
2743 2244 2942 2302 Joanm'
2977 2235 3428 2305 archimandritaz.

2035 2355 2096 2409 ln
2122 2356 2244 2410 aliis
2281 2357 2505 2426 quidem
2541 2360 2824 2416 nonnullis
2849 2362 3035 2431 lapsus
3057 2373 3142 2419 est
3188 2364 3384 2420 beatus
3436 2367 3540 2421 Da‘

1964 2443 2076 2512 vid,
2139 2463 2260 2516 quae
2311 2457 2374 2511 ut
2435 2449 2506 2502 ad
2566 2459 2917 2518 posterorum
2978 2453 3272 2508 utilitatem
3338 2455 3540 2512 litteris

1959 2536 2377 2604 mandarentur,
2413 2538 2546 2592 fecit
2574 2541 2670 2609 qui
2694 2543 2976 2610 sapienter
3003 2545 3186 2599 omnia
3215 2545 3538 2601 moderatur

1962 2626 2126 2682 Deus.
2149 2625 2422 2682 Caeterum
2449 2627 2690 2685 Absalon
2719 2632 3016 2700 parricida,
3045 2641 3103 2687 et
3128 2635 3535 2704 sanguinarius,

1959 2725 2016 2771 et
2055 2717 2275 2786 impius,
2305 2729 2361 2774 et
2385 2720 2830 2789 improbissimus
2867 2732 3150 2794 tyrannus,
3179 2727 3386 2782 nullius
3411 2728 3539 2782 illo-

1963 2833 2085 2872 rum
2117 2834 2282 2874 causa
2313 2819 2466 2874 rabie
2508 2821 2565 2873 in
2616 2825 2830 2888 patrem
2861 2819 3109 2874 erarsit:
3149 2818 3244 2873 sed
3280 2818 3408 2887 quia
3453 2826 3537 2890 ty-

1963 2909 2250 2964 rannidem
2299 2909 2614 2974 allectabat,
2665 2908 2875 2963 idcirco
2931 2907 3338 2978 iniquissimum
3399 2909 3537 2964 illud

1963 2999 2170 3054 bellum
2203 3016 2495 3072 aggressus
2523 3010 2626 3056 est.
2648 2999 2927 3056 Attamen
2947 2999 3176 3055 divinus
3194 3001 3386 3064 David,
3412 3015 3539 3056 cum

1886 3132 1927 3190 Ο
1963 3091 2176 3147 haeclta
2210 3107 2268 3147 se
2301 3093 2590 3158 haberent,
2653 3092 2878 3148 admissi
2923 3092 3172 3147 criminis
3213 3093 3542 3148 recordaba-

1960 3189 2072 3236 tur.
2105 3183 2195 3236 Sic
2226 3183 2395 3252 igitur
2422 3192 2480 3237 et
2519 3197 2622 3254 ego
2659 3184 2897 3237 aliorum
2945 3183 3168 3251 quidem
3203 3183 3538 3237 delictorum

1959 3273 2093 3326 mihi
2124 3273 2380 3328 conscius
2411 3288 2534 3328 sum
2567 3289 2580 3326 :
2613 3271 2708 3326 sed
2753 3272 3118 3342 dogmaticam
3158 3273 3535 3341 apostolorum

1957 3364 2263 3417 doctrinam
2286 3365 2560 3419 sinceram
2593 3364 2832 3418 servavi.
2883 3363 2987 3430 Qui
3013 3379 3147 3418 vero
3195 3364 3412 3419 divinas
3479 3373 3538 3419 et

1957 3453 2225 3507 humanas
2246 3454 2396 3524 leges
2435 3455 2850 3524 proculcarunt,
2871 3455 3237 3524 absentesque
3275 3469 3376 3508 nos
3405 3468 3538 3508 con-

1956 3546 2309 3610 demnarunt,
2341 3561 2453 3600 non
2486 3546 2554 3600 de
2581 3546 2650 3600 iis
2673 3561 2794 3615 qua:
2827 3546 3178 3615 peccavimus
3198 3545 3531 3601 sententiam

1955 3639 2204 3692 tulerunt
2233 3639 2366 3708 (non
2404 3638 2553 3692 enim
2579 3637 2867 3692 manifesta
2898 3637 3008 3691 illis
3060 3643 3220 3691 erant
3257 3651 3378 3704 quae
3434 3651 3532 3690 oc-'

1954 3729 2148 3800 culta),
2200 3729 2297 3784 sed
2326 3729 2672 3784 mendacium
2700 3739 2757 3785 et
2803 3730 3136 3784 calumniam
3198 3737 3391 3784 contra
3429 3743 3534 3782 nos

1954 3827 2272 3884 texuerunt,
2297 3827 2394 3875 aut
2421 3821 2611 3890 potius
2632 3821 2950 3890 apostolicis
2975 3820 3327 3890 dogmatibus
3343 3829 3534 3889 aperte

1954 3911 2160 3967 bellum
2191 3911 2515 3977 inferentes,
2553 3928 2679 3967 eum
2711 3913 2806 3982 qui
2833 3913 2925 3966 illa
2953 3912 3271 3966 sectabatur
3307 3911 3532 3965 abdica-

1951 4011 2099 4056 runt.
2143 4020 2162 4051 ‹
2199 4000 2308 4055 Sed
2341 4002 2616 4055 excitatus
2659 4007 2745 4056 est
2785 4008 3046 4070 tanquam
3099 4000 3379 4054 dormiens
3427 3999 3535 4052 Do-

1950 4091 2155 4154 minus,
2185 4095 2242 4141 et
2273 4090 2570 4158 percussit
2589 4089 2847 4143 inimicos
2881 4103 3056 4153 suos;
3085 4096 3141 4141 et
3172 4087 3531 4157 opprobrium

1949 4179 2350 4248 sempiternum
2375 4178 2527 4233 dedit
2553 4179 2662 4233 illis
2695 4177 2759 4231 σεε
2794 4198 2813 4229 ι
2867 4179 2935 4232 Ει
2961 4178 3273 4233 adulterina
3302 4177 3528 4246 quidem

1949 4287 2014 4327 ac
2042 4271 2230 4342 spuria
2252 4271 2506 4340 dogmata
2530 4269 2821 4339 dissipavit
2859 4287 2871 4322 :
2913 4285 3034 4338 quae
3063 4280 3246 4323 autem
3273 4267 3328 4322 in
3355 4269 3530 4322 sacris

1947 4360 2261 4430 Evangeliis
2293 4359 2456 4413 nobis
2489 4359 2737 4424 tradidit,
2773 4375 2839 4414 ea
2872 4367 2934 4412 ut
2996 4359 3172 4413 libere
3224 4358 3529 4428 praedicen-

266 4439 380 4476 σεν.
424 4423 586 4494 Ἡμῖν
622 4424 680 4477 δὲ
732 4424 902 4479 ταῦτα
955 4428 1036 4490 εἰς
1083 4429 1296 4484 τελείαν
1343 4433 1507 4503 ἀρκεῖ
1554 4435 1840 4508 θυμηδίαν.

1956 4457 2042 4504 tur
2068 4423 2270 4504 eil‘ecit.
2306 4449 2477 4504 Nobis
2509 4465 2637 4505 vera
2663 4449 2730 4504 ad
2760 4449 3061 4519 perfectam
3093 4451 3113 4470 *
3162 4423 3330 4503 animi
3385 4450 3526 4504 laeti-

265 4513 405 4568 οὐδὲ
431 4515 540 4584 γὰρ
569 4515 777 4578 πόλεως
809 4516 1204 4589 ἐπιθυμοῦμεν,
1242 4523 1300 4574 ἐν
1330 4515 1363 4595 ᾖ
1401 4524 1724 4594 μοχθοῦντες
1755 4528 1847 4584 τὸν

266 4606 489 4662 ἅπαντα
509 4606 954 4680 διατετελέκαμεν
973 4611 1162 4682 χρόνον
1187 4630 1201 4644 ·
1229 4613 1364 4668 ἀλλά
1393 4616 1491 4688 τὴν
1526 4617 1635 4672 τῶν
1666 4621 1848 4690 Εὐαγ-

265 4697 465 4766 γελίων
490 4698 750 4768 ἀλήθειαν
773 4699 1051 4772 ποθοῦμεν
1080 4707 1492 4777 κρατυνομὲνην
1515 4711 1670 4782 όρᾷν.
1708 4712 1846 4766 Τοῦ·

261 4805 360 4841 τον
382 4789 440 4842 δὲ
466 4788 624 4860 ήμῶν
647 4787 736 4844 τὸν
762 4789 926 4846 πόθον
963 4794 991 4844 6
1015 4794 1292 4867 Δεσπότης
1331 4797 1716 4870 πεπλήρωκεν.
1749 4803 1850 4857 Διά

259 4878 424 4933 τοῦτο
450 4879 765 4951 γαννύμεθα
790 4881 884 4935 καὶ
921 4884 1256 4956 γεγήθαμεν.
1295 4890 1390 4942 καὶ
1425 4890 1516 4943 τὸν
1547 4894 1851 4965 μεγαλόδω-

263 4986 360 5040 ρον
385 4969 587 5040 Κύριον
618 4971 919 5042 ύμνοῦμεν,
961 4975 1055 5027 καὶ
1086 4975 1186 5046 τὴν
1225 4976 1497 5052 ὑμετέραν
1533 4981 1842 5040 θεοσέὸειαν

257 5058 420 5112 τοῦτο
445 5062 541 5114 σὺν
561 5063 696 5132 ἡμῖν
731 5063 1152 5134 παρακαλοῦμεν
1178 5071 1376 5132 ποιεῖν,
1418 5071 1511 5123 καὶ
1541 5072 1843 5142 ὑμνοῦντας

260 5150 540 5204 ἱκετεῦσαι
591 5153 918 5220 σπουδαίως,
969 5154 1056 5207 ἵνα
1104 5156 1198 5209 καὶ
1229 5160 1357 5222 τοὺς
1393 5159 1490 5213 νῦν
1523 5164 1623 5231 μὲν
1649 5165 1841 5231 ταῦτα,

256 5240 357 5295 νῦν
376 5241 433 5294 δὲ
459 5245 642 5295 ἐκεῖνα
666 5243 943 5313 λέγοντας,
980 5247 1072 5300 mi.
1098 5247 1234 5317 πρὸς
1263 5251 1386 5313 τοὺς
1422 5257 1647 5323 καιροὺς
1679 5273 1844 5326 μετα-

254 5331 645 5404 ϐαλλομένους,
664 5336 912 5412 καθάπερ
923 5340 972 5391 οἱ
994 5339 1380 5408 χαμαιλέοντες
1393 5341 1491 5413 τὴν
1506 5344 1612 5398 τῶν
1629 5346 1842 5413 φύλλων

257 5425 809 5501 μεταμφιέσκοντα[ι]
853 5428 1037 5499 χρόαν,
1067 5431 1095 5482 6
1145 5429 1521 5502 φιλάνθρωπος
1568 5435 1841 5510 βεϐαιώσῃ

328 5582 373 5614 ⁸⁷
418 5579 547 5651 Sap.
585 5599 661 5649 tv,
698 5584 784 5638 Η.
861 5583 906 5615 ⁸⁸
943 5585 1086 5640 Psal.
1117 5601 1279 5653 vau,
1309 5587 1398 5654 65,
1451 5590 1545 5648 66.

1952 4541 2083 4596 tiam
2111 4541 2229 4596 haec
2277 4540 2576 4596 sufﬁciunt.
2617 4541 2806 4610 Neque
2845 4541 2993 4594 enim
3033 4538 3273 4593 civitatis
3310 4539 3529 4594 deside-

1950 4633 2035 4687 rio
2059 4640 2330 4698 tenemur,
2363 4633 2419 4686 in
2448 4648 2554 4702 qua
2581 4631 2896 4686 laborantes
2923 4639 3140 4700 tempus
3168 4645 3332 4686 omne
3389 4646 3525 4685 con-

1951 4724 2296 4795 sumpsimus
2342 4741 2355 4777 :
2396 4725 2490 4779 sed
2543 4725 2917 4818 evangelicam
2943 4724 3236 4778 veritatem
3275 4722 3531 4792 cupimus

1949 4816 2358 4871 constabilitam
2393 4815 2586 4870 videre
2635 4832 2648 4868 :
2695 4813 2753 4869 et
2785 4814 2891 4869 hoc
2924 4813 3141 4883 1229
3189 4813 3530 4868 desiderium

1950 4915 2205 4962 nostrum
2261 4907 2528 4963 Dominus
2582 4907 2845 4976 explevit,
2903 4921 3137 4975 eamque
3189 4906 3261 4960 ob
3306 4921 3527 4961 causam

1948 4998 2254 5068 gaudemus
2281 5007 2338 5053 et
2357 4999 2630 5062 laetamur,
2650 5005 2707 5050 et
2728 4997 3048 5052 muniﬁcum
3082 4997 3377 5052 Dominum
3405 4997 3528 5050 lati-

1948 5087 2164 5154 damus,
2198 5097 2256 5144 et
2285 5091 2546 5158 pietatem
2583 5096 2732 5142 tuam
2765 5097 2825 5142 ut
2847 5088 2994 5143 idem
3025 5089 3316 5143 nobiscum
3364 5089 3531 5143 faciat

1945 5179 2255 5242 hortamur,
2282 5188 2449 5249 atque
2496 5187 2556 5233 ut
2577 5179 2855 5233 laudando
2887 5180 3133 5250 impense
3189 5195 3432 5244 oremus,
3467 5189 3529 5233 ut

1943 5283 2040 5322 eos
2065 5269 2160 5338 qui
2199 5285 2347 5323 nunc
2390 5270 2506 5323 hanc
2551 5285 2700 5324 nunc
2731 5270 2826 5324 illa
2884 5270 3107 5336 dicunt,
3141 5277 3198 5325 et
3224 5269 3527 5324 secundum

1951 5361 2201 5423 tempora
2238 5365 2522 5412 mutantur
2543 5358 2974 5428 chammleonum
3001 5374 3173 5422 more,
3227 5358 3320 5426 qui
3372 5357 3531 5411 folio-

1954 5459 2076 5498 rum
2103 5446 2344 5502 colorem
2375 5448 2635 5514 induunt,
2661 5450 2905 5506 clemens
2927 5451 3190 5505 Dominus
3213 5447 3526 5516 conﬁrmet,

247 5750 250 5753 ‘
331 5738 444 5809 (99)
470 5739 654 5798 [labet
687 5741 828 5799 hanc
853 5745 1141 5816 epistolam
1179 5747 1376 5803 Baron.
1419 5749 1484 5803 ad
1530 5768 1579 5805 a.
1606 5749 1666 5805 C.
1696 5749 1818 5816 450,

1956 5751 2026 5820 Π,
2068 5768 2122 5823 p.
2157 5751 2280 5807 127.
