4072 6432
502 389 524 454 1
534 392 637 455 359

1493 383 1980 446 THEODOBETI
2019 383 2356 443 EPISCOPI
2397 384 2762 442 CYRENSIS

3627 380 3772 443 1360

499 498 855 567 stabiliatque
899 498 953 551 in
979 504 1156 566 petra,
1188 506 1244 549 et
1299 495 1506 548 tribuat
1537 502 1596 547 ut
1625 493 1884 547 omnibus
1909 492 2075 546 rebus

2197 493 2405 562 (ύριος,
2437 495 2529 546 καὶ
2554 493 2647 544 ἐπὶ
2677 493 3002 564 τῆςπέτρας
3035 492 3244 566 ἐρείσῃ,
3273 494 3367 546 καὶ
3399 491 3514 562 δοίη
3543 490 3767 546 πάντων

497 592 790 647 veritatem
830 598 1185 658 anteponant.

793 700 1124 756 CXXXVIII.
1152 731 1220 738 —
1251 698 1499 780 Anatolio
1529 698 1771 768 patricio.

573 817 682 870 Nos
707 814 927 884 quidem
961 827 1122 882 quam
1165 811 1309 866 nacti
1347 826 1536 863 sumus
1571 810 1814 878 quietem
1839 801 2078 862 libenter

449 879 460 930 ξ
493 922 692 961 sumus
731 904 986 972 amplexi,
1010 903 1281 971 utilesque
1316 917 1378 955 ac
1407 900 1763 955 suavissimos
1797 901 1917 968 ejus
1959 898 2077 952 fru-

503 1007 624 1052 ctus
653 997 1008 1066 percipimus.
1042 993 1251 1048 Christi
1299 1001 1482 1046 autem
1541 1007 1732 1044 amans
1779 990 2080 1058 imperator

501 1095 713 1152 noster,
743 1087 964 1156 pietatis
993 1085 1235 1139 fructum
1262 1083 1496 1152 adeptus
1530 1081 1846 1151 imperium,
1902 1080 2078 1148 impe-

505 1179 573 1232 rii
605 1176 879 1247 primitias
905 1175 1122 1245 imperii
1149 1174 1396 1243 largitori
1421 1172 1645 1236 obtulit,
1707 1170 2078 1225 Ecclesiarum

505 1284 626 1338 quae
673 1267 1021 1338 jactabantur
1059 1265 1533 1335 tranquillitatem,
1588 1271 1915 1332 Oppugnaue
1952 1261 2080 1316 ﬁdei

507 1359 846 1428 triumphum
870 1399 883 1421 ,
921 1357 1358 1427 evangelicorum
1396 1355 1710 1425 dogmatum
1767 1351 2077 1408 victoriam.

506 1449 604 1503 His
625 1464 760 1502 vero
789 1448 1049 1517 prmmisit
1081 1446 1244 1499 illata:
1271 1446 1434 1500 nobis
1465 1445 1678 1515 injuria:
1712 1444 2086 1501 curationem.

505 1542 639 1608 Quis
677 1541 822 1596 enim
870 1540 1033 1594 talem
1088 1547 1182 1592 aut
1231 1547 1436 1592 tantam
1487 1537 1832 1605 iniquitatem
1873 1534 2084 1588 audivit

509 1631 787 1701 unquam?
807 1630 942 1697 Quis
969 1631 1169 1685 absens
1188 1628 1466 1683 homicida
1485 1627 1778 1682 damnatus
1803 1626 1927 1682 est?
1949 1625 2084 1692 Quis

505 1722 823 1791 nuptiarum
877 1719 1168 1774 insidiator
1201 1734 1312 1773 non
1361 1732 1606 1787 praesens
1636 1715 2084 1771 condemnatus?

2178 582 2450 651 προτιμᾷν
2469 581 2570 651 τὴν
2601 581 2880 650 ἀλήθειαν.

2418 696 2598 750 PAH'.
2629 726 2698 734 —
2744 695 3061 761 Ἀνατολίῳ
3105 697 3396 765 πατρικίφ
3428 697 3528 768 (l).

2261 808 2452 879 Ἡμεῖς
2489 809 2586 879 μέν
2610 810 2675 880 ἢν
2698 809 2963 880 ἐλάχομεν
2993 811 3225 881 ἡσυχίαν
3257 811 3554 876 ἀσπαστῶς
3583 812 3774 878 ἐδεξά-

2184 900 2344 971 μεθα,
2376 901 2614 964 καὶτοὺς
2637 902 2996 972 ὀνησιφόρους
3027 903 3198 972 αὐτῆς
3235 902 3327 956 καὶ
3351 903 3602 972 ἠδίστους
3636 921 3775 974 τρυ-

2180 990 2365 1062 γῶμεν
2405 992 2669 1062 καρπούς.
2713 993 2772 1045 Ὀ
2805 992 2860 1044 δὲ
2909 992 3252 1064 φιλόχριστος
3294 993 3450 1064 ἡμῶν
3490 993 3768 1062 βασιλεὺς,

2180 1082 2281 1152 τῆς
2333 1082 2616 1146 εὐσεϐείας
2673 1083 2884 1154 καρπὸν
2939 1083 3037 1155 τὴν
3080 1085 3356 1154 βασιλείαν
3403 1084 3768 1156 δρεψάμενος,

2182 1171 2436 1242 ἀπαρχὰς
2479 1172 2579 1243 τῆς
2629 1171 2906 1241 βασιλείας
2955 1173 3033 1242 τῷ
3091 1173 3276 1244 δοτῆρι
3330 1173 3429 1241 τῆς
3488 1173 3770 1242 βασιλείας

2184 1265 2558 1335 προσήνεγκεν
2584 1304 2597 1328 ,
2651 1264 2760 1317 τῶν
2812 1265 3228 1336 χειμαζομένων
3285 1265 3621 1337 Ἐκκλησιῶν
3667 1268 3769 1337 τὴν

2185 1355 2448 1425 γαλήνην,
2478 1355 2538 1408 τὸ
2566 1357 2665 1426 τῆς
2695 1355 3099 1426 πολεμηθείσης
3131 1356 3366 1420 πίστεως
3397 1357 3616 1423 κράτος,
3657 1358 3771 1408 τῶν

2193 1446 2566 1514 εὑαγγελικῶν
2604 1447 2890 1516 δογμάτων
2927 1445 3024 1516 τὴν
3052 1445 3228 1515 νίκην.
3260 1446 3672 1518 Προῐσ]τέθεικε
3711 1448 3776 1500 δέ

2185 1537 2393 1601 τούτοις
2409 1540 2504 1609 τῆς
2523 1537 2796 1608 ἡμετέρας
2811 1536 3024 1599 ἀδικίας
3037 1535 3133 1606 τὴν
3160 1535 3324 1588 ἴασιν.
3343 1537 3436 1600 Τίς
3461 1537 3569 1604 γὰρ
3584 1537 3735 1589 τοιαύ
3747 1566 3774 1574 -

2185 1631 2344 1702 τηνῆ
2381 1629 2648 1700 τοσαύτην
2685 1629 2897 1682 ἀδικίαν
2946 1629 3151 1698 ἀκήκοε
3187 1628 3444 1691 πώποτε;
3483 1627 3579 1690 Τίς
3613 1625 3776 1679 ἀπὼν

2187 1721 2510 1792 ἀνδροφόνος
2557 1719 2961 1788 κατεδικάσοη;
2993 1719 3088 1782 Τίς
3120 1719 3313 1788 γάμων
3365 1717 3647 1781 ἐπίϐουλος
3694 1719 3778 1788 μὴ

504 1809 638 1875 Quis
662 1809 940 1873 eﬁ‘ractor,
972 1816 1069 1864 aut
1091 1807 1472 1877 sepulcrorum
1519 1805 1769 1867 eﬂ‘ossor,
1796 1814 1892 1858 aut
1918 1820 2083 1858 vene-

2197 1812 2382 1883 τιαρὼν
2415 1811 2746 1882 κατεκρίοη;
2777 1811 2874 1873 Τίς
2912 1810 3280 1880 τοιχωρύχος,
3318 1809 3351 1879 ἢ
3389 1809 3784 1880 τυμϐωρύχος,

507 1902 664 1966 ﬁcus,
694 1910 789 1956 aut
815 1915 1095 1956 sacrorum
1124 1899 1416 1969 expilator,
1444 1906 1539 1952 aut
1569 1898 1664 1967 qui
1727 1896 1874 1950 aliud
1924 1895 2086 1965 quid-

505 1994 652 2060 piam
685 1991 898 2062 legibus
953 1992 1186 2045 vetitum
1217 1988 1585 2052 commiserat,
1620 1996 1676 2043 et
1726 1987 1792 2041 ad
1817 1987 2086 2058 judicium

508 2084 698 2137 venire
727 2098 852 2137 cum
888 2083 1054 2137 vellet
1078 2089 1164 2137 cst
1183 2081 1520 2151 prohibitus,
1551 2088 1607 2134 et
1647 2079 1919 2149 judicium
1963 2094 2088 2133 sen-

509 2173 681 2228 tentia
704 2173 896 2242 procul
929 2172 1129 2225 absens
1157 2181 1242 2225 est
1261 2169 1589 2226 confossus?
1628 2169 1832 2223 Verum
1891 2168 1946 2221 in
1979 2168 2088 2221 illis

493 2262 736 2332 quidem
771 2262 877 2325 tale
929 2261 1068 2315 nihil
1101 2259 1305 2314 factum
1336 2259 1669 2314 est.Jubent
1716 2257 1861 2312 enim
1915 2257 2086 2326 leges,

508 2361 574 2408 ut
601 2361 729 2406 ante
746 2352 988 2423 judicem
1025 2351 1238 2421 1230
1268 2363 1422 2405 actor
1458 2358 1516 2404 et
1565 2365 1693 2404 reus
1715 2364 1886 2419 prope
1942 2359 2091 2403 stent

505 2461 581 2500 ex
610 2444 864 2508 adverso,
900 2452 956 2497 et
975 2453 1192 2512 apertas
1216 2441 1574 2512 probationes
1597 2439 2085 2510 exspectetjudex,

508 2547 676 2606 atque
724 2537 800 2590 ita
825 2536 1048 2590 demum
1113 2535 1199 2588 vel
1237 2533 1479 2588 dimittat
1509 2541 1571 2587 ut
1599 2534 1970 2597 innocentem,
2001 2532 2089 2587 vel

510 2629 709 2700 puniat
731 2636 793 2682 ut
822 2628 1143 2682 obnoxium.
1162 2627 1303 2696 Erga
1332 2641 1432 2680 nos
1455 2640 1587 2680 vero
1616 2625 1889 2678 contraria
1937 2623 2081 2678 facta

506 2728 644 2776 sunt
669 2720 873 2774 omnia.
903 2719 1040 2772 Nam
1069 2733 1140 2772 ne
1167 2716 1236 2772 ad
1273 2715 1695 2772 celeberrimam
1727 2715 1876 2768 illam
1922 2729 2090 2784 syno-

505 2814 644 2868 dum
675 2812 1011 2875 vcniremus,
1053 2809 1218 2879 regite
1264 2808 1463 2863 littera:
1510 2814 1806 2861 vetuerunt
1838 2824 1850 2859 :
1887 2807 2091 2876 aequis-

511 2904 638 2959 simi
687 2919 819 2958 vero
865 2901 1085 2972 judices
1139 2901 1427 2955 absentem
1467 2898 1936 2961 condemnarunt,
1980 2913 2092 2951 non

511 2993 796 3064 aequaliter
813 2991 905 3062 jus
923 2991 1192 3054 dicentes,
1223 2989 1316 3044 sed
1353 2987 1564 3043 oblatos
1585 2987 1651 3042 ad
1682 2988 2092 3042 accusationem

490 3065 758 3135 \nostram
788 3078 1005 3132 libellos
1047 3092 1376 3147 magnopere
1427 3077 1733 3132 laudantes.
1790 3077 1857 3130 Et
1912 3091 2091 3145 neque

2190 1906 2398 1976 ἢγόης,
2433 1904 2465 1972 ἢ
2499 1903 2794 1974 ἱερόσυλος,
2825 1902 2856 1971 ἦ
2882 1901 3010 1955 ἀλλο
3041 1919 3090 1953 τι
3122 1900 3223 1954 τῶν
3252 1905 3363 1964 τοῖς
3401 1901 3584 1969 νόμοις
3614 1902 3786 1954 ἀπει-

2193 1996 2442 2066 ρημένων
2481 1995 2779 2064 τολμήσας,
2811 1992 3042 2064 δραμεῖν
3089 1992 3187 2061 μὲν
3222 1992 3302 2056 εἰς
3337 1992 3396 2044 τὸ
3425 1991 3786 2061 δικαστήριον

2191 2087 2543 2156 ἐπειγόμενος
2575 2083 2844 2153 ἐκωλύθη,
2896 2083 3136 2154 ἀνῃρέθη
3176 2083 3233 2136 δέ
3268 2083 3552 2154 πόρρωθεν
3580 2083 3654 2135 ὣν
3708 2085 3784 2151 τῇ

2190 2176 2282 2228 τοῦ
2319 2175 2630 2239 δικάζοντος
2668 2174 2869 2244 ψήφῳ;
2909 2173 3048 2225 Ἀλλ’
3079 2173 3165 2225 ἐπ’
3196 2174 3424 2226 ἐκείνων
3459 2174 3556 2242 μὲν
3583 2172 3784 2240 γέγονε

2190 2266 2429 2318 τοιοῦτον
2459 2265 2614 2318 οὐδέν
2638 2283 2650 2295 ·
2688 2267 2737 2317 οἱ
2765 2265 2871 2335 γὰρ
2899 2265 3052 2335 νόμοι
3083 2264 3363 2317 κελεύουσι
3416 2265 3640 2332 πλησίον
3680 2265 3787 2316 ἀλ-

2191 2360 2367 2430 λήλων
2394 2359 2499 2431 πρὸ
2533 2359 2628 2411 τοῦ
2659 2358 2971 2420 δικάζοντος
3001 2358 3221 2411 ἑστάναι
3261 2357 3357 2410 καὶ
3390 2358 3481 2409 τὸν
3515 2356 3788 2410 διώκοντα

2194 2454 2287 2506 καὶ
2315 2453 2405 2504 τὸν
2434 2452 2724 2520 φεύγοντα,
2759 2450 2853 2503 καὶ
2882 2451 3008 2512 τοὺς
3032 2452 3333 2520 προφανεῖς
3363 2449 3618 2518 ἐλέγχους
3646 2450 3787 2500 ἀνα-

2197 2545 2378 2614 μένειν
2423 2543 2514 2596 τὸν
2563 2542 2841 2612 δικαστὴν,
2899 2541 2992 2594 καὶ
3044 2540 3344 2611 τηνικαῦτα
3401 2539 3651 2609 λοιπὸνῆ
3703 2540 3788 2602 ὡς

2193 2635 2368 2689 ἀθῶον
2396 2635 2637 2704 ἀφιέναι,
2685 2633 2718 2703 ἢ
2751 2631 3002 2696 κολάζειν
3035 2633 3109 2696 ὡς
3145 2633 3443 2686 ὑπεύθυνον
3485 2635 3606 2695 ταῖς
3645 2649 3790 2702 γρα-

2195 2729 2343 2795 φαῖς.
2378 2727 2493 2794 Ἐφ’
2523 2725 2681 2796 ἡμῶν
2710 2725 2765 2777 δὲ
2797 2727 2905 2778 πᾶν
2927 2711 3238 2778 τούναντίον
3268 2723 3487 2792 συνέϐη.
3514 2723 3594 2776 Τά
3629 2723 3793 2792 βασι-

2193 2817 2320 2869 λικά
2357 2817 2454 2886 μὲν
2487 2817 2597 2886 γὰρ
2624 2817 2774 2886 ἡμᾶς
2807 2817 3113 2886 γράμματα
3159 2815 3490 2869 καταλαϐεῖν
3533 2815 3631 2885 τὴν
3680 2833 3790 2867 πο-

2193 2905 2558 2977 λυθρύλλητον
2588 2906 2803 2975 ἐκείνην
2826 2905 3069 2960 ἐκώλυσε
3103 2907 3320 2960 σύνοδον
3344 2924 3357 2936 ·
3405 2910 3454 2959 οἱ
3491 2907 3546 2959 δὲ
3578 2907 3790 2960 δικαιὸ⁹

2193 3015 2344 3050 τατοι
2366 2997 2617 3051 δικασταὶ
2644 2999 2734 3049 τὸν
2759 2999 2965 3051 ἀπόντα
2983 2998 3336 3067 κατέκριναν,
3360 3000 3420 3050 οὐ
3439 2998 3790 3060 δικάσαντες,

2201 3090 2400 3160 μᾶλλον
2442 3089 2499 3142 δὲ
2542 3090 2637 3141 καὶ
2677 3089 2795 3142 λίαν
2837 3090 3318 3152 ἐπαινέσαντεςτά
3352 3090 3510 3159 δῆθεν
3532 3094 3608 3152 εἰς
3649 3107 3791 3142 κατ·

513 3174 599 3228 lex
621 3171 827 3234 divina,
861 3185 1040 3238 neque
1089 3167 1373 3222 hominum
1423 3169 1729 3224 reverentia
1768 3167 2087 3221 violentiam

2197 3181 2427 3251 ηγορίαν
2472 3181 2631 3251 ἡμῶν
2662 3179 2977 3235 ἐπιδοθέντα
3027 3182 3456 3251 συγγράμματα.
3505 3182 3611 3234 Καὶ
3653 3182 3788 3233 οὗτε

513 3264 778 3320 inhibuit.
804 3261 910 3317 Sed
931 3261 1238 3331 imperabat
1263 3260 1514 3330 'quidem
1546 3275 1766 3330 pra-ses,
1803 3259 2090 3312 veritatem

520 3371 807 3427 respuens,
835 3355 986 3409 brevi
1040 3355 1319 3408 duraturae
1377 3353 1624 3408 serviens
1651 3351 1908 3421 potentia:
1953 3369 1964 3403 :
1997 3351 2095 3404 ob—

521 3447 904 3518 temperabant
961 3455 1145 3499 autem
1197 3444 1451 3497 homines
1499 3443 1746 3512 ejusdem
1803 3440 2091 3494 nobiscum

515 3537 825 3600 sententia,
853 3545 910 3589 et
933 3535 1246 3589 communia
1285 3534 1553 3587 habentes
1587 3531 1863 3601 dogmata,
1886 3530 2091 3598 quique

517 3648 606 3686 res
635 3640 852 3685 nostras
886 3629 1187 3698 plurimum
1213 3627 1519 3680 laudarant.
1553 3623 1657 3678 Sed
1711 3633 1928 3690 tempus
1958 3621 2093 3674 illud

507 3717 883 3788 quorumdam
904 3716 1545 3786 proditionem,aliorum
1573 3713 1924 3783 timiditatem
1947 3720 2098 3780 pale—

516 3809 666 3862 fecit.
709 3805 878 3861 Nobis
911 3821 1042 3859 vero
1085 3805 1301 3859 ﬁducia:
1351 3805 1695 3858 occasionem
1738 3802 2098 3872 praebuerunt

504 3913 580 3950 ea
609 3912 730 3966 qua:
769 3911 870 3965 pro
897 3895 1127 3948 veritate
1163 3894 1311 3962 passi
1343 3908 1556 3947 sumus.
1600 3892 1832 3945 Donavit
1861 3907 2096 3960 namque

517 3987 679 4042 nobis
704 3986 956 4042 Christus
987 3985 1251 4039 Dominus
1275 4000 1382 4037 non
1410 3984 1585 4037 solum
1611 3992 1670 4036 ut
1694 3983 1748 4036 in
1801 3999 1929 4037 eum
1973 3999 2095 4036 cre-

517 4079 794 4140 deremus,
815 4076 910 4132 sed
922 4076 1088 4130 etiam
1103 4085 1161 4129 ut
1179 4091 1280 4144 pro
1293 4076 1384 4130 illo
1397 4085 1710 4144 pateremur
1723 4077 1784 4128 “9.
1804 4076 2097 4130 Maximum

517 4169 663 4222 cnim
699 4167 905 4222 donum
935 4176 1019 4222 est
1063 4183 1164 4236 pro
1217 4167 1436 4221 Christo
1488 4167 1621 4236 pati,
1670 4168 1815 4237 quod
1873 4167 2097 4222 divinus

515 4256 810 4327 Apostolus
845 4257 1055 4325 magnis
1073 4257 1238 4310 etiam
1268 4256 1551 4310 miraculis
1578 4257 1884 4327 anteponit.

589 4541 648 4596 In
680 4541 766 4595 his
787 4547 843 4595 et
869 4556 970 4611 ego
992 4541 1254 4611 glorians,
1293 4540 1520 4594 humilis
1560 4543 1651 4596 ille
1715 4557 1779 4595 ac
1842 4541 2094 4608 pusillus,
2133 4520 2175 4572 ί)

513 4642 571 4688 et
591 4633 764 4687 aliam
783 4633 1171 4688 ostentationis
1193 4648 1415 4686 causam
1450 4633 1657 4686 nullam
1695 4631 1925 4695 habens,
1980 4647 2096 4685 ma-

483 4715 890 4802 :‘Igniﬁcentiam
937 4734 1177 4779 vestram
1225 4741 1345 4789 oro,
1379 4733 1438 4778 ut
1488 4739 1590 4792 pro
1647 4723 1914 4776 tenuitate
1980 4739 2100 4779 mea

481 4803 492 4854 1"
517 4816 722 4885 gratias
774 4815 1148 4886 singularibus
1203 4815 1385 4869 verbis
1448 4813 1623 4883 agatis
1649 4812 1856 4867 Christi
1892 4816 2101 4868 amanti

455 4911 486 4985 Li
519 4906 863 4976 imperatori,
889 4922 955 4962 ac
995 4907 1259 4977 piissimae
1311 4907 1534 4974 Deoque
1577 4905 1950 4961 dilectissima:
1982 4909 2098 4962 Αυ-

447 4997 487 5042 1'
519 5009 710 5068 gustat,
749 4999 1022 5054 bonorum
1085 4998 1375 5067 magistras,
1432 4997 1579 5064 quod
1629 4997 1828 5052 talibus
1889 5001 2095 5070 123],

519 5089 680 5145 donis
728 5089 1048 5145 muniﬁcum
1074 5087 1366 5142 Dominum
1395 5088 1732 5141 remunerati
1764 5089 1895 5151 sint,
1925 5090 2100 5161 impe-

521 5179 697 5250 riique
724 5180 1142 5236 fundamentum
1169 5186 1226 5231 et
1248 5177 1406 5230 basin
1431 5178 1652 5246 pietatis
1681 5181 1856 5234 zelum
1893 5184 2100 5236 consti-

522 5271 745 5324 tuerint.
767 5271 848 5324 Ad
885 5271 1002 5324 haec
1024 5270 1137 5322 Deo
1163 5267 1433 5321 delectam
1462 5268 1680 5322 illorum
1711 5271 2104 5326 sublimitatem

520 5361 898 5427 obtestamini,
927 5369 988 5414 ut
1018 5368 1166 5414 recte
1192 5358 1460 5414 institutis
1518 5360 1681 5415 ﬁnem
1715 5363 2020 5431 imponant,
2050 5372 2108 5418 et

522 5453 790 5520 synodum
821 5459 1151 5513 convocem,
1190 5467 1299 5504 non
1330 5452 1775 5505 turlmlentorum
1822 5455 2021 5507 iterum
2051 5464 2107 5508 et

590 5605 636 5636 "
675 5606 911 5676 Philipp.
946 5621 982 5670 ι,
1009 5604 1097 5656 29.

2198 3272 2340 3334 θεῖος
2379 3272 2561 3341 νόμος,
2602 3269 2725 3322 οὔτε
2774 3271 3076 3342 ἀνθρώπων
3130 3270 3294 3334 αἰδὼς
3333 3271 3626 3325 διεκώλυσε
3679 3273 3788 3341 τὴν

2199 3363 2432 3432 σφαγήν.
2475 3362 2633 3414 Ἀλλά
2669 3362 3016 3432 προσέταττε·
3039 3363 3138 3432 μὲν
3173 3365 3200 3415 ὁ
3232 3363 3512 3432 πρόεδρος,
3548 3363 3792 3431 προέμεο

2196 3471 2285 3516 νος
2317 3454 2414 3522 τὴν
2466 3453 2746 3521 ἀλήθειαν,
2801 3453 2896 3505 καὶ
2936 3453 3034 3520 τὴν
3085 3453 3407 3504 δυναστείαν
3462 3450 3792 3519 θεραπεύων

2197 3548 2296 3615 τὴν
2337 3546 2674 3614 πρόσκαιρον
2701 3561 2713 3574 ·
2763 3545 3038 3614 ὑπήκουον
3080 3545 3135 3597 δὲ
3185 3546 3233 3597 οἱ
3287 3545 3458 3597 ταυτά
3493 3547 3622 3613 ἡμῖν
3656 3561 3795 3612 φρο⁶

2199 3639 2437 3700 νοῦντες,
2497 3639 2590 3689 καὶ
2629 3636 2736 3689 τῶν
2794 3637 3082 3706 δογμάτων
3127 3635 3530 3697 κοιιωνοῧντες,
3570 3636 3663 3687 καὶ
3718 3634 3794 3686 τὰ

2200 3725 2444 3796 ἡμέτερα
2487 3725 2578 3777 ἐπὶ
2612 3725 2862 3776 πλεῖστον
2893 3725 3292 3794 θαυμάσαντες.
3340 3724 3477 3776 Ἀλλ’
3524 3725 3671 3794 ὅμως
3709 3725 3791 3792 (Ξ)

2201 3819 2406 3877 ἐκεῖνος
2474 3816 2663 3886 καιρός
2722 3815 2830 3867 τῶν
2895 3815 2994 3883 μὲν
3051 3816 3149 3884 τὴν
3209 3814 3528 3882 προδοσίαν,
3570 3813 3675 3864 τῶν
3731 3813 3792 3864 δὲ

2201 3907 2298 3975 τὴν
2344 3906 2545 3958 δειλίαν
2579 3905 2887 3975 διήλεγξεν’
2937 3907 3069 3975 ἡμῖν
3119 3905 3174 3957 δέ
3208 3905 3480 3974 παρέσχεν
3531 3902 3792 3972 ἀφορμὴν

2204 3995 2516 4066 παρρησίας
2555 3994 2624 4047 τὰ
2664 3995 2805 4064 ὑπὲρ
2851 3996 2949 4064 τῆς
2987 3994 3246 4064 ἀληθείας
3295 3995 3592 4066 παθήματα
3678 3997 3719 4045 Κ
3736 3999 3794 4046 αἰ

2204 4088 2524 4156 κεχάρισται
2547 4089 2679 4156 ἡμῖν
2707 4089 2734 4139 ὁ
2765 4086 3041 4156 Δεσπότης
3069 4087 3302 4156 Χριστὸς
3329 4087 3392 4138 ού
3427 4087 3586 4154 μόνον
3617 4085 3676 4136 τι
3710 4090 3792 4148 εἰς

2207 4178 2367 4231 αὐτὸν
2402 4179 2704 4241 πιστεύειν,
2738 4177 2872 4229 ἀλλὰ
2905 4178 3000 4230 καὶ
3034 4177 3095 4229 τὺ
3137 4177 3275 4246 ὑπὲρ
3305 4176 3470 4229 αὑτοῦ
3518 4177 3751 4246 πάσχειν
3777 4195 3791 4208 -

2207 4272 2453 4340 χάρισμα
2485 4271 2592 4340 γάρ
2639 4271 2754 4322 ἐστι
2810 4269 3085 4339 μέγιστον,
3115 4270 3182 4322 τὰ
3209 4271 3347 4341 ὑπὲρ
3381 4269 3476 4322 τοῦ
3519 4269 3792 4322 Δεσπότητυ

2208 4361 2526 4431 παθήματα.
2560 4362 2616 4411 'U
2646 4359 2700 4412 δὲ
2721 4359 2859 4423 θεῖος
2905 4360 3227 4422 ’Λπόστολος
3256 4361 3348 4411 καὶ
3388 4359 3496 4411 τῶν
3533 4357 3792 4426 μεγάλα-Ν

2208 4451 2379 4504 ταῦτα
2408 4451 2700 4523 θαυμάτων
2739 4450 3080 4521 προτίθησιν.

2289 4539 2410 4592 Ἐπὶ
2443 4540 2650 4604 τούτοις
2686 4539 2843 4609 κάγὼ
2895 4540 3292 4609 σεμνυνόμενος
3337 4542 3364 4591 ὁ
3413 4539 3791 4608 χαμαιπετὴς,

2204 4632 2298 4686 καὶ
2333 4633 2600 4704 σμικρὸς,
2637 4633 2732 4684 καὶ
2763 4631 3034 4702 μηδεμίαν
3071 4632 3211 4701 ἔχων
3247 4630 3411 4700 ἀλλην
3435 4632 3796 4700 καυχήματος

2203 4725 2480 4795 ἀφορμὴν,
2506 4723 2602 4792 τὴν
2633 4724 2906 4794 ὑμετέραν
2938 4723 3309 4793 μεγαλοψυῒαν
3343 4722 3669 4792 παρακαλῶ,
3692 4726 3798 4784 ti;

2205 4812 2658 4884 εὐχαριστηρίους
2692 4813 2876 4881 φωνὰς
2925 4813 3066 4885 ὑπὲρ
3104 4814 3202 4884 τῆς
3245 4815 3383 4884 ἐμῆς
3411 4811 3682 4875 εὐτελείας
3717 4813 3799 4881 τῷ

2211 4905 2540 4974 φιλοχρίστῳ
2564 4907 2952 4973 προσενεγκεῖν
2984 4905 3215 4974 βασιλεῖ,
3247 4907 3340 4958 καὶ
3374 4907 3438 4974 τῇ
3466 4903 3798 4956 εὐσεϐεστά-

2210 5012 2279 5067 τῃ
2306 4997 2399 5048 καὶ
2430 4997 2815 5070 θεοφιλεστάτη
2852 4997 3160 5070 Αὐγούστῃ,
3185 5000 3250 5068 τῇ
3281 4996 3388 5049 τῶν
3432 4995 3615 5048 καλῶν
3641 4995 3762 5048 διδα
3781 5026 3793 5033 -

2213 5087 2416 5158 σκάλῳ,
2443 5089 2524 5142 ὃτι
2563 5089 2826 5153 τοιούτοις
2847 5088 3041 5161 δώροις
3065 5090 3153 5141 τὸν
3189 5087 3569 5158 μεγαλόδωρον
3595 5088 3800 5138 Asand-

2211 5197 2309 5249 την
2341 5179 2648 5250 ἠμείψατο,
2708 5181 2803 5234 καὶ
2855 5181 2954 5251 τῆς
3016 5180 3294 5250 βασιλείας
3334 5177 3652 5248 ὑποϐάθραν
3703 5177 3800 5228 καὶ

2213 5271 2450 5341 κρηπῖδα
2490 5273 2580 5324 τὸν
2611 5273 2752 5342 ὑπὲρ
2786 5270 2886 5342 τῆς
2919 5273 3202 5335 εὐσεϐείας
3258 5272 3553 5340 ἐποιήσατο
3611 5269 3795 5338 ζῆλον.

2213 5364 2356 5433 Πρὸς
2399 5364 2456 5416 δὲ
2505 5364 2714 5428 τούτοις
2741 5366 2834 5418 καὶ
2866 5365 3183 5418 ἱκετεύσατε
3213 5362 3408 5432 ,αὐτῶν
3433 5362 3532 5432 τὴν
3568 5358 3797 5427 θεοφιλῆ

2215 5456 2479 5526 κορυφὴν,
2518 5457 2671 5520 τέλος
2717 5456 2984 5510 ἐπιθεῖναι
3018 5459 3131 5520 τοῖς
3168 5455 3430 5527 ὁρισθεῖσι
3471 5451 3674 5516 καλῶς,
3707 5449 3802 5504 καὶ

713 5720 1092 5794 Haecquoque
1118 5719 1348 5794 epistola
1374 5728 1458 5774 est
1489 5723 1629 5789 apud
1661 5723 1885 5786 Raram,
1933 5731 1973 5776 t.
2011 5724 2098 5790 V'l,
2137 5743 2192 5794 p.
2228 5726 2345 5794 125,
2374 5726 2441 5780 ad
2468 5742 2595 5782 ann.
2625 5725 2686 5782 C.
2714 5726 2838 5782 450.

598 5787 676 5855 (2)
706 5791 733 5841 ό
769 5787 1180 5858 χαλεπόςήοιιιὶίι
1207 5790 1379 5866 Neap.
