4072 6418
262 409 412 478 1361

1518 412 1879 473 EPISTULA
1917 408 2229 471 CXXXIX.

3395 407 3531 473 1362

262 525 608 596 συναγαγεῖν
641 522 881 588 σύνοδον,
908 523 984 593 μὴ
1006 521 1168 576 πάλιν
1202 525 1579 595 ταραχοποιῶν
1604 526 1699 579 καὶ
1726 540 1857 591 συγ-

1967 523 2386 577 collectitiorum
2422 521 2706 576 hominum
2730 520 2970 590 plenam,
3004 521 3101 576 sed
3132 522 3201 576 ab
3230 521 3320 578 his
3350 525 3501 578 omni
3530 554 3537 563 ο

259 615 489 671 κλύδων
510 613 818 685 ἀνθρώπων
843 613 1304 684 πεπληρωμένην,
1341 615 1476 669 ἀλλὰ
1517 616 1722 668 τούτων
1760 617 1857 685 μὲν

257 707 496 761 πάντων
525 705 963 776 κεχωρισμένην,
1005 704 1084 774 (5)
1117 705 1411 776 κρινόντων
1443 706 1500 760 δὲ
1525 707 1593 759 τὰ
1615 707 1733 759 θεῖα
1762 708 1858 759 καὶ

260 801 406 871 περὶ
436 797 636 853 πολλοῦ
669 797 1031 866 ποιουμένων,
1065 798 1161 851 καὶ
1199 799 1419 852 πάντων
1455 798 1586 868 ὁμοῦ
1625 799 1733 852 τῶν
1765 800 1859 852 ἁν-

262 890 568 962 θρωπίνων
595 888 696 959 τὴν
734 887 997 960 ἀλήθειαν
1026 889 1443 961 προτιμώντων.
1490 891 1554 944 Εἰ
1581 890 1637 943 δὲ
1675 891 1859 960 βούλε-

258 998 366 1034 ται
391 980 576 1034 αὑτῶν
607 980 669 1032 τὺ
699 979 902 1050 κράτος
920 980 1023 1050 τὴν
1053 980 1290 1034 παλαιὰν
1325 980 1696 1053 πρυτανεῦσαι
1739 984 1859 1046 ταῖς

275 1070 641 1140 Ἐκκλησίαις
665 1071 891 1142 είρήνην
921 1069 1194 1140 (βούλεται
1213 1071 1317 1141 δὲ),
1348 1071 1736 1144 ἀντιϐολήσατε
1771 1073 1861 1126 αὐ-

260 1161 384 1215 τῶν
410 1162 513 1230 τὴν
539 1161 825 1215 εὐσέϐειαν
866 1165 1124 1234 παρεῖναι
1154 1167 1266 1228 τοῖς
1300 1168 1717 1236 πραττομένοις,
1772 1167 1859 1220 ἵνα

259 1252 403 1314 τοὺς
431 1250 692 1304 τάναντία
734 1254 1205 1323 προαιρουμένους
1233 1257 1300 1325 τῇ
1345 1256 1619 1327 παρουσίᾳ
1656 1254 1860 1327 δεδίξη-

259 1363 383 1407 ται,
422 1340 519 1398 καὶ
563 1344 732 1415 μηδὲν
762 1345 1059 1399 ἀντίπαλον
1088 1348 1122 1418 ἡ
1155 1345 1384 1419 ἀλήθεια
1419 1348 1550 1421 ἔκη’
1580 1349 1694 1402 ἀλλ’
1721 1349 1861 1420 αὑτὴ

259 1437 400 1491 κατ’
434 1435 610 1507 αὐτὴν
642 1436 876 1509 ἐξετάζῃ
908 1437 1017 1491 τῶν
1057 1441 1402 1509 πραγμάτων
1421 1441 1520 1511 τὴν
1552 1441 1735 1509 φύσιν,
1765 1444 1862 1497 καὶ

260 1528 365 1582 τὸν
392 1527 507 1581 τῶν
535 1528 914 1582 άποστολικῶν
956 1529 1244 1599 δογμάτων
1272 1533 1613 1604 χαρακτῆρα’

338 1618 532 1673 Ταῦτα
556 1619 613 1672 δὲ
645 1618 845 1685 ἐξαιτῶ
869 1620 1020 1690 παρὰ
1040 1621 1136 1688 τῆς
1160 1621 1436 1691 ὑμετέρας
1461 1623 1858 1693 μεγαλοφυῖας,

259 1711 367 1779 οὐχ
388 1708 469 1772 ὡς
494 1709 592 1779 τὴν
618 1708 835 1781 Κύρῥον
860 1708 1022 1761 πάλιν
1051 1708 1177 1761 ἰδεῖν
1201 1709 1379 1763 ποθῶν
1418 1706 1549 1779 (οἶδε
1577 1712 1685 1785 γὰρ
1708 1713 1862 1784 ὑμῶν

1960 615 2064 668 bus
2115 614 2466 682 disjunctam,
2505 626 2696 666 eorum
2744 610 2841 680 qui
2866 609 3051 664 divina
3098 611 3430 682 diiudicent,
3477 623 3534 667 et

1959 704 2137 773 magni
2167 703 2388 766 faciant,
2422 701 2823 770 veritatemque
2852 700 3110 755 humanis
3135 702 3302 756 rebus
3348 704 3532 757 omni-

1959 796 2064 850 bus
2105 795 2376 864 potiorem
2403 794 2659 848 habeant.
2678 792 2834 859 Quod
2874 792 2918 846 si
2954 792 3243 861 pristinam
3274 794 3533 850 Ecclesia:

1960 899 2148 953 pacem
2207 882 2499 936 restituere
2566 881 2811 950 ipsorum
2864 879 2984 932 vult
3038 879 3334 948 imperium
3389 879 3532 946 (vult

1959 982 2143 1026 autem
2182 972 2375 1042 procul
2431 970 2624 1038 dubio)
2676 969 2898 1024 illorum
2915 967 3173 1037 pietatem
3193 976 3346 1021 orate
3364 967 3535 1023 rebus

1960 1064 2216 1135 gerendis
2238 1064 2591 1127 intersint,ut
2623 1059 2969 1115 adversarios
2996 1059 3288 1128 prasentia
3308 1074 3406 1113 sua
3421 1069 3539 1114 ter-

1961 1163 2140 1219 reant,
2186 1167 2242 1210 et
2285 1156 2489 1211 veritas
2506 1153 2845 1208 contrarium
2874 1149 3010 1204 nihil
3036 1149 3258 1213 habeat,
3287 1149 3383 1205 sed
3417 1150 3535 1218 ipsa

1959 1260 2060 1316 per
2080 1261 2138 1301 se
2158 1260 2343 1300 rerum
2366 1253 2642 1308 naturam,
2664 1239 3205 1311 apostolicorumque
3225 1237 3536 1308 dogmatum

1960 1337 2334 1391 characterem
2379 1335 2652 1404 exquirat.

2034 1619 2160 1673 Haec
2204 1628 2389 1673 autem
2424 1633 2452 1672 a
2489 1616 2896 1688 magniﬁcentia
2943 1623 3128 1671 vestra
3165 1613 3375 1684 ﬂagito,
3424 1628 3536 1666 non

1962 1708 2108 1780 quod
2134 1708 2337 1780 Cyrum
2370 1709 2571 1763 iterum
2615 1706 2803 1761 videre
2834 1704 3139 1761 desiderem
3179 1703 3355 1774 (novit
3388 1702 3536 1757 enim

260 1800 326 1851 τὸ
355 1800 590 1870 μέγεθος
634 1801 735 1870 τῆς
766 1798 1024 1870 πολίχνης
1070 1799 1169 1868 τὴν
1206 1801 1462 1872 ἐρημίαν,
1499 1796 1568 1874 ἧς
1594 1804 1856 1875 ἀμηγέπη

1967 1800 2281 1871 magnitudo
2296 1807 2481 1859 vestra
2508 1797 2807 1853 civitatula:
2824 1795 3178 1852 solitudinem
3200 1835 3217 1859 ,
3242 1795 3400 1865 cujus
3432 1808 3537 1847 nos

260 1885 328 1937 τὸ
357 1884 604 1956 εἰδεχθὲς
650 1886 1078 1957 κατεκρύψαμεν
1101 1889 1222 1951 ταῖς
1239 1868 1357 1941 ’τῶν
1399 1868 1757 1945 παντώαπῶν
1780 1868 1858 1946 oi;

1967 1868 2370 1948 deformitatem
2388 1904 2611 1960 quoquo
2628 1888 2792 1944 modo
2813 1887 3156 1943 diversorum
3175 1884 3536 1940 aediﬁciorum

263 1976 676 2047 κοδομημὰτων
717 1974 1129 2047 πολυτελείαις),
1188 1978 1304 2032 ἀλλ’
1336 1981 1424 2032 ἵνα
1452 1980 1635 2053 δειχθῇ
1663 1982 1756 2034 καὶ
1792 1983 1861 2037 τὰ

265 2065 408 2137 παρ’
444 2065 607 2136 ἡμῶν
631 2065 1016 2136 κηρυττόμενα
1058 2070 1173 2130 τοῖς
1216 2068 1595 2134 ἀποστολικοῖς
1628 2072 1861 2142 συμϐαί-

266 2174 437 2210 νοντα
478 2155 733 2226 δόγμασι,
766 2157 859 2209 καὶ
895 2156 1024 2210 νόθα
1078 2159 1173 2212 καὶ
1213 2158 1442 2230 κίϐδηλα
1471 2161 1540 2213 τὰ
1575 2161 1684 2215 τῶν
1716 2164 1863 2218 ἐναν-

263 2247 406 2300 τίων
447 2247 747 2319 εὑρέματα.
785 2248 987 2302 Τούτου
1026 2251 1135 2320 γὰρ
1171 2252 1462 2321 γενομένου
1509 2252 1630 2322 (σὺν
1659 2252 1779 2323 Θεῷ
1807 2254 1865 2308 δὲ

265 2336 561 2409 εἰρήσθω),
585 2337 684 2401 τὰς
716 2338 1045 2409 λειπομένας
1085 2340 1298 2411 ἡμέρας
1329 2343 1426 2394 σὺν
1464 2342 1701 2414 εὐθυμία
1738 2344 1865 2414 βιώ-

269 2444 447 2495 σίομεν
490 2427 619 2481 ἔνθα
666 2428 732 2483 ἂν
773 2431 920 2500 ἡμᾶς
963 2429 1171 2499 διάγειν
1202 2433 1231 2483 ό
1275 2431 1556 2503 Δεσπότης
1602 2434 1860 2507 κελεύσῃ.

267 2518 488 2589 Πρέπει
516 2519 572 2572 δὲ
616 2520 746 2591 ὑμῖν
777 2520 1030 2592 εὐσεϐείᾳ
1073 2522 1592 2593 συντεθραμμένοις,
1628 2525 1722 2578 καὶ
1761 2525 1860 2595 τῆς

267 2610 483 2683 ἀρετῆς
529 2611 889 2682 κεκτημένοις
933 2614 1025 2667 τὸν
1074 2613 1326 2680 πλοῦτον,
1376 2615 1524 2668 τόνδε
1570 2616 1662 2668 τὸν
1703 2618 1864 2687 ζῆλον

268 2700 590 2767 ἀναλαϐεῖν,
628 2701 723 2756 καὶ
756 2703 1067 2775 προθυμίαν
1098 2703 1341 2775 ἔχοντας,
1387 2706 1481 2759 καὶ
1524 2705 1614 2759 τὸν
1642 2706 1863 2760 εὐσεϐέ-

270 2809 476 2845 στατον
528 2791 786 2862 βασιλέα,
835 2793 927 2847 καὶ
988 2794 1087 2865 τὴν
1148 2794 1489 2866 φιλόχριστον
1524 2797 1861 2865 Αὑγούσταν,

270 2883 399 2944 ταῖς
443 2882 822 2953 παρακλήσεσι
874 2883 1320 2955 προθυμοτέρους
1364 2873 1744 2957 ἐργάσασθαι,
1778 2889 1865 2942 ἵνα

270 2972 354 3044 τῷ
403 2973 702 3045 ἀξιεπαίνῳ
749 2972 897 3045 ζήλῳ
933 2975 1032 3046 τὴν
1074 2977 1433 3047 πανεύφημον
1476 2978 1657 3032 αὑτῶν
1708 2978 1865 3050 βασι-

270 3064 430 3119 λείαν
449 3064 805 3135 κρατύνωσιν.

382 3173 639 3232 ΡΛΘ’.-
660 3176 920 3246 Ἀσπαρι
941 3176 1208 3243 ὑπατικῷ
1227 3177 1301 3249 (4)
1331 3179 1432 3234 καὶ
1461 3183 1759 3250 πατρικίῳ.

352 3284 502 3338 Ἔδει
531 3286 628 3339 καὶ
654 3284 815 3339 τοῦτο
838 3288 951 3350 τοῖς
979 3287 1162 3352 ἄλλοις
1194 3289 1294 3359 τῆς
1329 3291 1605 3362 ὑμετέρας
1640 3293 1863 3363 ἀνδρίας

274 3376 672 3448 κατορθώμασι
742 3377 1107 3450 προστεθῆναι
1139 3417 1155 3443 ,
1218 3380 1281 3433 τὸ
1335 3381 1428 3435 τὸν
1478 3382 1867 3437 εὐσεϐέστατον

274 3467 436 3538 ἡμῶν
501 3467 598 3522 καὶ
647 3469 988 3542 φιλόχριστον
1040 3469 1287 3539 βασιλέα,
1348 3470 1407 3525 ὃν
1467 3474 1500 3543 ὴ
1544 3473 1664 3526 θεία
1707 3474 1866 3546 χάρις

275 3559 368 3611 ἐπ’
393 3558 686 3630 εὐεργεσίᾳ.
707 3558 817 3613 τῶν
847 3559 1165 3630 ἀρχομένων
1191 3559 1454 3628 ἀνέδειξε,
1486 3561 1576 3616 διὰ
1598 3562 1698 3634 τῆς
1732 3556 1867 3635 ὑμε-

274 3647 450 3718 τέρας
485 3646 853 3717 μεγαλοφυτας
896 3646 1090 3718 μαθεῖν
1118 3647 1218 3718 τὴν
1254 3650 1354 3718 τῆς
1383 3648 1701 3719 καθ’-ήμῶν
1739 3651 1856 3705 ἀδι-

276 3739 404 3803 κίας
434 3738 760 3810 ὑπερϐολὴν,
810 3739 905 3794 καὶ
952 3738 1112 3794 λῦσαι
1156 3739 1309 3812 νόμῳ
1348 3740 1512 3811 νόμον
1553 3742 1746 3813 δικαίῳ
1774 3742 1866 3798 τὸν

275 3831 342 3883 οὑ
374 3829 640 3883 τοιοῦτον.
674 3830 738 3883 Εἰ
764 3828 873 3901 γὰρ
904 3829 1000 3884 καὶ
1033 3830 1215 3900 ἡμεῖς,
1259 3830 1364 3883 ὑπὸ
1398 3829 1502 3901 τῆς
1528 3829 1681 3895 θείας
1711 3833 1862 3904 ἐρει-

277 3920 499 3989 δόμενοι
536 3919 910 3992 Προμηθείας,
954 3919 1210 3992 ἀφορμὴν
1255 3918 1479 3990 ἀγαθῶν
1525 3923 1868 3995 ἐποιήσαμεν

277 4012 382 4083 τὴν
415 4011 767 4081 νομισθεῖσαν
804 4013 1110 4083 τιμωρίαν,
1153 4012 1249 4066 καὶ¹
1286 4013 1385 4084 τὴν
1417 4013 1648 4085 ἡσυχίαν
1691 4015 1870 4069 ἀσπα-

280 4103 426 4166 στῶς
464 4102 766 4175 ἐδεξάμεθα
805 4118 821 4133 ⁸
871 4102 986 4157 ἀλλ’
1017 4098 1111 4158 οὖν
1165 4103 1327 4159 ἄδικα
1382 4106 1729 4179 πεπόνθαμεν
1775 4109 1869 4162 καὶ

280 4193 607 4265 παράνομα,
648 4195 799 4249 οὐδὲν
846 4193 947 4265 μὲν
985 4195 1518 4268 πεπλημμεληκότες
1557 4191 1633 4253 ὧν
1672 4200 1863 4252 ἐσυκο-

282 4287 566 4358 φάντησαν
599 4287 747 4358 ἡμᾶς
786 4287 837 4340 οί
873 4285 975 4356 τῆς
1005 4286 1264 4359 ἀληθείας
1306 4286 1513 4359 ἐχθροὶ,
1548 4275 1618 4342 τὰ
1657 4289 1715 4343 δὲ
1756 4289 1867 4342 τῶν

280 4379 353 4431 τὰ
384 4378 617 4449 μέγιστα
637 4376 1050 4449 τετολμηκότων
1082 4377 1417 4442 πεπονθότες
1451 4378 1631 4433 δεινάο
1668 4379 1870 4451 μᾶλλον

279 4469 340 4522 δὲ
372 4467 467 4522 καὶ
489 4466 694 4522 τούτων
713 4468 1027 4539 ὑπέστημεν
1048 4468 1425 4539 χαλεπώτερα.
1469 4469 1735 4541 Ἀκρίτως
1755 4470 1865 4543 γὰρ

281 4558 381 4613 καὶ
411 4558 731 4631 ἐκρίθημεν,
783 4558 879 4612 καὶ
920 4560 1151 4624 ἀπόντες
1199 4559 1671 4631 κατεδικάσθημεν
1706 4577 1721 4591 ⁸
1770 4562 1866 4616 καὶ

285 4649 588 4719 βασιλικοῖς
650 4649 944 4722 γράμμασι
987 4649 1325 4715 κωλυθέντες
1393 4651 1722 4705 καταλαϐεῖν
1771 4653 1870 4724 τὴν

287 4743 549 4810 Ἔφεσον,
591 4740 694 4812 τὴν
731 4740 1080 4811 δικαιοτάτην
1123 4742 1232 4797 τῶν
1265 4741 1425 4815 ἱερῶν
1454 4741 1724 4797 δικαστῶν
1756 4743 1881 4816 ὲδεοι

287 4833 502 4904 ξάμεθα
529 4832 734 4904 ψῆφον.
768 4834 930 4889 Ἀλλὰ
950 4834 1127 4890 ταῦτα
1153 4837 1331 4892 πάντα
1344 4837 1569 4890 λέλυκεν
1591 4838 1620 4890 ὁ
1638 4836 1872 4907 γαληνό-

281 4941 449 4988 τατος
500 4923 773 4993 βασιλεὺς,
806 4924 897 4978 διὰ
943 4924 1044 4997 τὴν
1086 4927 1187 4996 τῆς
1222 4926 1493 4998 ὑμετέρας
1530 4926 1874 4998 μεγαλοπρε-

283 5017 449 5080 πείας
483 5016 745 5088 σπουδήν.
792 5016 934 5087 Ἐγὼ
960 5017 1017 5071 δὲ
1044 5018 1249 5073 ἀδικεῖν
1281 5019 1511 5089 νομίσας
1537 5021 1586 5072 εί
1622 5020 1875 5091 σιγήσαι-

288 5126 375 5180 μι,
416 5108 514 5163 καὶ
545 5108 680 5181 μηδὲ
705 5111 866 5181 χάριν
894 5110 1318 5182 όμολογήσαιμι,
1345 5110 1440 5161 ἐπὶ
1465 5109 1588 5164 τάδε
1610 5105 1777 5180 ἦλθον
1805 5110 1875 5163 τὰ

285 5202 619 5272 γράμματα,
649 5201 716 5254 δι’
756 5193 832 5256 ὧν
865 5201 928 5255 τὸ
965 5201 1233 5273 ὑμέτερον
1271 5199 1578 5272 παρακαλῶ
1619 5198 1874 5269 μέγεθος,

288 5290 392 5353 τὰς
422 5290 564 5362 ὑπὲρ
596 5290 755 5362 ἡμῶν
783 5293 1063 5363 εὐφημίας
1095 5293 1190 5346 καὶ
1226 5292 1306 5363 τῷ
1341 5291 1622 5363 νικηφόρῳ
1649 5292 1743 5346 καὶ
1783 5308 1875 5359 φιη

286 5377 562 5452 λοχρίστῳ
592 5381 802 5454 βασιλεῖ
827 5386 1237 5454 προσενεγκεῖν,
1260 5384 1353 5437 καὶ
1386 5386 1454 5455 τῇ
1481 5382 1875 5455 θεοφιλεστάτῖ1

365 5537 444 5607 (5)
472 5539 580 5591 τῶν
615 5537 767 5592 addit
788 5537 960 5607 Neap.

368 5604 443 5678 (vi)
475 5609 567 5664 Sic
594 5624 693 5678 pro
719 5604 918 5678 ὑπάτῳ
945 5606 1356 5662 rescribendum
1387 5624 1509 5663 cum
1538 5606 1772 5678 Baronio
1808 5604 1875 5659 ad

282 5688 344 5732 ει.
373 5676 435 5734 CL
461 5676 771 5743 450,“υ1)ἰι.
794 5676 883 5740 VI,
909 5693 963 5747 p.
1002 5678 1100 5732 126
1132 5694 1271 5747 seq.,
1299 5678 1441 5732 hanc
1470 5678 1633 5732 habet
1674 5677 1880 5747 episto-

290 5750 405 5805 lam
461 5749 649 5819 Neque
682 5748 839 5819 enim
885 5744 988 5819 hoc
1032 5744 1346 5819 anno,'qu_o
1397 5748 1598 5818 scripta
1644 5744 1877 5816 epistola

292 5829 399 5885 est,
439 5813 611 5891 Aspar
652 5816 843 5873 consul
884 5816 1003 5881 luit,
1038 5817 1131 5871 sed
1168 5813 1429 5883 Avienus,
1470 5813 1627 5888 cujus
1674 5813 1876 5870 nomen

1960 1985 2176 2057 magnis
2219 1983 2529 2055 sumptibus
2571 1978 2926 2053 obteximus),
2982 1979 3078 2034 sed
3130 1987 3191 2033 ut
3248 1985 3450 2048 pateat,
3482 1986 3540 2032 et

1964 2096 2091 2136 cum
2136 2076 2449 2150 apoStolicis
2505 2072 2852 2145 dogmatibus
2905 2071 2996 2126 illa
3053 2069 3352 2126 convenire
3414 2084 3539 2138 qua:

1963 2165 2348 2237 praedicamus,
2366 2161 2879 2233 ctadversariorum
2909 2160 3132 2219 inventa
3185 2159 3371 2228 spuria
3414 2172 3539 2212 esse

1965 2266 2023 2312 et
2051 2257 2382 2313 adulterina.
2444 2254 2561 2310 Hoc
2585 2253 2734 2307 enim
2767 2252 3034 2322 perfecto,
3070 2251 3218 2321 quod
3251 2251 3363 2305 Deo
3389 2248 3537 2318 aSpi-

1966 2355 2122 2402 rante
2152 2347 2362 2402 dictum
2386 2347 2478 2409 sit,
2502 2343 2746 2412 reliquos
2767 2343 2892 2397 vitae
2931 2342 3069 2405 dies,
3100 2341 3415 2408 ubicunque
3440 2353 3542 2393 nos

1965 2437 2166 2508 degere
2186 2436 2447 2490 Dominus
2460 2433 2711 2504 jusserit,
2743 2433 2903 2486 hilari
2934 2434 3120 2487 animo
3154 2431 3539 2500 transigemus.

1965 2529 2134 2583 Decet
2160 2536 2341 2581 autem
2381 2540 2481 2580 vos
2524 2528 2542 2545 ⁶
2589 2527 2683 2595 qui
2719 2526 2772 2579 in
2805 2524 3011 2593 pietate
3054 2521 3273 2576 educati
3298 2520 3454 2582 estis,
3485 2528 3545 2573 et

1964 2617 2188 2672 virtutis
2208 2632 2340 2686 opes
2363 2616 2677 2686 possidetis,
2718 2616 2868 2669 hunc
2906 2614 3082 2668 zelum
3141 2625 3446 2673 resumere,
3484 2617 3549 2663 et

1965 2708 2174 2763 alacres
2186 2709 2296 2779 jam
2315 2723 2412 2777 per
2422 2722 2564 2771 sese,
2581 2706 2889 2776 piissimum
2902 2706 3310 2774 imperatorem,
3332 2699 3543 2770 1232

1965 2799 2276 2868 Christique
2301 2806 2575 2853 amantem
2599 2797 2922 2868 Augustam,
2939 2794 3233 2850 alacriores
3285 2791 3510 2846 coborta
3527 2817 3544 2828 -

1968 2890 2209 2947 tionibus
2236 2891 2491 2956 reddere,
2526 2899 2590 2945 ut
2614 2887 2876 2945 laudabili
2926 2888 3044 2943 zelo
3072 2883 3536 2957 gloriosissimum

1968 2985 2262 3056 imperium
2291 2999 2452 3038 suum
2481 2982 2865 3037 corroborent.

2115 3179 2401 3237 CXXXIX.
2440 3140 2514 3220 0-
2538 3178 2732 3249 Aspari
2771 3176 3040 3231 consulari
3081 3184 3129 3230 et
3157 3177 3380 3246 patricio

2036 3290 2338 3361 Oportebat
2374 3288 2518 3343 hanc
2557 3289 2724 3344 etiam
2763 3286 2830 3342 ad
2880 3286 3018 3340 alias
3066 3285 3409 3342 fortitudinis
3442 3296 3551 3342 tua:

1965 3383 2257 3453 praeclaras
2279 3379 2522 3434 actiones
2542 3378 2790 3450 adjungi,
2814 3385 2875 3432 ut
2904 3374 3359 3447 religiosissimus
3383 3375 3549 3431 Chri-

1964 3472 2144 3542 stique
2168 3486 2359 3525 amans
2387 3469 2693 3539 imperator
2721 3478 2936 3534 noster,
2981 3483 3144 3538 quem
3198 3467 3550 3523 subditorum

1963 3563 2110 3618 bono
2161 3561 2347 3617 divina
2396 3561 2572 3632 gratia
2616 3559 2880 3623 instituit,
2915 3573 3015 3628 per
3085 3555 3548 3627 magniﬁcentiam

1964 3663 2207 3710 vestram
2231 3652 2300 3708 de
2334 3652 2490 3707 facta;
2512 3652 2570 3706 in
2602 3666 2704 3706 nos
2737 3650 2952 3722 injuria:
2986 3648 3312 3720 indignitate
3342 3647 3549 3701 certior

1967 3745 2145 3813 ﬁeret,
2168 3752 2234 3813 et
2250 3746 2398 3817 justa
2422 3744 2543 3815 lege
2576 3744 2753 3814 legem
2805 3758 2917 3797 non
2946 3743 3152 3812 justam
3179 3738 3547 3795 rescinderet.

1966 3836 2084 3893 Etsi
2114 3837 2261 3892 enim
2288 3851 2412 3900 nos,
2449 3834 2634 3890 divina
2683 3832 2813 3888 freti
2845 3830 3227 3895 Providentia,
3282 3829 3560 3884 bonorum

1968 3928 2315 3982 occasionem
2334 3941 2401 3982 ex
2423 3940 2487 3981 ea
2503 3939 2669 3996 quam
2697 3921 2968 3993 putabant
2995 3935 3159 3991 pmna
3192 3918 3551 3989 sumpsimus,

1968 4019 2323 4088 quietemque
2344 4017 2583 4071 libenter
2615 4029 2810 4071 sumus
2838 4011 3073 4081 amplexi
3124 4028 3137 4063 :
3193 4017 3432 4064 attamen
3463 4007 3553 4061 in-

1962 4107 2111 4178 iusta
2142 4119 2371 4175 prorsus
2402 4113 2461 4158 et
2491 4103 2679 4173 iniqua
2728 4100 3078 4172 pertulimus,
3115 4098 3270 4153 nullo
3328 4096 3565 4166 quidem.

1967 4210 2162 4250 eorum
2193 4195 2454 4259 admisso,
2489 4194 2556 4249 de
2585 4193 2788 4263 quibus
2809 4205 2913 4245 nos
2941 4188 3194 4243 veritatis
3224 4188 3414 4242 hostes
3453 4201 3566 4255 pcr-

1969 4285 2298 4341 calumniam
2359 4288 2712 4347 accusarunt,
2762 4295 2826 4334 ea
2873 4293 3008 4333 vero
3039 4276 3187 4348 passi
3218 4291 3339 4347 quae
3370 4274 3551 4330 solent
3588 4282 3593 4283 ’

1969 4378 2064 4447 qui
2118 4376 2354 4430 maxima
2405 4371 2823 4428 commiserunt.
2883 4368 3143 4436 Quinimo
3233 4365 3321 4419 his
3383 4364 3551 4419 etiam

1971 4470 2221 4542 graviora
2249 4465 2635 4522 sustinuimus.
2668 4461 2878 4516 lndicta
2904 4459 3051 4514 enim
3098 4473 3262 4513 causa
3307 4465 3363 4511 et
3396 4453 3554 4526 judi-

1971 4560 2078 4617 cati
2107 4572 2319 4621 sumus,
2343 4565 2399 4611 et
2422 4554 2678 4609 absentes
2697 4550 3073 4613 condemnati,
3104 4547 3375 4618 regiisque
3404 4545 3555 4600 litte-

1974 4653 2054 4708 ris
2083 4650 2360 4722 Ephesum
2387 4646 2540 4702 adire
2573 4643 2861 4716 prohibiti,
2879 4641 3243 4714 iustissimam
3272 4652 3555 4694 sacrorum

1962 4744 2224 4818 'judicum
2278 4738 2608 4796 sententiam
2635 4736 2971 4806 excepimus.
3000 4734 3205 4791 Verum
3232 4732 3350 4787 haec
3372 4730 3559 4785 omnia

1977 4830 2395 4906 magniﬁcentiae
2427 4837 2533 4883 tua:
2560 4826 2744 4883 studio
2772 4822 2996 4880 sustulit
3019 4819 3408 4878 serenissimus
3453 4818 3561 4873 im-

1980 4932 2226 4997 perator.
2247 4924 2361 4993 Ego
2408 4935 2543 4976 vero
2573 4933 2802 4989 peccare
2833 4931 2921 4971 me
2970 4923 3143 4980 ratus,
3194 4913 3239 4967 si
3296 4920 3558 4973 tacerem,

1974 5032 2082 5071 nec
2109 5027 2327 5085 agerem
2355 5008 2583 5082 gratias,
2611 5006 2680 5061 ad
2703 5006 2802 5059 has
2834 5002 3046 5073 1233
3088 4998 3412 5057 scribendas
3437 5011 3560 5051 sum

1972 5107 2262 5167 adductus,
2291 5102 2495 5173 quibus
2527 5096 2963 5169 magnitudinem
2990 5102 3231 5149 vestram
3291 5091 3558 5152 obtestor,

1973 5207 2034 5252 ut
2053 5213 2153 5268 pro
2172 5196 2335 5250 nobis
2368 5193 2577 5247 faustas
2613 5202 2774 5244 voces
2803 5186 3016 5242 deferat
3041 5193 3157 5240 lum
3185 5183 3381 5239 victori
3403 5180 3562 5236 Chri-

1974 5290 2155 5358 slique
2217 5283 2422 5339 amanti
2474 5279 2817 5351 imperatori,
2876 5288 2993 5333 tum
3048 5278 3162 5333 Deo
3188 5271 3559 5330 dilectissimaa

1974 5377 2511 5450 religiosissimaeque
2565 5375 2826 5443 Augustae
2879 5389 2890 5423 :
2941 5385 3043 5441 pro
3095 5367 3300 5439 quibus
3347 5363 3555 5418 bonum

1985 5532 2234 5588 obtrudit
2260 5528 2607 5599 inscriptioni
2645 5527 2812 5599 hujus
2832 5524 3076 5599 epistolae
3101 5518 3400 5599 Garnerius
3422 5515 3559 5599 (glu-

1986 5587 2146 5668 rtar.,
2177 5618 2229 5672 p.
2261 5599 2410 5672 234),
2437 5587 2883 5672 contradicente-
2907 5593 3072 5672 Pagio
3114 5592 3167 5645 in
3217 5587 3461 5672 (ξι-ἤχοις
3504 5602 3555 5641 a.

1986 5656 2110 5737 ‘50,
2135 5656 2199 5727 'n';
2238 5672 2319 5726 ιε.
2354 5656 2512 5725 diam;
2543 5656 3066 5737 faciliuslibrariiytn
3104 5660 3326 5737 nomine
3349 5657 3556 5737 ὑπάτου

1987 5726 2404 5812 proauum-3.
2440 5755 2602 5809 quam
2630 5738 2684 5790 in
2716 5735 2934 5806 Asparis
2975 5748 3077 5803 pro
3116 5730 3298 5786 Avieni
3340 5726 3564 5784 nomine

1988 5810 2371 5867 Substituendo
2395 5823 2579 5864 errare
2609 5813 2924 5877 potuerunt.
