4072 6424
310 391 459 459 I365

1615 396 1975 458 EPISTOLA
2016 396 2242 455 CXLII.

3422 393 3563 459 1366

309 506 416 576 μὰν
434 504 534 576 τὴν
556 502 857 567 εὐσέϐειαν,
881 504 976 557 καὶ
998 504 1346 576 ἀντιϐολῆσαι
1372 505 1551 560 αὐτῶν
1585 506 1644 560 τδ
1664 507 1886 579 κράτος,

1999 507 2290 575 potentiam
2306 503 2564 569 exoretis,
2594 511 2652 558 ut
2675 503 2887 558 ﬁrmam
2937 504 3199 560 Ecelesiis
3224 521 3412 576 paeem
3445 506 3564 562 elli-

306 594 541 666 βεσαίαν
578 595 946 665 πρυτανεῦσαι
975 598 1094 659 ταῖς
1135 597 1484 667 Ἐκκλησίαις
1516 597 1617 668 τὴν
1639 599 1882 670 εἰρήνην,

306 686 410 739 καὶ
439 685 653 738 σύνοδον
676 685 1028 756 ἀθροισθῆναι
1075 686 1351 751 κελεῦσαι,
1389 688 1464 759 μὴ
1499 688 1608 742 τῶν
1644 706 1887 758 ταραχο-

305 776 506 840 ποιὶἔιν,
553 776 937 830 διακυκὼντων
977 777 1069 831 τὸν
1116 777 1406 846 σύλλογον,
1445 779 1582 833 ἀλλά
1627 780 1735 834 τῶν
1787 783 1886 850 τῆς

302 866 571 936 ἀληθείας
596 867 861 938 ἐραστῶν,
888 867 986 940 τὴν
1016 869 1380 942 ἀποστολικὴν
1412 871 1784 942 κρατυνόντων
1804 871 1886 924 δι·-

1986 585 2117 660 ciat,
2153 604 2209 650 et
2236 595 2503 666 synodum
2565 595 2884 665 congregari
2936 596 3149 666 jubeat,
3198 612 3309 651 non
3359 600 3562 652 tumul-

1989 685 2261 740 tuantium
2292 701 2485 741 rursus
2517 672 2804 740 hominum
2831 686 2926 756 qui
2974 695 3307 742 conventum
3331 699 3558 758 pertur-

1989 777 2142 839 bent,
2166 775 2262 830 sed
2282 776 2532 830 veritatis
2584 777 2886 830 amantium
2927 777 3022 846 qui
3061 777 3368 832 doctrinam
3425 795 3563 848 apo-

1987 866 2238 920 stolicam
2258 865 2559 932 stabiliant,
2588 881 2898 936 novamque
2919 867 3076 922 istam
3105 877 3162 922 et
3191 869 3561 924 adulterinam

300 957 626 1019 δασκαλίαν,
645 959 740 1011 καὶ
759 960 1246 1031 ἀποκηρυττόντων
1263 963 1360 1033 τὴν
1374 964 1566 1033 καινὴν
1587 964 1664 1034 (6)
1684 963 1888 1033 ταύτην

1999 955 2224 1009 haeresin
2289 955 2661 1010 exterminent
2712 973 2726 1009 :
2773 965 2836 1012 ut
2885 957 3082 1012 horum
3129 959 3295 1012 etiam
3346 959 3564 1029 optabi-

302 1049 407 1101 καὶ
437 1047 686 1116 κίϐδηλον
708 1049 920 1120 αἵρεσιν
940 1067 954 1083 ·
984 1051 1070 1106 ἵνα
1106 1053 1200 1105 καὶ
1239 1053 1350 1107 τῶν
1385 1053 1721 1123 ἀξιεράστων
1761 1053 1886 1106 τού-

301 1154 420 1190 των
457 1139 633 1192 πόνων
655 1141 806 1213 παρὰ
828 1142 922 1194 τοῦ
955 1143 1340 1215 φιλανθρώπου
1357 1145 1563 1216 Κυρίου
1586 1142 1888 1216 κομίσησθε

302 1229 438 1292 τούς
467 1231 734 1301 καρπούς.

302 1342 495 1394 I’MA'.
523 1373 594 1382 —
630 1342 963 1411 Μαρκέλλῳ
987 1346 1421 1417 ἀρχιμανδρίτῃ
1452 1348 1570 1402 τῶν
1613 1328 1888 1421 Ἀκοιμῆ-

1015 1433 1158 1471 των.

379 1525 706 1594 Λαμπρύνει
736 1527 835 1595 μὲν
863 1526 1018 1596 ὐμῶν
1050 1528 1146 1599 τὴν
1176 1529 1486 1585 θεοσέϐειαν
1517 1535 1546 1586 6
1576 1533 1888 1599 άξιέπαινος

1985 1043 2124 1098 lium
2169 1045 2425 1100 laborum
2455 1045 2671 1101 fructus
2711 1062 2742 1101 a
2768 1046 3007 1116 benigno
3051 1049 3284 1103 Domino
3315 1057 3562 1118 reporte-

1992 1134 2083 1189 tis.

2055 1365 2238 1420 CXLI.
2257 1397 2326 1405 —-
2342 1367 2592 1420 Marcello
2628 1369 3059 1425 archimandritas
3088 1367 3494 1424 Acaemetarum.

2063 1546 2335 1601 lllustrem
2367 1547 2591 1616 quidem
2620 1547 2754 1602 facit
2793 1550 3054 1618 pietatem
3087 1558 3235 1608 tuam
3275 1549 3570 1603 laudabilis

308 1613 449 1682 βίος,
487 1615 588 1684 τῆς
609 1613 718 1668 τῶν
740 1616 988 1684 ἀγγέλων
1013 1619 1287 1683 πολιτείας
1307 1622 1366 1674 ἐν
1393 1624 1458 1692 τῇ
1485 1625 1554 1694 γῇ
1587 1623 1684 1694 τὴν
1710 1624 1892 1678 εἰκόνα

1999 1635 2125 1699 vita,
2163 1636 2486 1704 angelorum
2523 1638 2961 1692 conversationis
2996 1637 3055 1691 in
3088 1647 3235 1692 terra
3277 1637 3570 1707 imaginem

303 1702 527 1766 δεικνύς
543 1720 560 1734 ο
590 1704 968 1776 λαμπρότερον
988 1707 1044 1760 δὲ
1071 1707 1262 1761 τοῦτον
1282 1709 1560 1782 ἀπέφηνεν
1580 1713 1608 1764 6
1629 1714 1768 1784 ὑπὲρ
1795 1715 1892 1783 τῆς

1994 1724 2260 1788 referens,
2301 1725 2399 1780 sed
2441 1725 2799 1780 illustriorem
2837 1727 3018 1781 reddit
3056 1727 3207 1781 zelus
3248 1726 3376 1780 ﬁdei
3433 1743 3569 1796 apo-

303 1792 674 1864 ἀποστολικῆς
724 1795 960 1858 πίστεως
1002 1797 1183 1868 ζῆλος.
1217 1799 1394 1871 Ὅπερ
1432 1801 1538 1871 γάρ
1571 1804 1687 1854 ἐστι
1722 1803 1894 1874 πλοίῳ

1999 1816 2223 1871 ειοΙίοαξ.
2256 1815 2412 1882 Quod
2455 1817 2602 1871 enim
2644 1819 2862 1888 navigio
2900 1827 2984 1872 est
3019 1817 3228 1882 carina,
3275 1826 3332 1872 et
3375 1792 3571 1871 funda-

307 1883 419 1954 μὲν
451 1885 666 1953 τρόπις,
715 1885 865 1957 οἰκία
907 1887 965 1939 δὲ
997 1887 1268 1957 θεμέλιος,
1306 1891 1465 1944 τοῦτο
1501 1896 1610 1956 τοῖς
1648 1893 1894 1947 εὐσεϐεῖν

305 1975 766 2045 προαιρουμένοις
795 1978 828 2046 ὴ
873 1975 982 2030 τῶν
1028 1979 1402 2046 εὐαγγελικῶν
1450 1982 1734 2054 δογμάτων
1759 1985 1894 2057 ἀλή-

304 2067 455 2120 θεια.
504 2066 719 2137 Ταύτης
761 2066 819 2120 δὲ
849 2067 1253 2141 πολεμηθείσης
1289 2072 1542 2143 ἐκθύμως
1585 2075 1895 2148 ὐπερηθλή-

310 2175 468 2224 σατε,
519 2159 618 2228 οὐχ
675 2159 752 2222 ὡς
797 2158 1130 2231 ἀσθενούσης
1189 2165 1720 2234 προκινδυνεύοντες,
1760 2167 1897 2222 ἀλλά

305 2249 415 2318 τὴν
476 2247 720 2317 φιλόθεον
779 2250 1182 2317 ἐπιδεικνύντες
1226 2254 1486 2310 διάθεσιν.
1531 2257 1598 2310 Ἦ
1648 2257 1758 2328 γὰρ
1799 2259 1896 2312 τοῦ

307 2340 587 2392 Δεσττότου
628 2341 864 2410 Χριστοῦ
903 2342 1218 2398 διδασκαλία
1256 2347 1318 2399 τὸ
1360 2348 1622 2418 σταθερὸν
1649 2349 1762 2419 ἔχει
1803 2353 1898 2404 καὶ

312 2425 559 2495 βέϐαιον,
608 2427 751 2481 κατὰ
783 2429 882 2498 τὴν
924 2430 1089 2483 αὐτοῦ
1130 2432 1223 2486 τοῦ
1269 2433 1518 2504 Σωτῆρος
1569 2436 1893 2506 ὑπόσχεσιν·

317 2535 337 2565 ι
377 2517 549 2571 Πύλαι
593 2519 740 2590 ᾅδου,
807 2524 970 2592 φησὶν
1005 2564 1020 2586 ,
1075 2526 1136 2577 οὐ
1185 2525 1600 2594 κατισχύσουσιν
1645 2528 1832 2594 αὐτῆς.
1871 2546 1889 2579 ι

323 2607 499 2676 ’Υπὲρ
523 2609 724 2679 ταύτης
763 2612 855 2662 καὶ
899 2613 1046 2681 ἡμᾶς
1075 2614 1442 2684 ἀτιμασθῆναι
1497 2617 1592 2668 καὶ
1618 2618 1895 2686 σφαγῆναι

308 2699 341 2748 6
369 2696 748 2767 φιλάνθρωπος
779 2701 871 2751 καὶ
904 2702 1278 2773 μεγαλόδωρος
1303 2703 1498 2773 ἠξίωσε
1531 2705 1752 2776 Κύριος.
1784 2707 1896 2778 Τὴν

311 2789 425 2856 γὰρ
455 2787 519 2857 δὴ
549 2789 776 2858 ἀτιμίαν
798 2791 982 2861 τιμὴν,
1011 2795 1104 2845 καὶ
1137 2795 1234 2862 τὴν
1261 2796 1476 2865 σφαγὴν
1501 2795 1646 2867 ζωὴν
1670 2797 1900 2868 ὑπειλή-

314 2895 518 2946 φαμεν.
569 2879 914 2948 Ἦκούσαμεν
957 2883 1066 2953 γὰρ
1114 2882 1207 2936 τοῦ
1260 2885 1582 2939 Ἀποστόλου
1627 2887 1896 2955 λέγοντος,

313 2969 400 3021 ὅτι
432 2987 450 3019 ι
472 2970 634 3039 Ἡμῖν
682 2973 790 3024 ἀπὸ
815 2972 949 3025 Θεοῦ
970 2975 1236 3046 ἐχαρίσθη
1259 2976 1320 3029 οὐ
1351 2977 1510 3048 μόνον
1530 2978 1590 3031 τὸ
1627 2981 1709 3043 είς
1737 2980 1900 3033 αὐτὸν

317 3063 619 3129 πιστεύειν,
641 3063 775 3118 ἀλλὰ
798 3066 890 3118 καὶ
916 3065 975 3141 τδ
995 3067 1134 3139 ὑπὲρ
1163 3068 1330 3122 αὐτοῦ
1362 3070 1645 3140 πάσχειν.»
1665 3071 1899 3145 Ἀνέστη

1997 1915 2246 1959 mentum
2277 1905 2532 1970 aediﬁcio,
2580 1906 2636 1960 id
2672 1907 2852 1976 ipsum
2899 1908 2990 1978 pie
3032 1908 3223 1962 vivere
3256 1906 3572 1961 volentibus

1995 1997 2436 2067 evangelicorum
2470 1998 2784 2070 dogmatum
2813 2007 2899 2053 est
2928 1998 3153 2053 veritas.
3189 1999 3296 2054 Pro
3335 1997 3437 2052 hac
3474 2012 3572 2067 op-

1997 2095 2238 2156 pugnata
2275 2103 2374 2142 vos
2413 2089 2660 2144 animose
2693 2089 3046 2154 decertastis,
3081 2104 3193 2142 non
3227 2087 3382 2158 quasi
3418 2086 3572 2141 inﬁr—

1998 2194 2143 2232 mam
2175 2189 2558 2250 protegentes,
2596 2181 2693 2236 sed
2723 2181 2820 2236 Dei
2865 2188 3138 2235 amantem
3174 2180 3434 2234 aﬂ‘ectum
3478 2178 3574 2233 de-

1998 2270 2290 2325 clarantes.
2313 2270 2520 2326 Christi
2544 2272 2690 2326 enim
2725 2271 2942 2325 Domini
2981 2271 3232 2325 doctrina
3254 2269 3466 2325 stabilis
3490 2279 3576 2322 est

1998 2367 2054 2414 et
2099 2359 2276 2424 ﬁrma,
2329 2369 2493 2430 prout
2546 2361 2798 2416 Salvator
2845 2361 2963 2432 ipse
3001 2359 3278 2432 promisit,
3327 2358 3519 2413 dicens
3557 2375 3571 2410 :

2006 2471 2024 2503 ι
2053 2452 2232 2507 Porta:
2262 2453 2426 2507 inferi
2455 2470 2566 2508 non
2591 2453 2966 2523 praevalebunt
2993 2451 3259 2508 adversus
3290 2467 3415 2506 eam
3448 2453 3514 2505 ⁷⁸.
3548 2469 3568 2502 ι

1998 2543 2105 2596 Pro
2143 2543 2247 2597 hac
2267 2553 2324 2598 et
2354 2559 2456 2597 nos
2489 2545 2759 2598 dedecore
2787 2543 2927 2599 allici
2947 2544 3195 2612 caedique
3214 2543 3486 2612 benignus
3510 2557 3576 2594 ac

1998 2633 2246 2687 liberalis
2279 2633 2545 2687 Dominus
2567 2633 2764 2703 dignos
2790 2633 3026 2688 censuit.
3053 2633 3302 2687 Dedecus
3335 2645 3575 2699 namque

1998 2724 2284 2787 honorem,
2317 2733 2374 2777 et
2419 2722 2623 2777 easdem
2671 2722 2838 2776 vitam
2879 2722 3348 2785 existimavimus,
3392 2719 3574 2788 utqui

1999 2812 2320 2881 Apostolum
2352 2811 2627 2866 dicentem
2659 2813 2971 2866 audivimus
2999 2830 3013 2865 :
3047 2830 3066 2864 ι
3097 2811 3268 2866 Nobis
3309 2809 3574 2864 donatum

2000 2919 2122 2959 esse
2155 2919 2188 2957 a
2219 2905 2352 2969 Deo,
2384 2919 2499 2958 non
2519 2906 2698 2959 solum
2723 2913 2784 2960 ut
2809 2905 2866 2958 in
2897 2919 3026 2959 eum
3045 2903 3355 2967 credamus,
3381 2917 3575 2956 verum

2001 2995 2168 3050 etiam
2193 3003 2254 3049 ut
2274 3010 2375 3065 pro
2400 2994 2496 3050 illo
2523 2996 2800 3064 patiamur
2821 2996 2890 3049 ".
2924 3014 2943 3046 ι
2972 2994 3259 3049 Excitatus
3285 3001 3469 3048 autem
3491 2999 3582 3047 est
3621 2991 3634 3000 ”

2003 3085 2272 3140 citissime
2317 3094 2577 3155 tanquam
2613 3086 2896 3141 dormiens
2923 3086 3212 3151 Dominus,
3251 3095 3308 3141 et
3334 3099 3430 3140 ora
3456 3083 3580 3154 qui-

313 3152 376 3204 δέ
416 3153 645 3223 τάχιστα
685 3155 760 3219 ὡς
801 3158 828 3209 6
861 3157 1044 3211 ὑπνῶν
1090 3159 1317 3230 Κύριος,
1357 3163 1451 3214 καὶ
1495 3162 1758 3233 ἐνέφραξε
1800 3164 1898 3235 μὲν

2003 3174 2128 3228 dem
2155 3152 2453 3238 obstruxit,
2499 3189 2620 3244 quae
2642 3174 2910 3229 adversus
2947 3173 3118 3229 Deum
3154 3152 3578 3242 blasphemiam,

317 3242 390 3296 τὰ
419 3245 661 3315 στόματα
691 3246 760 3298 τά
779 3245 1040 3301 λαλοῦντα
1063 3249 1203 3302 κατά
1231 3251 1326 3304 τοῦ
1359 3251 1496 3304 Θεοῦ
1525 3251 1894 3323 βλασφημίαν,

321 3334 418 3388 καὶ
469 3335 593 3389 καθ’
637 3337 792 3406 ἡμῶν
840 3339 1087 3394 ἀδικίαν·
1140 3342 1238 3404 τὰς
1281 3341 1338 3395 δὲ
1383 3341 1494 3397 τῶν
1534 3343 1898 3398 εὐσεϐούντων

319 3425 568 3495 γλώττας
607 3430 688 3492 είς
716 3429 815 3500 τὴν
847 3430 1052 3502 συνήθη
1083 3431 1388 3503 ἀποστολὴν
1416 3435 1484 3488 τὰ
1513 3435 1732 3505 νάματα
1763 3451 1900 3504 προ-

318 3521 441 3590 χεῖν
475 3519 858 3576 ἀνεσκεύασεν.
898 3524 1099 3594 Ἡμεῖς
1124 3523 1181 3577 δὲ
1217 3527 1318 3596 τῆς
1352 3527 1582 3597 ἡσυχίας
1609 3528 1737 3592 τοὺς
1777 3529 1898 3594 ἀξι-

321 3609 589 3678 εράστους
615 3611 906 3682 τρυγῶμεν
933 3613 1175 3684 καρπούς
1195 3631 1209 3645 ο
1244 3617 1340 3669 καὶ
1369 3619 1470 3686 τὴν
1503 3618 1602 3686 μὲν
1626 3617 1737 3670 τῶν
1777 3619 1900 3672 Ἐκ-

321 3697 565 3768 κλησιῶν
603 3700 771 3770 ζάλην
796 3701 1030 3773 ὁρῶντες
1053 3702 1346 3772 ἀλγοῦμεν,
1383 3705 1699 3774 γαννύμεθα
1724 3707 1781 3760 δὲ
1807 3707 1902 3760 καὶ

319 3790 730 3860 εὐφραινόμεθα
775 3793 1072 3862 φροντίδων
1105 3795 1537 3866 ἀπηλλαγμένοι.
1573 3798 1652 3868 Τῇ
1684 3798 1741 3851 δὲ
1782 3799 1903 3852 θεοο

326 3878 513 3950 σεϐεία
547 3897 640 3933 σου
671 3881 760 3934 ἀεὶ
793 3882 892 3951 μὲν
919 3883 1263 3954 συνήσθημεν
1295 3885 1382 3938 διὰ
1419 3885 1598 3939 πάντα
1627 3886 1904 3956 θαυμαζο-

326 3971 464 4042 μένῃ
491 3987 504 3998 ·
536 3972 694 4043 μέχρι
725 3972 780 4025 δὲ
807 3973 902 4026 τοῦ
927 3975 1194 4044 παρόντος
1222 3977 1321 4028 οὐκ
1344 3975 1686 4047 ἐγράψαμεν,
1708 3977 1769 4030 οὐ
1794 3979 1903 4034 τῶν

323 4063 426 4132 τῆς
449 4062 668 4131 ἀγάπης
695 4064 876 4132 νόμων
907 4065 1320 4136 ὀλιγωροῦντες,
1350 4067 1466 4121 ἀλλ’
1499 4069 1756 4140 ἀφορμήν
1777 4087 1904 4123 τινα

322 4154 513 4208 λαδεῖν
555 4156 898 4225 γραμμάτων
946 4157 1364 4227 προσμένοντες.
1406 4159 1614 4213 Αὐτίκα
1655 4160 1750 4213 νῦν
1793 4164 1906 4224 τοῖς

327 4245 741 4308 εὐσεϐεστάτοις
770 4247 864 4299 καὶ
899 4249 1288 4311 συνετωτάτοις
1320 4251 1702 4320 συντετυχότες
1734 4253 1903 4320 μονάο

328 4339 536 4402 ζουσιν,
593 4337 642 4389 οἶ
704 4339 852 4406 παρά
885 4338 983 4407 τῆς
1021 4340 1118 4408 σῆς
1164 4340 1442 4411 ὁσιότητος
1487 4341 1692 4412 ἐτέρων
1744 4341 1907 4393 ἕνεκα

328 4429 528 4499 χρειῶν
561 4427 968 4498 ἀπεστάλησαν,
1022 4430 1184 4493 εὐθὺς
1224 4429 1565 4500 δεδράκαμεν
1609 4429 1670 4482 τὸ
1710 4430 1906 4483 ποθού-

2007 3263 2222 3333 1236
2245 3271 2437 3318 contra
2462 3279 2564 3318 nos
2588 3263 2932 3334 iniquitatem
2957 3264 3323 3333 loquebantur
3346 3263 3425 3329 τις
3459 3263 3580 3332 pio-

2001 3375 2124 3413 rum
2167 3375 2297 3414 vero
2331 3360 2546 3431 linguas
2579 3361 2862 3426 excitavit,
2909 3368 2972 3415 ut
3004 3361 3228 3416 solitum
3254 3359 3322 3414 ad
3351 3374 3577 3414 cursum

2001 3451 2194 3508 latices
2234 3450 2592 3521 profundant.
2631 3453 2743 3508 Nos
2778 3468 2950 3523 porro
2984 3453 3249 3507 amabiles
3281 3451 3486 3522 quietis
3519 3458 3580 3506 et

2001 3540 2211 3594 silentii
2238 3539 2451 3596 fructus
2472 3541 2773 3612 carpimus,
2809 3550 2866 3598 et
2889 3543 3258 3598 Ecclesiarum
3289 3556 3420 3596 sane
3448 3555 3581 3611 pro-

2001 3627 2196 3682 cellam
2240 3628 2523 3684 intuentes
2565 3629 2817 3684 dolemus
2871 3648 2884 3682 :
2925 3628 3022 3684 sed
3070 3645 3100 3683 a
3133 3628 3282 3683 curis
3336 3637 3580 3684 remotos

2002 3735 2105 3774 nos
2127 3735 2248 3774 esse
2272 3719 2577 3791 gaudemus
2597 3729 2653 3775 et
2675 3721 2946 3776 laetamur.
2972 3720 3168 3776 Pietati
3187 3726 3370 3775 autem
3397 3728 3502 3774 tum
3522 3721 3579 3774 in

2003 3809 2260 3863 omnibus
2287 3809 2626 3866 admiranda;
2653 3811 2912 3881 gratulati
2952 3825 3170 3881 semper
3204 3823 3416 3864 sumus.
3443 3807 3581 3863 Hac-

2005 3909 2165 3954 tenus
2202 3907 2384 3955 tamen
2404 3915 2516 3955 non
2547 3901 2890 3971 scripsimus,
2913 3900 3200 3956 charitatis
3216 3900 3388 3970 legem
3407 3899 3582 3954 haud-

2003 4005 2279 4059 quaquam
2307 4000 2652 4061 spernentes,
2682 3991 2778 4047 sed
2799 3991 3075 4047 scribendi
3110 3990 3588 4062 opportunitatem-

2003 4089 2404 4150 eXSpectantes.
2441 4083 2596 4137 Nunc
2630 4083 2814 4152 itaque
2851 4083 3296 4152 religiosissimos
3340 4081 3583 4150 pruden-

2007 4171 2360 4240 tissimosque
2395 4175 2694 4229 monachos
2730 4178 2902 4239 nacti,
2941 4174 3037 4242 qui
3083 4173 3206 4227 aliis
3238 4173 3306 4227 de
3345 4172 3512 4226 rebus
3549 4188 3582 4227 a

2008 4260 2300 4322 sanctitate
2338 4271 2434 4316 tua
2470 4262 2625 4317 missi
2669 4271 2821 4329 sunt,
2860 4264 3074 4333 egimus
3114 4261 3390 4331 extemplo
3431 4261 3580 4331 quod

2007 4350 2384 4419 cupiebamus,
2433 4352 2655 4422 Deoque
2685 4352 2946 4407 dilectum
2980 4360 3142 4422 caput
3187 4363 3341 4407 tuum
3375 4352 3583 4420 ample-

2007 4439 2218 4494 ctentes
2249 4455 2494 4507 oramus,
2528 4442 2769 4512 primum
2795 4447 2811 4465 '
2843 4443 3066 4512 quidem
3093 4451 3152 4496 ut
3190 4442 3452 4512 precibus
3479 4457 3582 4496 nos

333 4535 513 4589 μενον,
540 4520 636 4572 καὶ⁵
656 4519 754 4589 τὴν
789 4519 1009 4590 θεοφιλῆ
1055 4537 1149 4572 σου
1192 4521 1686 4590 περιπτυσσόμενοι
1727 4537 1902 4590 κεφα-

2012 4541 2248 4597 tueatur,
2283 4533 2482 4588 deinde
2514 4543 2574 4588 ut
2601 4534 2768 4588 etiam
2802 4535 3003 4589 litteris
3030 4533 3318 4587 exhilaret.
3359 4533 3464 4587 Per
3496 4531 3580 4586 di-

330 4609 452 4679 λην,
495 4607 922 4678 παρακαλοῦμεν
959 4609 1175 4680 πρῶτον
1209 4611 1306 4680 μὲν
1349 4612 1496 4680 ἡμᾶς
1533 4611 1748 4680 ἀνέχειν
1787 4613 1908 4673 ταῖς

331 4701 685 4768 προσευχαῖς,
733 4697 923 4751 ἔπειτα
970 4699 1027 4751 δὲ
1068 4699 1164 4752 καὶ
1203 4699 1529 4770 γράμμασιν
1572 4699 1905 4772 εὐφραίνειν.

330 4786 434 4839 Διὰ
463 4787 572 4861 γὰρ
596 4786 695 4856 τὴν
723 4786 872 4839 θείαν
900 4786 1061 4857 χάριν
1086 4788 1226 4859 ὑπὲρ
1259 4788 1368 4842 τῶν
1396 4789 1769 4846 ἁποστολικῶν
1813 4807 1911 4843 πε-

333 4879 464 4931 πολε
471 4881 544 4950 μή
554 4879 692 4948 μεθα
724 4879 816 4947 δογ
825 4879 1029 4949 μάτων.

815 4992 991 5046 ΡΜΒ’.
1022 5023 1092 5033 --
1128 4993 1212 5057 Τῷ
1243 4993 1422 5058 αὐτῷ.

407 5105 519 5158 Καὶ
540 5105 640 5177 ἤδη
666 5105 734 5158 δι’
757 5105 960 5178 ἐτέρων
989 5106 1335 5176 γραμμάτων
1357 5106 1455 5178 τὴν
1485 5109 1582 5178 σῆν
1615 5109 1910 5178 προσείπο-

341 5211 442 5265 μεν
471 5193 802 5253 θεοσέϐειαν,
824 5198 938 5258 τοῖς
965 5195 1314 5264 τιμιωτάτοις
1347 5195 1599 5264 ἀδελφοῖς
1631 5199 1744 5260 τοῖς
1775 5199 1910 5266 ὑμε-

2007 4625 2190 4679 vinam
2213 4623 2361 4678 enim
2384 4626 2608 4694 gratiam
2632 4633 2855 4696 propter
2876 4625 3176 4696 apostolica
3198 4623 3452 4693 dogmata
3481 4637 3580 4692 op-

2010 4731 2079 4784 pu
2087 4716 2234 4786 gnati
2269 4730 2477 4771 sumus.

2538 5002 2738 5060 CXLII.
2765 5030 2830 5042 -—
2851 5001 3058 5055 Eidem.

2085 5117 2153 5172 Et
2175 5117 2298 5170 aliis
2324 5118 2438 5186 jam
2471 5114 2672 5168 litteris
2715 5113 2974 5181 pietatem
3003 5121 3154 5164 tuam
3186 5107 3337 5164 aﬂ'ati
3376 5118 3587 5168 sumus,

2015 5206 2142 5260 data
2189 5204 2665 5260 reverendissimis
2706 5202 2973 5256 fratribus
3007 5199 3209 5256 vestris
3248 5196 3502 5268 epistola,
3533 5202 3590 5248 et

336 5284 519 5353 τέροις
555 5284 655 5354 τὴν
688 5283 976 5356 ἐπιστολὴν
1009 5283 1300 5348 δεδωκότες
1325 5301 1339 5315 ’
1373 5286 1468 5338 καὶ
1511 5285 1605 5338 νῦν
1645 5287 1702 5338 δὲ
1749 5287 1902 5340 πάλικ

2016 5309 2165 5348 nunc
2213 5293 2418 5350 iterum
2469 5291 2816 5348 sanctitatem
2863 5299 3024 5349 tuam
3073 5287 3429 5358 alloquimur.
3473 5283 3589 5338 Hoc

337 5375 838 5457 προσφθεγγόμεθα
869 5395 964 5430 σου
998 5375 1096 5448 τὴν
1126 5377 1408 5448 ἀγιότητα.
1465 5378 1770 5448 Προτρέπει
1804 5379 1902 5450 γὰρ

2015 5383 2163 5436 enim
2185 5382 2366 5437 facere
2378 5397 2480 5437 nos
2497 5381 2758 5437 admonet
2776 5391 2893 5438 tum
2915 5378 3234 5437 admiranda
3254 5377 3366 5430 vita
3380 5381 3586 5438 vestra,

411 5552 460 5584 τ’
496 5551 686 5607 Matth.
715 5568 825 5616 xvr,
853 5551 938 5606 l8.
1013 5553 1060 5584 "
1099 5551 1337 5622 Philipp.
1364 5568 1402 5618 ι,
1450 5551 1541 5606 29.
1613 5553 1662 5584 ’⁵
1701 5537 1842 5608 Psal.
1875 5568 2021 5620 XCIII,
2057 5553 2091 5608 4

414 5707 489 5778 (6)
518 5710 681 5783 κενήν
707 5708 878 5783 Neap.
903 5709 1201 5783 iitramque
1235 5709 1524 5766 lectionem
1549 5709 1664 5764 sive
1701 5708 1914 5770 Metius.
1946 5708 2060 5766 sive
2118 5711 2256 5780 ipse,
2294 5728 2324 5766 e
2380 5728 2490 5783 quo
2543 5711 2789 5766 vertebat
2833 5709 3146 5780 epistolam,
3187 5708 3361 5766 codex
3384 5705 3596 5765 Vatica—

346 5796 450 5838 nus
476 5779 755 5852 eonjunxit
779 5779 920 5850 apud
944 5779 1138 5834 Baron.
1177 5780 1213 5833 l.
1239 5795 1286 5833 c.
