4072 6442
448 371 583 447 1367

1428 374 1910 434 TlIEODORETI
1950 369 2287 431 EPISCOPI
2323 375 2686 436 CYRENSIS

3562 374 3701 443 1368

443 489 562 539 tum
598 479 893 547 laudabilis
932 481 1102 544 zelus,
1137 496 1299 549 quem
1333 482 1648 550 apostolica:
1690 481 1816 536 ﬁdei
1855 488 2019 535 causa

2130 482 2269 550 ἡμᾶς
2302 482 2458 535 τοῦτο
2492 486 2663 537 ποιεῖν
2697 482 2794 537 καὶ
2837 485 2865 537 6
2893 483 3221 552 άξιάγαστος
3250 482 3402 555 ὑμῶν
3433 482 3568 554 βίος,
3602 486 3700 539 καὶ

444 572 786 639 declarastis,
813 588 915 627 nec
948 573 1151 643 regiam
1181 572 1480 641 potentiam
1512 571 1891 635 formidantes,
1918 587 2021 626 nec

445 663 830 732 episcoporum
863 661 1304 715 consensionem.
1354 661 1468 715 Etsi
1508 662 1658 715 enim
1691 661 1911 730 plurimi
1954 676 2021 714 ex

448 755 517 809 iis
551 756 645 825 qui
689 763 1061 809 convenerant
1098 753 1151 806 vi
1196 752 1373 807 adacti
1421 760 1843 816 consenserunt,
1883 760 2021 805 atta-

448 863 571 915 men
605 845 1108 915 subscriptionibus
1158 845 1272 899 suis
1306 858 1503 898 novatn
1546 843 1780 897 haaresin
1823 841 2023 896 contir-

448 945 689 1005 marunt.
725 929 989 991 Pietatem
1024 952 1157 991 vero
1190 944 1430 989 vestram
1463 935 1602 989 nihil
1641 935 1838 990 horum
1874 949 2023 988 com-

447 1030 640 1097 movit,
678 1028 775 1086 scd
801 1028 855 1082 in
888 1028 1133 1098 antiquis
1154 1028 1504 1098 dogmatibus
1528 1027 1866 1097 perstitistis,
1901 1042 2022 1095 quae

446 1126 501 1170 et
556 1133 657 1187 per
703 1119 1002 1188 prophetas
1050 1118 1261 1187 1237
1315 1126 1370 1171 et
1426 1117 1702 1186 apostolos
1750 1114 2023 1170 Ecclesias

448 1206 681 1275 probare
706 1208 973 1262 Dominus
995 1207 1201 1261 docuit.
1225 1206 1335 1260 llas
1357 1207 1522 1260 etiam
1548 1220 1649 1259 nos
1673 1203 2023 1258 deﬁnitiones

448 1282 669 1352 servare
697 1299 970 1368 cupimus,
994 1308 1049 1352 et
1078 1298 1134 1352 in
1158 1312 1326 1351 unum
1355 1298 1595 1360 Patrem,
1619 1309 1902 1363 unumque
1933 1292 2023 1346 Fi-

422 1454 425 1459 ί
449 1389 606 1453 lium,
628 1400 685 1443 et
706 1405 875 1444 unum
898 1389 1164 1459 Spiritum
1192 1396 1439 1443 sanctum
1466 1386 1627 1440 ﬁdem
1648 1392 1704 1439 et
1726 1382 2025 1438 confessio-

452 1495 579 1534 nem
604 1495 778 1549 usque
799 1480 865 1534 ad
893 1480 1101 1534 exitum
1138 1479 1438 1533 custodire.
1468 1476 1747 1547 Unigeniti
1784 1490 2022 1544 namque

453 1572 758 1626 inearnatio
784 1571 1069 1626 Trinitatis
1096 1586 1389 1625 numerum
1420 1584 1531 1623 non
1558 1567 1730 1633 auxit,
1765 1565 1863 1620 sed
1897 1565 2021 1619 Tri-

396 1682 402 1687 ο
451 1660 597 1716 nitas
624 1661 788 1715 etiam
815 1668 939 1731 post
963 1660 1396 1715 incarnationem
1419 1658 1620 1713 mansit
1642 1673 1764 1728 quae
1783 1655 2024 1709 Trinitas

447 1759 586 1806 erat.
620 1752 710 1806 Sic
742 1753 890 1807 enim
923 1752 992 1806 ab
1023 1751 1182 1806 initio
1214 1750 1527 1814 didicimus,
1555 1749 1636 1802 sic
1664 1746 2019 1811 credidimus,

447 1846 527 1901 sic
548 1845 810 1914 baptizati
840 1861 1064 1900 sumus:
1091 1846 1171 1900 sic
1207 1842 1648 1914 praedicavimus,
1672 1841 1751 1895 sic
1775 1840 2020 1909 baptiza-

447 1935 647 2001 vimus,
679 1935 757 1990 sic
796 1935 1002 1990 sentire
1048 1949 1491 2005 perseveramus.
1536 1932 1611 1986 De
1641 1932 1800 1985 Patre
1836 1937 2020 1983 autem

445 2026 787 2095 loquentium
835 2025 1181 2080 mendacium
1217 2024 1482 2078 Dominus
1527 2022 1603 2076 ait
1637 2040 1649 2074 :
1690 2041 1708 2069 ι
1741 2019 1878 2075 Cum
1926 2020 2010 2073 lo-

445 2116 636 2185 quitur
662 2116 1033 2180 mendacium,
1066 2131 1133 2169 ex
1159 2115 1399 2185 propriis
1430 2114 1679 2182 loquitur
1710 2114 1777 2163 ⁷⁵.
1820 2132 1837 2164 ι
1874 2111 2022 2165 Con-

443 2215 649 2276 gruunt
685 2216 868 2261 autem
909 2207 1198 2277 discipulis
1240 2220 1362 2275 quae
1406 2205 1550 2276 dicta
1585 2211 1712 2258 sunt
1752 2203 1819 2256 de
1850 2202 2021 2270 magi—

444 2309 581 2352 stro.
612 2297 679 2351 Hi
723 2298 872 2353 enim
907 2313 1032 2352 cum
1068 2297 1397 2366 falsiloquiis
1440 2297 1496 2350 in
1538 2311 1641 2350 nos
1670 2303 1921 2357 utuntur,
1956 2307 2024 2346 ex

443 2389 685 2459 propriis
713 2389 1036 2458 loquuntur,
1067 2396 1123 2443 et
1154 2398 1337 2443 nostra
1366 2405 1474 2442 non
1500 2385 1712 2442 dicunt.
1747 2386 1859 2440 Nos
1888 2399 2023 2439 vero

446 2482 715 2536 Dominus
739 2481 1054 2535 consolatur
1073 2480 1265 2535 dicens
1297 2497 1309 2532 :
1343 2497 1360 2530 ι
1384 2479 1533 2534 Beati
1558 2478 1692 2533 estis
1708 2493 1832 2532 cum
1851 2477 2022 2531 male-

442 2572 686 2650 dixerint
716 2573 896 2637 vobis,
920 2580 973 2627 et
999 2572 1278 2642 persecuti
1312 2586 1412 2626 vos
1439 2570 1669 2634 fuerint,
1702 2577 1758 2623 et
1784 2568 2024 2623 dixerint

441 2679 604 2719 omne
625 2664 827 2739 malum
853 2663 1145 2737 adversum
1172 2677 1271 2716 vos
1294 2660 1625 2716 mentientes
1647 2666 1873 2729 propter
1893 2672 1980 2711 me
2007 2674 2019 2709 :

441 2756 676 2827 gaudete
721 2762 777 2810 et
810 2755 1101 2817 exsultate,
1152 2753 1413 2823 quoniam
1448 2766 1664 2807 merces
1708 2758 1895 2804 vestra
1927 2763 2022 2803 co-

443 2832 599 2916 piosa
631 2854 716 2902 est
750 2847 805 2901 in
841 2847 999 2902 caelis
1029 2846 1095 2898 ⁷⁸.
1139 2865 1157 2896 ι
1213 2845 1385 2915 Tuam
1416 2850 1600 2920 autem
1632 2842 1893 2912 pietatem
1923 2841 2022 2895 ob—

442 2934 745 3005 Secramus,
787 2949 849 2994 ut
877 2948 999 2994 oret
1035 2955 1105 3013 ne
1153 2939 1298 2993 inter
1323 2952 1420 2992 eos
1455 2951 1781 3007 censeamur
1809 2936 1904 3004 qui
1936 2934 2024 2988 in-

437 3030 637 3099 juriam
671 3029 902 3095 faciunt,
949 3030 1047 3084 sed
1081 3045 1207 3106 cum
1248 3029 1315 3104 iis
1348 3028 1442 3097 qui
1482 3037 1707 3097 propter
1741 3025 2022 3101 Evangelii

441 3121 733 3195 veritatem
771 3120 1027 3192 injuriam
1061 3121 1365 3192 patiuntur.
1595 3108 1602 3115 ’

514 3444 837 3505 CXLlll.-.-
858 3448 1086 3504 Δηώ-βω
1120 3446 1372 3500 monacho
1406 3440 1951 3512 Constantinopoleos.

516 3604 633 3662 Etsi
672 3607 933 3675 pietatem
976 3614 1127 3658 tuam
1168 3618 1273 3659 nec
1314 3602 1427 3657 vidi
1458 3616 1720 3671 unquam,
1769 3615 1872 3655 nec
1905 3614 2026 3657 eam

443 3711 543 3766 per
587 3695 801 3750 litteras
850 3710 972 3749 sum
1024 3694 1316 3757 allocutus,
1362 3700 1376 3712 '
1427 3692 1547 3762 ejus
1581 3699 1761 3745 tamen
1816 3699 2029 3744 amator

443 3786 624 3860 factus
660 3800 783 3839 sum
830 3784 1273 3855 ardentissimus.
1307 3783 1465 3838 Hunc
1496 3797 1629 3838 vero
1663 3781 1828 3837 nobis
1872 3797 2028 3836 amo-

445 3892 565 3932 rem
601 3876 875 3940 fecerunt,
920 3883 977 3931 et
1023 3876 1371 3932 continenter
1405 3875 1716 3931 accendunt
1756 3876 1851 3930 illa
1907 3889 2030 3944 quae

448 3984 559 4023 una
589 3982 729 4023 voce
755 3968 825 4022 ab
879 3967 950 4023 iis
990 3967 1253 4023 dicuntur
1275 3969 1368 4039 qui
1417 3970 1525 4023 mel
1572 3976 1728 4023 tuum
1770 3966 2029 4037 degusta-

445 4065 595 4129 runt.
628 4058 901 4113 Mirantur
946 4058 1152 4128 quippe
1203 4074 1396 4115 omnes
1441 4060 1569 4115 ﬁdei
1608 4058 2027 4120 rectitudinem,

450 4149 666 4227 1238
686 4149 813 4206 vita:
842 4151 1174 4217 claritatem,
1193 4152 1563 4206 constantiam
1584 4149 1776 4216 animi,
1813 4163 2030 4203 morum

445 4241 890 4307 consensionem,
928 4241 1189 4296 blandam
1223 4249 1279 4296 et
1317 4242 1653 4298 allicientem
1702 4256 2032 4312 congressus

446 4330 818 4403 dulcedinem,
834 4341 890 4388 et
906 4333 1015 4387 alia
1031 4348 1378 4403 quaecunque
1398 4332 1706 4403 perfectum
1726 4333 2031 4403 depingunt

445 4420 729 4498 alumnum
769 4422 1155 4493 philosophiae.
1198 4423 1432 4493 Propter
1464 4423 1583 4478 haec
1612 4439 1677 4478 ex
1707 4424 1910 4493 pietate
1937 4432 2028 4476 tua

445 4526 751 4582 suspensus
776 4512 961 4577 haereo
995 4531 1007 4581 ;
1040 4513 1170 4567 fecit
1198 4523 1384 4569 autem
1410 4530 1565 4569 amor
1592 4525 1654 4568 ut
1682 4514 1847 4569 etiam
1879 4514 2031 4569 litte-

446 4617 537 4677 ras
569 4602 912 4673 auspicarer.
956 4604 1026 4658 At
1061 4613 1140 4669 tu,
1185 4605 1412 4659 charum
1461 4613 1647 4674 caput,
1693 4604 1841 4674 quod
1866 4605 2033 4674 cupio

445 4693 715 4749 citissime
749 4693 992 4763 imperti,
1026 4703 1083 4747 et
1119 4694 1431 4747 litterarum
1456 4692 1617 4746 nobis
1643 4692 1825 4761 prmbe
1855 4693 2030 4747 collo-

447 4782 640 4852 quium
678 4800 692 4834 :
727 4796 983 4853 magnum
1025 4782 1173 4835 enim
1217 4781 1361 4835 inter
1401 4796 1460 4835 se
1502 4780 1841 4834 distantibus
1886 4780 2032 4834 sola-

448 4876 588 4929 tium
617 4874 779 4947 affert
811 4874 1174 4945 epistolarum
1206 4872 1567 4927 consuetudo.
1600 4872 1822 4927 Scribes
1848 4879 2033 4926 autem

450 4982 563 5022 non
599 4966 831 5022 alterius
856 4965 1137 5040 opinionis
1173 4964 1408 5027 homini,
1445 4963 1538 5019 sed
1570 4965 1625 5016 in
1654 4962 2030 5032 apostolorum

448 5059 743 5127 disciplina
786 5055 1029 5133 erudito,
1053 5064 1110 5110 et
1153 5054 1441 5117 trinitatis,
1487 5069 1599 5107 non
1643 5052 2035 5122 quaternitatis

452 5149 741 5204 assertori.
767 5147 981 5202 Revera
1007 5135 1435 5219 enim‘perazque
1468 5144 1665 5221 impios
1696 5144 1887 5198 censui
1915 5158 2033 5207 eos,

454 5240 551 5311 qui
577 5239 715 5295 duas
734 5236 1017 5307 Unigeniti
1050 5242 1277 5291 naturas
1300 5236 1356 5289 in
1384 5250 1547 5289 unam
1581 5250 1778 5305 cogere
1807 5234 2033 5298 audent,

454 5322 514 5388 et
538 5332 636 5409 qui
674 5330 971 5386 Dominum
1011 5336 1265 5383 nostrum
1300 5328 1488 5383 Jesum
1520 5327 1802 5386 Christum
1834 5327 2033 5383 Filium

454 5423 709 5485 Dci'vivi,
745 5420 1029 5475 hominem
1058 5419 1264 5475 factum
1297 5421 1470 5475 Deum
1503 5420 1767 5481 Verbum,
1804 5421 1862 5474 in
1895 5420 2037 5475 duos

455 5515 600 5571 lilios
634 5513 881 5570 dividere
917 5521 1211 5579 conantur,
1261 5513 1307 5567 si
1355 5512 1448 5583 qui
1493 5520 1623 5566 sunt
1656 5511 1900 5577 tandem,
1935 5528 2037 5583 ego

522 5639 572 5669 "
608 5639 765 5695 Joan.
797 5654 911 5704 vm,
933 5636 1022 5692 M.
1098 5636 1145 5668 ’⁷⁸
1185 5635 1375 5689 Matth.
1409 5650 1462 5698 ν,
1491 5633 1577 5697 ll,
1608 5633 1692 5687 l2.

526 5747 602 5815 (7i
634 5750 721 5806 διά
746 5752 916 5813 Neap.
949 5759 1097 5805 necte
1126 5749 1379 5803 habebat.
1410 5747 1575 5803 Sirm.
1610 5746 1891 5800 omiserat.

475 5829 480 5832 '
530 5818 604 5894 ιθ)
637 5821 723 5871 τὸν
752 5822 800 5895 ἓ.
941 5820 1033 5901 καί
1061 5819 1312 5873 addimus
1346 5835 1412 5872 ex
1442 5817 1693 5872 versione
1719 5815 1932 5891 Latina.

2120 579 2149 628 6
2176 576 2488 640 ἀξιέπαινος
2521 575 2702 645 ζῆλος,
2728 576 2786 630 ὃν
2813 577 2953 646 ὑπὲρ
2978 577 3078 647 τῆς
3098 575 3464 646 άποστολικῆς
3492 575 3703 630 ἐπεδεί-

2124 668 2286 733 ξασθε
2319 669 2577 733 πίστεως,
2610 670 2670 723 οὺ
2722 669 3009 740 βασιλικὴν
3040 669 3316 732 δείσαντες
3353 668 3701 735 δυναστείαν,

2123 759 2221 810 οὐκ
2252 759 2613 829 ἐπισκοπικὴν
2649 759 2993 830 συμφωνίαν.
3039 760 3101 812 Et
3138 758 3247 829 γὰρ
3287 760 3384 812 καὶ
3412 757 3523 811 τῶν
3566 775 3702 812 συν-

2124 847 2457 917 εληλυθότων
2505 851 2553 901 οἱ
2596 849 2835 902 πλεῖστοι
2870 848 3186 920 βιασθέντες
3235 849 3539 914 συνέθεντο,
3580 850 3701 903 ἀλλ’

2124 934 2214 991 οὖν
2242 940 2361 1000 ταῖς
2400 939 2742 1009 ὑπογραφαῖς
2771 938 2870 1007 τὴν
2906 938 3100 1008 καινὴν
3133 937 3436 1009 ὲκράτυναν
3465 937 3701 1007 αἵρεσιν.

2126 1030 2238 1100 Τὴν
2284 1029 2341 1082 δὲ
2373 1029 2645 1100 ὑμετέραν
2675 1029 2947 1098 φιλοθεῒαν
2979 1030 3133 1084 οὐδὲν
3164 1030 3369 1083 τούτων
3400 1031 3663 1084 διέσεισεν
3683 1047 3699 1062 ο

2126 1122 2241 1174 ἀλλ’
2270 1123 2362 1175 ἐπὶ
2411 1122 2519 1175 τῶν
2563 1122 2810 1176 παλαιῶν
2856 1122 3163 1192 διεμείνατε
3197 1122 3504 1193 δογμάτων,
3535 1121 3571 1176 ἃ
3606 1124 3705 1175 καὶ

2124 1213 2211 1266 διὰ
2235 1214 2310 1279 (7)
2328 1213 2433 1266 τῶν
2455 1214 2750 1284 προφητῶν
2767 1215 2861 1266 καὶ
2887 1213 2995 1266 τῶν
3019 1213 3331 1267 ἀποστόλων
3354 1215 3572 1284 φρονεῖν
3598 1212 3706 1275 τὰς

2140 1306 2467 1375 Ἐκκλησίας
2505 1308 2533 1359 6
2559 1306 2837 1377 Δεσπότης
2885 1305 3111 1370 ἐδίδαξε.
3151 1304 3384 1368 Τούτους
3419 1304 3514 1358 καὶ
3538 1306 3705 1374 ἡμεῖς

2124 1400 2251 1460 τοῦς
2297 1397 2455 1469 ὅρους
2506 1398 2797 1466 φυλάττειν
2838 1395 3142 1466 εὐχόμεθα,
3197 1396 3291 1448 καὶ
3334 1394 3432 1464 τὴν
3482 1395 3561 1455 εἰς
3610 1393 3706 1445 τὸν

2127 1490 2222 1542 ἕνα
2242 1490 2486 1559 Πατέρα,
2532 1491 2624 1544 καὶ
2658 1488 2733 1561 (8)
2779 1488 2869 1541 τὸν
2898 1489 2993 1541 ἕνα
3028 1488 3178 1551 Υἱδν,
3210 1485 3307 1540 καὶ
3340 1485 3403 1539 τὸ
3453 1484 3509 1537 ἓν
3546 1484 3708 1551 ἆγιον

2129 1579 2352 1651 Πνεῦμα
2394 1580 2575 1634 πίστιν
2603 1598 2661 1633 τε
2708 1580 2801 1632 καὶ
2829 1579 3119 1649 ὁμολογίαν
3155 1577 3316 1648 μέχρι
3361 1576 3548 1638 τέλους
3593 1575 3711 1628 δια-

2126 1672 2387 1741 τηρῆσαι.
2435 1672 2499 1725 Ἥ
2530 1670 2638 1742 γὰρ
2674 1670 3085 1740 ένανθρώπησις
3111 1668 3204 1721 τοῦ
3226 1666 3564 1736 Μονογενοῦς
3601 1666 3710 1718 οῦκ

2127 1763 2332 1834 ηῦξησε
2358 1764 2455 1833 τῆς
2478 1762 2707 1834 Τριάδος
2745 1761 2835 1815 τὸν
2866 1760 3121 1831 ἀριθμὸν,
3149 1759 3284 1813 ἀλλὰ
3309 1758 3586 1829 μεμένηκε
3608 1759 3712 1810 καὶ

2128 1860 2266 1927 μετὰ
2295 1854 2391 1927 τὴν
2412 1854 2488 1922 (9)
2518 1854 2794 1924 σάρκωσιν
2814 1852 2985 1923 Τριὰς
3021 1853 3054 1922 ἡ
3094 1851 3285 1922 Τριάς·
3316 1849 3472 1903 Οὕτω
3498 1848 3608 1917 γὰρ
3645 1848 3714 1910 ἐξ

2124 1950 2299 2019 ἀρχῆς
2341 1946 2817 2017 ἐμαθητεύθημεν,
2856 1945 3029 2008 οὕτως
3066 1942 3488 2012 ἐπιστεύσαμεν,
3529 1939 3712 2001 οὕτως

2126 2038 2559 2108 ἐϐαπτίσθημεν,
2586 2037 2759 2099 οὕτως
2795 2036 3165 2107 ἐκηρύξαμεν,
3190 2034 3362 2096 οὕτως
3401 2033 3713 2086 ἐϐαπτίσα-

2128 2148 2245 2201 μεν,
2272 2129 2412 2183 οὕτω
2444 2129 2796 2200 διατελοῦμεν
2836 2129 3174 2193 δοξάζοντες.
3209 2126 3345 2195 Περὶ
3372 2126 3429 2178 δὲ
3464 2125 3558 2178 τοῦ
3587 2126 3714 2178 Ha—

2123 2223 2252 2293 τρδς
2271 2224 2377 2275 τῶν
2401 2221 2703 2275 λαλούντων
2728 2222 2788 2275 τὸ
2805 2221 2997 2291 ψεῦδος
3030 2223 3058 2274 6
3083 2219 3288 2291 Κύριος
3314 2218 3417 2287 ἔφη
3435 2235 3449 2248 ·
3481 2236 3500 2268 ι
3533 2217 3712 2269 ’Ὀταυ

2124 2311 2258 2381 λαλῇ
2288 2311 2349 2363 τὸ
2378 2309 2592 2379 ψεῦδος,
2621 2312 2685 2362 ὲκ
2713 2310 2822 2364 τῶν
2868 2310 3014 2363 ἰδίων
3051 2308 3221 2362 λαλεῖ.
3254 2326 3273 2359 ι
3319 2306 3602 2376 Ἀρμόττει
3647 2304 3711 2358 δὲ

2123 2402 2237 2464 τοῖς
2268 2400 2537 2470 μαθηταῖς
2564 2400 2633 2454 τά
2662 2403 2791 2470 περὶ
2829 2400 2926 2454 τοῦ
2957 2399 3279 2454 διδασκάλου
3308 2398 3562 2468 ῥηθέντα.
3596 2398 3712 2450 Καὶ

2125 2489 2232 2558 γὰρ
2255 2483 2424 2555 οὗτοι,
2456 2494 2574 2555 ταῖς
2598 2492 2720 2546 καθ’
2746 2492 2903 2563 ἡμῶν
2928 2491 3305 2561 ψευδολογίαις
3340 2488 3709 2560 χρησάμενοι,

2127 2583 2191 2634 ἐκ
2231 2581 2338 2635 τῶν
2393 2582 2537 2635 ἰδίων
2585 2583 2862 2656 λαλοῦσιν,
2905 2584 2966 2636 οὐ
3012 2583 3080 2635 τά
3130 2582 3379 2652 ἡμέτερα
3427 2580 3706 2649 λέγουσιν.

2137 2674 2314 2743 Ἥμᾶς
2335 2675 2391 2728 δὲ
2420 2675 2448 2726 6
2477 2675 2755 2745 Δεσπότης
2780 2674 3104 2744 ψυχαγωγεῖ
3129 2673 3306 2741 λέγων
3331 2690 3345 2705 ο
3376 2691 3395 2723 ι
3425 2672 3711 2741 Μακάριοι

2125 2765 2247 2817 ἐστε
2275 2767 2404 2818 ὅταν
2428 2764 2761 2820 ὀνειδίσωσιν
2791 2766 2959 2835 ὑμᾶς,
2988 2766 3078 2818 καὶ
3101 2762 3358 2829 διώξωσι,
3389 2764 3482 2816 καὶ
3503 2762 3707 2815 εἴπωσι

2127 2858 2235 2910 πᾶν
2264 2857 2497 2927 πονηρὸν
2530 2858 2681 2928 ῥῆμα
2720 2856 2842 2910 καθ’
2871 2856 3027 2925 ὑμῶν
3052 2856 3238 2908 ἕνεκεν
3266 2855 3401 2927 ἐμοῦ
3434 2855 3712 2924 ψευδόμε-

2126 2966 2205 3002 νοι
2243 2965 2254 2977 ·
2293 2947 2508 3018 χαίρετε
2554 2949 2648 3001 καὶ
2690 2948 3042 3014 ἀγαλλιᾶσθε,
3105 2947 3188 3001 ὅτι
3227 2949 3258 3000 6
3303 2946 3492 3016 μισθὸς
3547 2944 3715 3013 ὑμῶν

2128 3038 2294 3101 πολὺς
2321 3039 2379 3091 ὲν
2428 3040 2540 3100 τοῖς
2564 3038 2831 3109 οὐρανοῖς.
2861 3056 2879 3088 ›
2931 3038 3042 3091 Καὶ
3072 3038 3170 3108 τὴν
3208 3037 3307 3108 σὴν
3348 3038 3406 3091 δὲ
3447 3052 3711 3107 παρακα-

2051 3142 2093 3196 c
2126 3127 2325 3199 λοῦμεν
2356 3127 2757 3198 προσεύξασθαι
2783 3127 3116 3193 θεοσέϐειαν,
3175 3128 3248 3198 μὴ
3290 3129 3391 3195 τῆς
3431 3126 3540 3178 τῶν
3585 3124 3713 3178 ἁδι-

2128 3220 2365 3274 κούντων
2400 3221 2547 3290 ἡμᾶς
2570 3219 2823 3286 γενέσθαι
2862 3220 3106 3289 μερίδος,
3151 3218 3290 3272 ἀλλὰ
3317 3217 3418 3285 τῆς
3448 3215 3556 3269 τῶν
3586 3215 3715 3285 ἠδι-

2128 3311 2383 3382 κημένων
2411 3309 2500 3364 διὰ
2529 3310 2628 3379 τὴν
2654 3308 2764 3362 τῶν
2792 3307 3139 3376 Εὑαγγελίων
3173 3307 3453 3376 ἀλήθειαν.

2128 3423 2306 3478 ΡΜΓν.
2360 3452 2433 3462 ——-
2489 3421 2733 3490 Ἀνδρέᾳ
2780 3417 3095 3541 pacifera
3135 3417 3716 3474 Κωνσταντινουπό-

2898 3508 2998 3541 ως.

2860 3508 2998 3548 arma.

2201 3603 2340 3658 Οὔτε
2368 3604 2704 3674 θεασάμενος
2730 3604 2953 3659 πώποτε
2984 3604 3084 3675 τὴν
3111 3604 3210 3675 σὴν
3243 3600 3552 3662 εὐσέϐειαν,
3580 3596 3717 3651 οὔτε
3822 3632 3837 3643 ρ

2129 3697 2217 3752 διὰ
2244 3697 2589 3767 γραμμάτιον
2622 3696 2924 3768 όμιληκὼς,
2956 3697 3196 3766 ἐραστὴς
3234 3693 3405 3762 αὐτῆς
3435 3690 3718 3759 ἐγενόμην

2131 3790 2485 3861 θερμότατος.
2543 3787 2850 3857 Εἰργάσατο
2890 3788 2946 3841 δὲ
3006 3788 3068 3840 τὸ
3122 3787 3364 3856 φίλτρον,
3408 3785 3504 3839 καὶ
3550 3782 3720 3836 τοῦτο

2131 3880 2393 3953 πυρσεύει
2432 3879 2714 3951 διηνεκῶς,
2756 3879 2823 3932 τά
2869 3878 3020 3946 παρὰ
3052 3876 3165 3930 τῶν
3202 3876 3294 3930 τοῦ
3342 3874 3437 3929 σοῦ
3493 3872 3719 3944 μέλιτος

2132 3974 2480 4044 γεγευμένων
2525 3970 2831 4043 συμφώνως
2882 3969 3172 4038 λεγόμενα.
3214 3964 3567 4036 Θαυμάζουσι
3600 3963 3718 4034 γὰρ

2133 4064 2373 4127 ἅπαντες
2411 4064 2510 4135 τῆς
2563 4064 2799 4124 πίστεως
2848 4061 2947 4129 τὴν
2995 4059 3285 4131 ὀρθότητα,
3329 4057 3428 4128 τὴν
3460 4056 3555 4108 τοῦ
3595 4053 3718 4125 βίου

2133 4153 2513 4223 λαμπρότητα,
2560 4148 2657 4221 τὴν
2707 4148 3027 4203 εὐστάθειαν
3071 4146 3175 4216 τῆς
3211 4144 3412 4215 ψυχῆς,
3461 4140 3564 4211 τὴν
3602 4138 3721 4193 τῶν

2133 4243 2282 4315 ἠθῶν
2333 4242 2622 4313 ἁρμονίαν,
2681 4241 2742 4295 τὸ
2783 4240 2883 4308 τῆς
2949 4238 3235 4298 συνουσίας
3283 4226 3573 4302 ἐπαγωγὸν
3618 4231 3723 4284 καὶ

2133 4336 2328 4405 γλυκὺ,
2365 4334 2461 4388 καὶ
2488 4333 2655 4388 τᾶλλα
2684 4335 2783 4386 ὅσα
2805 4330 2896 4384 τὸν
2934 4330 3142 4385 τέλειον
3163 4324 3471 4395 ὑπογράφει
3492 4322 3591 4391 τῆς
3622 4337 3721 4388 φι-

2135 4428 2391 4496 λοσοφίας
2444 4426 2729 4496 τρόφιμον.
2778 4423 2876 4476 Διὰ
2924 4421 3097 4475 ταῦτα
3141 4421 3242 4489 τῆς
3291 4417 3392 4486 σῆς
3439 4414 3723 4483 φιλοθεΐας

2134 4521 2458 4592 ἑξήρτημαι.
2508 4520 2567 4573 '0
2604 4518 2661 4571 δὲ
2711 4517 2873 4579 πόθος
2916 4514 3011 4568 καλ⁵
3044 4510 3391 4584 γραμμάτων
3425 4506 3587 4578 ἄρξαι
3620 4522 3723 4557 πε-

2134 4611 2381 4681 ποίηκεν.
2430 4609 2592 4669 Ἀλλ’.
2621 4601 2667 4661 ὧ
2707 4605 2832 4676 φίλη
2867 4622 2970 4674 μου
3000 4600 3229 4671 κεφαλὴ,
3266 4598 3492 4669 μετάδος
3518 4595 3595 4658 ὡς
3622 4593 3725 4647 τά-

2137 4716 2297 4771 χιστα
2329 4698 2422 4753 τοῦ
2456 4697 2816 4767 ποθουμένου,
2846 4694 2941 4749 καὶ
2970 4695 3072 4765 τὴν
3091 4691 3180 4745 διὰ
3206 4688 3555 4761 γραμμάτων
3583 4685 3723 4755 ἡμῖν

2136 4793 2389 4863 πάρασχε
2415 4789 2668 4855 διάλεξιν.
2714 4787 2927 4857 Ἰκανὴν
2959 4785 3067 4856 γὰρ
3093 4785 3208 4846 τοῖς
3232 4777 3544 4848 διεστηκόσι
3574 4792 3724 4846 παρ-

2139 4883 2254 4952 έχει
2274 4881 2632 4952 ψυχαγωγίαν
2655 4881 2689 4948 ἡ
2719 4878 2785 4930 δι’
2819 4875 3120 4930 ἐπιστολῶν
3150 4871 3358 4944 ὁμιλία.
3395 4867 3633 4940 Γράψεις
3659 4866 3723 4919 δὲ

2136 4973 2233 5043 οὐχ
2267 4970 2576 5044 έτεροδόξῳ,
2619 4968 2754 5022 ἀλλὰ
2804 4971 2870 5039 τῇ
2913 4967 3021 5020 τῶν
3052 4963 3365 5019 ἀποστόλων
3412 4958 3723 5030 ἐντεθραμ-

2142 5065 2288 5134 μένῳ
2320 5060 2660 5132 διδασκαλίᾳ,
2705 5059 2800 5113 καὶ
2837 5058 3068 5131 Τριάδος
3108 5057 3168 5108 οὐ
3199 5054 3454 5123 τετράδος
3487 5052 3719 5120 κήρυκι.

2138 5156 2231 5226 Τῷ
2253 5155 2364 5209 ὄντι
2387 5153 2497 5224 γὰρ
2532 5149 2929 5222 παραπλησίως
2960 5145 3236 5214 ὑπείληφα
3263 5142 3563 5205 δυσσεϐεῖς,
3589 5140 3722 5205 τούς

2139 5262 2197 5299 τε
2231 5245 2329 5306 τὰς
2358 5243 2452 5298 δύο
2479 5241 2574 5295 τοῦ
2605 5238 2941 5309 Μονογενοῦς
2978 5237 3167 5307 φύσεις
3192 5237 3272 5298 είς
3301 5236 3428 5304 μίαν
3463 5232 3726 5300 συνάγειν

2141 5336 2474 5407 τολμῶντας,
2512 5334 2605 5387 καὶ
2637 5333 2764 5396 τοὺς
2787 5331 2879 5384 τὸν
2912 5329 3117 5399 Κύριον
3147 5330 3179 5397 ἠ
3191 5326 3305 5397 μῶν
3346 5322 3556 5394 Ἰησοῦν
3587 5322 3725 5391 Χρι-

2143 5429 2287 5489 στὸν,
2318 5426 2410 5479 τὸν
2451 5425 2581 5479 Υἱδν
2608 5423 2703 5477 τοῦ
2745 5422 2882 5476 Θεοῦ
2921 5420 3015 5475 τοῦ
3054 5419 3278 5485 ζῶντος,
3316 5416 3407 5469 τδν
3450 5413 3727 5484 ἐνανθρω⁶

2148 5519 2395 5587 πήσαντα
2419 5515 2551 5569 Θεὸν
2572 5514 2764 5581 Λόγον,
2800 5514 2876 5577 εἰς
2915 5510 3010 5565 δύο
3040 5509 3284 5581 μερίζειν
3313 5500 3727 5577 ἐπιχειροῦντας

2221 5748 2295 5817 (9)
2334 5750 2429 5816 τήν
2461 5765 2525 5802 ex
2553 5746 2724 5815 Neap.
