4072 6434
511 367 639 432 i371

1486 363 1974 426 THEODORETI
2012 359 2346 420 EPISCOPI
2384 363 2745 423 CYRENSIS

3611 357 3750 424 1372

505 492 689 547 posse,
718 475 1050 544 interrogate
1081 477 1282 530 iterum
1307 491 1376 528 an
1410 474 1530 528 ﬁeri
1560 475 1732 543 possit
1759 482 1819 527 ut
1844 474 2060 543 injustu:

2180 469 2320 540 Θεῷ,
2348 471 2507 524 πάλιν
2539 469 3014 541 προσερωτήσατε,
3047 471 3094 523 εἰ
3132 469 3353 525 δυνατὸν
3381 469 3562 524 ἄδικον
3597 471 3750 540 γενέ-

441 576 449 637 ;
502 565 575 619 sit
601 569 697 636 qui
728 569 850 620 fons
883 576 968 620 est
998 567 1249 637 iustitiae.
1278 567 1346 621 Et
1377 567 1422 620 si
1452 566 1559 620 hoc
1587 566 1752 620 etiam
1781 580 2078 619 consense-

439 657 446 671 ‘
504 658 618 711 rint
648 672 772 712 esse
797 673 906 711 non
931 672 1093 727 posse
1122 658 1511 713 universorum
1535 658 1729 722 Deum,
1762 657 2078 727 percontari

505 763 700 802 rursus
722 757 958 818 oportet,
985 763 1053 802 an
1078 747 1195 802 fieri
1222 749 1418 819 possit,
1447 756 1509 803 ut
1533 749 1800 818 insipiens
1821 750 1893 803 sit
1915 744 2078 820 abys-

500 853 597 894 Sus
621 839 924 909 sapientim,
955 849 1013 894 ut
1047 841 1194 895 Deus
1214 855 1327 895 non
1348 841 1420 894 sit
1447 842 1611 904 Deus,
1636 849 1694 894 et
1714 841 1980 895 Dominus
2005 841 2080 894 si-

502 929 708 984 militer
733 944 845 983 non
868 930 939 984 sit
962 931 1248 996 Dominus,
1273 940 1330 986 et
1345 931 1582 994 ,Creator
1609 948 1720 985 non
1745 932 1999 998 Creator,
2019 941 2076 986 et

501 1021 678 1075 bonus
700 1037 812 1076 non
841 1022 1041 1089 bonus,
1068 1023 1164 1079 sed
1199 1024 1397 1089 malus,
1449 1032 1508 1078 et
1532 1025 1718 1078 lumen
1743 1039 1935 1078 verum
1965 1039 2076 1078 non

499 1112 574 1168 sit
618 1113 826 1179 lumen,
863 1115 961 1170 sed
1010 1117 1371 1170 contrarium.
1411 1116 1566 1183 Quod
1613 1115 1661 1171 si
1701 1117 1818 1170 haec
1855 1132 2076 1185 quoque

498 1205 707 1268 omnia,
755 1217 812 1260 et
849 1222 971 1275 quae
1005 1207 1094 1260 his
1132 1207 1334 1262 similia
1372 1217 1522 1270 sunt,
1560 1216 1820 1276 praestare
1853 1207 2028 1262 Deum
2056 1209 2076 1228 '

500 1292 888 1350 universorum
924 1313 1033 1351 non
1067 1313 1228 1366 posse
1263 1298 1578 1361 annuerint,
1609 1307 1725 1352 tum
1754 1297 1863 1354 illis
1887 1297 2075 1352 dicen-

498 1387 631 1442 dum
656 1398 742 1444 est
769 1408 781 1443 :
805 1390 970 1445 Multa
994 1406 1124 1461 ergo
1149 1391 1512 1461 impossibilia
1534 1400 1662 1447 sunt
1686 1393 1820 1456 Deo,
1848 1391 1944 1446 sed
1973 1393 2073 1445 im-

499 1479 784 1547 possibilia
820 1481 937 1535 haac
963 1497 1074 1535 non
1101 1482 1537 1537 imbecillitatem
1561 1493 1822 1553 arguunt,
1847 1483 1944 1539 sed
1972 1498 2072 1553 po-

499 1571 726 1626 tentiam
754 1573 1044 1628 maximam
1068 1574 1474 1629 demonstrant.
1511 1575 1702 1644 Neque
1738 1577 1908 1642 enim,
1944 1592 2072 1630 cum

495 1663 564 1716 de
585 1663 764 1718 anima
779 1674 968 1720 nostra
983 1665 1221 1720 dicimus
1237 1666 1576 1736 impossibile
1597 1682 1718 1722 esse
1737 1667 1883 1722 illam
1905 1668 2070 1745 mori,

496 1751 936 1809 imbecillitatem
960 1757 1080 1826 ejus
1106 1756 1480 1823 enuntiamus,
1515 1757 1613 1812 sed
1641 1758 2068 1814 immortalitatis

493 1845 800 1912 potentiam
832 1847 1217 1916 praedicamus.
1247 1848 1339 1903 Sic
1373 1850 1560 1919 igitur,
1594 1866 1717 1905 cum
1749 1851 2066 1905 immutabi-

491 1933 622 1998 lem,
653 1933 1069 2003 impassibilem,
1103 1937 1467 1992 immortalem
1493 1938 1662 1992 Deum
1688 1955 1810 1993 esse
1836 1939 2065 1994 contlte-

490 2038 638 2089 mur,
671 2040 778 2080 nec
806 2028 1192 2093 mutationem,
1216 2043 1319 2083 nec
1339 2030 1669 2098 passionem,
1691 2046 1796 2085 nec
1835 2041 2064 2086 mortem

487 2113 733 2169 tribuere
770 2114 849 2169 illi
895 2125 1107 2171 natura:
1154 2133 1468 2188 possumus.
1493 2117 1650 2184 Quod
1689 2120 1734 2173 si
1774 2119 2060 2174 dixerint:

486 2203 841 2274 Quaecunque
880 2208 999 2260 vult
1030 2216 1211 2277 potest
1249 2209 1427 2273 Deus,
1473 2210 1772 2264 dicendum
1813 2211 1920 2265 illis
1977 2218 2063 2265 est

485 2291 624 2345 nihil
647 2294 787 2348 velle
811 2294 992 2349 facere
1015 2297 1161 2365 quod
1188 2307 1395 2352 natura:
1420 2314 1528 2352 non
1552 2309 1833 2370 congruat.
1859 2302 2062 2355 Natura

485 2389 668 2438 autem
693 2394 777 2438 est
798 2386 998 2452 bonus,
1036 2388 1172 2441 nihil
1201 2389 1407 2460 1241
1447 2406 1578 2460 ergo
1608 2392 1726 2445 vult
1756 2393 1881 2446 mali
1907 2411 1920 2457 ;
1961 2408 2060 2446 na-

484 2483 610 2526 tura
639 2483 725 2528 est
747 2476 951 2545 justus,
992 2477 1131 2530 nihil
1161 2493 1292 2547 ergo
1323 2481 1442 2533 vult
1476 2480 1703 2552 injusti;
1745 2491 1940 2536 natura
1976 2489 2061 2536 cst

481 2579 673 2630 verax,
711 2567 1062 2621 mendacium
1093 2583 1225 2638 ergo
1251 2571 1501 2639 respuit;
1527 2580 1720 2626 natura
1745 2580 1829 2626 est
1861 2574 2060 2626 immu-

484 2656 690 2722 tabilis,
730 2660 1092 2715 mutationem
1128 2677 1259 2732 ergo
1291 2678 1401 2716 non
1436 2664 1664 2733 recipit;
1700 2675 1756 2718 at
1799 2667 1841 2719 si
1883 2675 2060 2720 muta-

479 2747 686 2802 tionem
738 2765 849 2803 non
903 2749 1122 2819 recipit,
1171 2765 1388 2819 semper
1431 2752 1488 2805 in
1534 2753 1732 2808 iisdem
1770 2763 1825 2807 et
1864 2755 2056 2809 eodem

479 2838 644 2892 modo
687 2855 746 2894 se
781 2840 968 2896 habet.
1005 2842 1118 2898 lloc
1148 2845 1295 2899 enim
1329 2844 1562 2915 ipsemet
1596 2861 1695 2916 per
1729 2847 2055 2916 prophetam

479 2929 558 2983 ait
596 2947 608 2982 :
653 2948 671 2980 ι
700 2930 812 3000 Ego
853 2949 994 2994 sum,
1029 2949 1131 3004 ego
1169 2951 1312 2999 sum,
1355 2946 1412 2991 et
1457 2951 1568 2990 non
1617 2945 1802 2991 mutor
1827 2937 1893 2989 ".
1929 2955 1946 2989 ›
1989 2937 2058 2992 Et

477 3017 676 3073 beatus
712 3020 881 3074 David
919 3041 930 3074 :
969 3043 986 3073 ‹
1018 3024 1099 3077 Tu
1148 3033 1332 3078 autem
1385 3025 1530 3080 idem
1562 3025 1679 3095 ipse
1716 3042 1797 3090 es,
1838 3035 1893 3080 et
1925 3028 2055 3080 anni

2182 556 2302 610 σθαι
2329 558 2421 612 τὸν
2449 558 2548 628 τὴν
2571 559 2912 630 δικαιοσύνην
2941 559 3274 630 πηγάζοντα.
3308 561 3371 614 Εἰ
3404 559 3460 613 δὲ
3516 577 3749 630 συνομο-

2178 649 2306 720 λογή
2316 667 2462 704 σαιεν
2483 652 2576 703 καὶ
2599 651 2754 705 τοῦτο
2775 652 3032 706 ἀδύνατον
3054 649 3289 724 εἶναιτῷ
3314 653 3421 707 τῶν
3446 653 3582 707 ὅλων
3603 654 3744 721 Θεῷ,

2179 743 2445 796 πυθέσθαι
2469 743 2572 814 χρὴ
2598 744 2780 810 πάλιν,
2808 745 2856 797 εἰ
2888 745 3105 799 δυνατὸν
3134 746 3335 815 ἄσοφον
3363 747 3612 815 γενέσθαι
3645 748 3748 816 τῆς

2179 831 2369 897 σοφίας
2405 831 2503 902 τὴν
2542 833 2796 897 ἄϐυσσον,
2846 835 2939 887 καὶ
2983 836 3075 888 τὸν
3111 836 3243 889 Θεὸν
3287 837 3363 906 μὴ
3409 833 3546 890 εἶναι
3589 838 3744 900 Θεὸν,

2177 923 2273 975 καὶ
2309 924 2400 976 τὸν
2446 923 2647 996 Κύριον
2687 926 2946 991 ὡσαύτως
2987 931 3062 997 μὴ
3096 924 3234 981 εἶναι
3274 929 3495 999 Κύριον,
3527 931 3620 984 καὶ
3652 932 3749 984 τὸν

2177 1015 2513 1084 Δημιουργὸν
2536 1017 2594 1068 οὐ
2619 1018 2980 1088 Δημιουργὸν,
3012 1019 3108 1071 καὶ
3132 1020 3222 1072 τὸν
3244 1021 3447 1088 ἀγαθὸν
3476 1021 3577 1074 οὐκ
3603 1023 3744 1089 ἀγα-

2177 1104 2288 1169 θὸν,
2321 1105 2455 1158 ἀλλά
2483 1106 2674 1172 κακὸν,
2701 1108 2794 1160 καὶ
2829 1107 2889 1160 τὸ
2915 1108 3164 1177 ἀληθινὸν
3192 1109 3306 1178 φῶς
3339 1109 3413 1179 μὴ
3440 1105 3575 1162 εἶναι
3605 1110 3742 1179 φῶς,

2176 1195 2311 1250 ἀλλὰ
2329 1197 2654 1250 τούναντίον.
2683 1199 2746 1250 Εἰ
2769 1198 2826 1250 δὲ
2861 1199 3203 1270 συμφήσαιεν
3228 1199 3400 1253 ταῦτα
3421 1201 3619 1266 πάντα,
3648 1202 3747 1254 καὶ

2173 1287 2245 1340 τὰ
2275 1288 2486 1350 τούτοις
2519 1287 2844 1358 προσόμοια,
2893 1287 3128 1340 ἀδύνατα
3173 1285 3311 1342 εἶναι
3357 1289 3436 1359 τῷ
3465 1289 3575 1344 τῶν
3607 1291 3745 1343 ὅλων

2174 1376 2314 1447 Θεῷ,
2336 1379 2508 1430 εἰπεῖν
2541 1378 2644 1448 χρὴ
2669 1377 2805 1446 πρὸς
2833 1377 3029 1441 αὐτούς
3047 1396 3061 1408 ο
3082 1379 3289 1432 Οὐκοῦν
3312 1380 3481 1434 πολλὰ
3509 1382 3747 1436 ἀδύνατα

2173 1469 2249 1539 τῷ
2275 1467 2420 1537 ,Θεῷ’
2454 1469 2548 1520 καὶ
2580 1469 2662 1521 ὅτι
2694 1467 2865 1520 ταῦτα
2907 1467 3141 1520 ἀδύνατα
3176 1469 3277 1522 οὐκ
3313 1469 3611 1540 ἀδυναμίας
3649 1472 3747 1541 δη-

2173 1559 2396 1622 λωτικά,
2427 1558 2564 1612 ἀλλὰ.
2609 1559 2890 1628 δυνάμεως
2925 1545 3187 1629 μεγίστης
3235 1562 3565 1631 σημαντικά.
3609 1564 3747 1616 Οὐδὲ

2171 1653 2280 1721 γὰρ
2311 1651 2440 1722 περὶ
2466 1651 2562 1720 τῆς
2591 1650 2766 1720 ψυχῆς
2792 1651 2890 1721 τῆς
2906 1650 3179 1722 ἡμετέρας
3211 1653 3480 1721 λέγοντες,
3512 1653 3588 1718 ὡς
3617 1655 3746 1709 ἀδύ-

2172 1759 2330 1795 νατον
2368 1740 2536 1812 αὐτὴν
2571 1741 2883 1805 ἀποθανεῖν,
2913 1741 3197 1797 ἀσθένειαν
3231 1745 3367 1815 αὐτῇ
3405 1747 3746 1818 κατηγοροῦ-

2173 1852 2293 1904 μεν,
2326 1834 2461 1888 ἀλλά
2490 1835 2588 1904 τῆς
2623 1833 2922 1898 ἀθανασίας
2947 1836 3114 1907 αὐτῆς
3150 1838 3210 1890 τὸ
3228 1838 3450 1893 δυνατὸν
3475 1841 3745 1912 κηρύττο-

2171 1944 2291 1996 μεν.
2311 1925 2468 1979 Οὕτω
2490 1926 2669 1979 τοίνυν
2687 1923 3074 1994 ὁμολογοῦντες
3096 1927 3189 1980 τοῦ
3209 1928 3344 1980 Θεοῦ
3374 1928 3436 1980 τὸ
3452 1929 3740 2000 ἄτρεπτον,

2167 2018 2228 2070 τὸ
2261 2017 2489 2082 ἀπαθὲς,
2523 2017 2584 2069 τὸ
2631 2016 2914 2082 ἀθάνατον,
2945 2015 3068 2070 οὕτε
3112 2019 3340 2090 τροπὴν,
3383 2018 3511 2072 οὔτε
3544 2020 3740 2085 πάθος,

2164 2108 2288 2162 οὔτε
2323 2109 2553 2162 θάνατον
2596 2108 2779 2181 ἐκείνῃ
2815 2110 3091 2180 προσάψαι
3126 2114 3192 2181 τῇ
3232 2112 3392 2180 φύσει
3442 2111 3739 2181 δυνάμεθα.

2166 2199 2227 2251 Εἰ
2256 2200 2313 2252 δὲ
2346 2200 2568 2263 εἴποιεν,
2603 2200 2776 2272 Ἀπερ
2797 2202 2863 2254 ἂν
2900 2201 3130 2273 ἐθελήσῃ
3157 2201 3377 2255 δύναται
3401 2204 3429 2255 6
3449 2201 3600 2268 Θεὸς,
3631 2204 3738 2274 χρὴ

2165 2290 2300 2360 πρὸς
2334 2291 2529 2353 αὐτοὺς
2561 2293 2755 2352 εἰπεῖν,
2787 2293 2868 2344 ὅτι
2897 2293 3046 2345 οὐδὲν
3079 2293 3323 2362 βούλεται
3355 2296 3524 2346 ποιεῖν
3553 2287 3626 2348 ὧν
3663 2295 3738 2365 μὴ

2163 2381 2428 2456 πέφυκεν·
2472 2382 2680 2450 πέφυκε
2724 2383 2782 2435 δὲ
2814 2383 3038 2451 ἀγαθὸς,
3066 2384 3261 2438 οὐκοῦν
3309 2386 3369 2438 ού
3403 2385 3646 2456 βούλεταί
3681 2405 3737 2440 τι

2162 2472 2351 2525 κακόν·
2390 2473 2600 2541 πέφυκε
2637 2474 2865 2538 δίκαιος,
2897 2475 3095 2528 οὐκοῦν
3130 2476 3191 2528 ού
3221 2476 3469 2546 βούλεταί
3506 2494 3561 2529 τι
3619 2477 3735 2530 ἄδιο

2161 2578 2273 2614 κονο
2305 2563 2547 2630 πέφυκεν
2580 2564 2805 2634 ἀληθὴς,
2837 2565 3032 2618 οὐκοῦν
3060 2566 3120 2619 τὸ
3146 2566 3342 2636 ψεῦδος
3366 2566 3730 2636 βδελύττεται·

2161 2653 2402 2720 πέφυκεν
2445 2655 2730 2724 ἄτρεπτος,
2764 2657 2960 2712 οὐκοῦν
2989 2658 3197 2729 τροπὴν
3243 2659 3303 2712 ού
3345 2659 3646 2731 προσίεταιο
3684 2664 3735 2715 εἰ

2157 2743 2214 2796 δὲ
2236 2745 2442 2814 τροπὴν
2469 2747 2530 2798 ού
2554 2747 2856 2816 προσίεται,
2883 2749 2970 2802 ἀεὶ
2995 2748 3137 2802 κατά
3159 2748 3333 2802 ταυτά
3357 2750 3450 2803 καὶ
3473 2749 3736 2812 ὡσαύτως

2159 2832 2292 2904 ἔχει.
2325 2835 2494 2888 Τοῦτο
2534 2838 2642 2907 γὰρ
2675 2839 2767 2892 καὶ
2791 2839 2953 2903 αὐτὸς
2979 2839 3068 2892 διὰ
3106 2839 3200 2892 τοῦ
3225 2841 3509 2910 Προφήτου
3545 2841 3730 2910 φησίν·

2165 2941 2183 2974 ι
2223 2925 2367 2992 Ἑγὼ
2393 2929 2530 2997 εἰμι,
2566 2927 2677 2996 ἐγώ
2705 2931 2842 2997 εἰμι,
2868 2931 2962 2983 καὶ
2999 2931 3099 2984 οὐκ
3129 2929 3454 3002 ἠλλοίωμαι.
3489 2949 3508 2982 ι
3550 2931 3658 2984 Καὶ
3704 2934 3738 2984 6

2161 3017 2432 3086 μακάριος
2460 3019 2642 3072 Δαϐιδ·
2683 3038 2702 3068 ι
2729 3021 2799 3072 Σὺ
2833 3021 2890 3073 δὲ
2935 3022 2963 3074 6
2993 3020 3156 3084 αὐτὸς
3188 3017 3261 3087 εἴ,
3291 3021 3387 3075 καὶ
3416 3021 3483 3074 τὰ
3509 3021 3600 3091 ἐτη
3638 3038 3735 3074 σου

478 3107 557 3161 tui
583 3126 690 3163 non
714 3111 971 3167 deﬁcient
995 3115 1062 3168 ⁷⁸.
1096 3134 1115 3167 ι
1145 3115 1299 3182 Quod
1321 3117 1364 3172 si
1391 3116 1535 3171 idem
1560 3127 1664 3182 est,
1689 3120 2052 3173 mutationem

2160 3106 2254 3160 οὐκ
2277 3107 2633 3178 ἐκλείψουσιν.
2667 3129 2685 3161 ι
2718 3111 2780 3164 Εἰ
2809 3111 2865 3164 δὲ
2886 3113 2914 3165 6
2945 3113 3108 3175 αὐτός
3133 3114 3271 3179 ἐστι,
3305 3112 3606 3182 μεταϐολὴν
3629 3113 3738 3165 οὐκ

476 3215 587 3253 non
635 3203 876 3272 recepit;
932 3204 977 3259 si
1018 3214 1202 3260 autem
1242 3207 1547 3262 mutatione
1590 3217 1647 3263 et
1693 3210 2055 3265 conversione

477 3291 654 3358 major
687 3299 792 3356 est,
838 3309 948 3348 non
987 3304 1073 3350 est
1120 3295 1299 3353 factus
1343 3313 1410 3352 ex
1450 3299 1746 3354 immortali
1783 3300 2052 3364 mortalis,

476 3397 656 3450 neque
689 3399 756 3437 ex
802 3384 1131 3455 impassibili
1179 3389 1480 3457 passibilis.
1519 3389 1634 3445 Hoc
1669 3392 1819 3446 enim
1851 3393 1969 3447 ﬁeri
2006 3393 2052 3448 si

475 3471 769 3541 potuisset,
804 3473 1234 3545 haudquaquam
1277 3487 1532 3532 naturam
1558 3489 1802 3533 nostram
1835 3495 2052 3536 assum-

475 3563 696 3632 psisset.
745 3564 1018 3630 Quoniam
1055 3575 1240 3621 autem
1272 3568 1638 3623 immortalem
1680 3571 1850 3626 habet
1884 3581 2051 3626 natu-
2108 3618 2126 3634 .

477 3670 619 3718 ram,
672 3670 877 3725 corpus
909 3658 1208 3726 assumpsit
1235 3660 1384 3728 quod
1423 3661 1536 3730 pati
1569 3671 1806 3730 poterat,
1841 3673 1896 3719 et
1926 3681 2051 3720 cum

464 3755 710 3808 corpore
745 3743 986 3796 animam
1031 3745 1327 3801 humanam
1358 3766 1370 3801 :
1399 3759 1564 3818 atque
1605 3752 1800 3806 horum
1833 3764 2050 3808 utrum-

475 3847 583 3899 que
617 3847 645 3884 a
667 3833 877 3900 peccati
905 3836 1136 3889 maculis
1157 3852 1383 3894 servans
1408 3841 1696 3906 intactum,
1715 3860 1815 3912 pro
1843 3846 2053 3900 anima-

472 3923 580 3976 bus
611 3937 734 3991 quaa
767 3935 1062 3993 peccarant
1098 3928 1334 3982 animam
1365 3931 1538 3998 dedit,
1585 3949 1688 4004 pro
1722 3938 2051 4006 corporibus

469 4029 596 4083 quae
623 4024 840 4070 mortua
873 4027 1034 4072 erant
1073 4035 1295 4090 corpus.
1329 4023 1397 4078 Et
1424 4027 1686 4094 quoniam
1726 4028 1899 4098 ipsius
1927 4031 2050 4084 uni-

471 4105 643 4174 geniti
682 4107 808 4161 Filii
835 4109 931 4178 Dei
961 4125 1164 4180 corpus
1196 4115 1528 4183 appellatum
1562 4125 1647 4172 est
1673 4134 1875 4189 corpus
1900 4123 2048 4190 quod

472 4205 816 4266 assumptum
871 4209 977 4264 est,
1023 4203 1275 4272 corporis
1315 4206 1629 4274 passionem
1672 4210 1933 4265 transfert
1978 4212 2047 4265 ad

472 4287 738 4355 seipsum.
767 4286 923 4354 Quod
955 4305 1089 4344 vero
1112 4307 1222 4345 non
1255 4292 1441 4348 divina
1469 4306 1689 4360 natura,
1724 4297 1819 4352 sed
1847 4313 2048 4368 corpus

468 4373 688 4429 allixum
727 4378 798 4430 sit
832 4380 1005 4444 cruci,
1038 4389 1208 4436 testes
1244 4393 1374 4438 sunt
1403 4395 1639 4454 quatuor
1675 4389 2043 4458 evangelista,

2157 3199 2393 3265 ἐδέξατο.
2428 3201 2489 3253 Εἰ
2519 3200 2576 3254 δὲ
2607 3202 2870 3271 κρείττων
2900 3203 3132 3273 ὑπάρχει
3161 3203 3462 3273 μεταϐολῆς
3488 3203 3584 3256 καὶ
3609 3219 3738 3273 τρο-

2157 3288 2284 3359 πῆς,
2316 3289 2377 3342 ού
2407 3289 2632 3357 γέγονεν
2665 3291 2725 3355 ἐξ
2746 3291 3012 3345 ἀθανάτου
3037 3293 3248 3362 θνητὸς,
3275 3293 3394 3346 οὐδὲ
3414 3294 3474 3358 ἐξ
3492 3293 3740 3359 ἀπαθοῦς

2157 3380 2417 3452 παθητὸς.
2455 3384 2516 3436 Ει
2546 3384 2655 3453 γάρ
2691 3385 2849 3438 τοῦτο
2899 3385 3154 3453 γενέσθαι
3182 3380 3294 3439 οἶόν
3318 3403 3374 3438 τε
3413 3381 3502 3457 ἦν,
3538 3386 3639 3439 οὐκ
3665 3385 3738 3439 ἂν

2153 3473 2253 3543 τὴν
2275 3474 2548 3544 ἡμετέραν
2587 3477 2886 3544 προσέλαϐε
2913 3477 3096 3545 φύσιν.
3137 3478 3356 3548 Ἐπειδή
3385 3479 3442 3532 δὲ
3465 3479 3738 3534 ἀθάνατον

2155 3561 2265 3633 ἔχει
2301 3564 2481 3632 φύσιν,
2527 3565 2684 3619 ἔλαϐε
2731 3569 2792 3620 τὺ
2829 3565 3019 3619 παθεῖν
3065 3568 3360 3637 δυνάμενον
3403 3569 3584 3638 σῶμα,
3637 3570 3737 3622 καὶ

2154 3653 2250 3704 σὺν
2279 3653 2356 3722 τῷ
2389 3653 2601 3723 σώματι
2629 3656 2729 3726 τὴν
2757 3658 3101 3729 ἀνθρωπείαν
3137 3658 3338 3728 ψυχήν.
3375 3659 3484 3712 Καὶ
3523 3659 3738 3714 τούτων

2154 3745 2411 3814 ἑκάτερον
2440 3745 2549 3798 τῶν
2580 3747 2681 3815 τῆς
2715 3748 2983 3819 ἁμαρτίας
3012 3750 3245 3818 κηλίδων
3274 3749 3520 3818 φυλάξας
3549 3751 3736 3820 ἀμύηο

2151 3849 2263 3893 τον,
2295 3835 2434 3904 ὑπὲρ
2469 3836 2570 3906 μὲν
2611 3837 2720 3890 τῶν
2749 3833 3140 3908 ήμαρτηκυιῶν
3181 3839 3367 3908 ψυχῶν
3400 3841 3599 3893 δέδωκε
3629 3841 3736 3910 τὴν

2150 3924 2346 3996 ψυχὴν,
2381 3928 2521 3998 ὑπὲρ
2555 3928 2610 3980 δὲ
2647 3929 2752 3982 τῶν
2779 3930 3116 3999 τεθνηκότων
3147 3933 3416 4000 σωμάτων
3453 3933 3514 3984 τὸ
3543 3932 3728 4002 σῶμα.

2151 4019 2261 4071 Καὶ
2295 4019 2591 4090 ἐπειδήπερ
2621 4021 2784 4073 αὐτοῦ
2815 4020 2909 4073 τοῦ
2943 4023 3260 4091 μονογενοῦς
3293 4024 3424 4076 Υἱοῦ
3465 4024 3557 4076 τοῦ
3589 4024 3731 4078 Θεοῦ

2152 4108 2307 4179 σῶμα
2327 4110 2399 4162 τὸ
2415 4110 2618 4180 ληφθὲν
2644 4112 3055 4182 προσηγορεύθη
3084 4113 3265 4182 σῶμα,
3290 4117 3368 4176 εἰς
3388 4115 3580 4167 ἑαυτὸν
3602 4117 3733 4168 ἀνα-

2150 4198 2305 4270 φέρει
2337 4199 2396 4252 τὸ
2423 4201 2514 4252 τοῦ
2538 4200 2787 4270 σώματος
2822 4202 3014 4264 πάθος.
3045 4203 3168 4254 Ὅτι
3189 4202 3244 4254 δὲ
3274 4204 3373 4273 οὐχ
3402 4205 3435 4274 ἡ
3466 4204 3584 4256 θεία
3623 4203 3732 4272 φύ-

2119 4339 2124 4342 .
2151 4305 2254 4352 σις,
2287 4289 2422 4342 ἀλλά
2444 4289 2504 4342 τὸ
2535 4289 2695 4361 σῶμα
2718 4291 2795 4361 τῷ
2818 4291 3035 4360 σταυρῷ
3065 4291 3416 4361 προσηλώθη,
3446 4293 3730 4362 μάρτυρες

2148 4382 2196 4432 οἱ
2225 4380 2489 4450 τέσσαρες
2521 4381 2922 4453 εὖριγγελισταί.
2957 4383 3231 4446 ’Ἅπαντες
3273 4383 3380 4453 γὰρ
3419 4384 3728 4451 συμφώνως

466 4465 564 4535 qui
592 4482 698 4521 una
723 4483 858 4522 voce
879 4468 984 4523 hoc
1000 4470 1221 4535 docent,
1247 4473 1395 4541 quod
1419 4474 1622 4544 Joseph
1650 4477 1718 4530 ab
1740 4477 2045 4534 Arimathia

2160 4469 2308 4522 τοῦτο
2358 4469 2721 4534 διδάσκουσιν,
2771 4473 2847 4534 ὼς
2895 4473 3090 4542 Ἰωσὴφ
3143 4474 3170 4524 6
3222 4473 3328 4525 ἀπὸ
3371 4472 3729 4542 Ἀριμαθειας

468 4557 698 4611 veniens
728 4558 794 4611 ad
831 4559 1066 4613 Pilatum
1112 4563 1338 4630 petierit
1374 4579 1576 4634 corpus
1611 4566 1762 4631 Jesu,
1803 4579 1860 4623 et
1894 4569 2043 4638 quod

468 4641 590 4710 ipse
623 4643 943 4712 deposuerit
963 4647 1031 4702 de
1068 4665 1233 4705 cruce
1267 4667 1468 4721 corpus
1490 4653 1642 4718 Jesu,
1673 4665 1730 4710 et
1758 4657 2044 4712 involvens

469 4733 526 4784 in
557 4732 786 4788 sindone
814 4738 1062 4804 posuerit
1096 4740 1148 4794 in
1180 4757 1325 4797 novo
1353 4759 1455 4797 suo
1479 4745 1820 4799 monimento
1845 4763 2045 4816 corpus

461 4819 620 4882 ,Jesu.
651 4831 706 4875 et
746 4826 891 4892 quod
935 4827 1101 4884 Maria
1135 4831 1454 4902 Magdalena
1491 4837 1708 4889 venerit
1740 4837 1810 4890 ad
1849 4840 2043 4892 moni-

461 4921 716 4965 mentum
737 4931 991 4982 quaerens
1017 4935 1216 4989 corpus
1239 4922 1390 4985 Jesu,
1429 4933 1488 4977 et
1517 4940 1624 4978 non
1661 4925 1889 4981 invento
1915 4943 2043 4983 cor-

462 5015 602 5076 pore
625 5003 752 5059 Jesu
778 5012 1087 5066 cucurrerit
1110 5012 1177 5065 ad
1203 5012 1507 5082 discipulos
1527 5016 1666 5085 ejus,
1690 5027 1746 5072 et
1771 5019 1874 5073 ista
1898 5036 2044 5075 nun-

462 5093 713 5152 tiaveril.

537 5288 666 5346 Παιο
735 5303 972 5361 quatuor
1035 5295 1246 5366 1242
1309 5301 1661 5370 evangelista
1735 5321 1841 5360 una
1903 5324 2037 5364 voce

463 5391 711 5451 narrant.
740 5386 755 5404 '
781 5381 934 5448 Quod
972 5385 1014 5438 si
1045 5385 1328 5455 objiciunt,
1365 5391 1460 5455 qui
1498 5395 1904 5460 contradicunt,
1941 5414 2039 5452 an-

2147 4559 2460 4630 προσελθὼν
2499 4560 2576 4630 τῷ
2606 4561 2819 4631 Πιλάτῳ
2865 4562 3032 4632 ᾔτησε
3076 4563 3134 4634 τὸ
3173 4561 3331 4632 σῶμα
3377 4563 3470 4615 τοῦ
3521 4563 3720 4630 Ἰησοῦ·

2147 4651 2242 4704 καὶ
2301 4651 2383 4705 ὅτι
2437 4645 2592 4714 οὗτος
2628 4651 2737 4704 ἀπὸ
2767 4651 2860 4705 τοῦ
2892 4651 3050 4715 ξύλου
3085 4652 3300 4705 καθεῖλε
3332 4654 3391 4704 τὸ
3425 4651 3583 4721 σῶμα
3623 4651 3726 4704 τοῦ

2159 4739 2355 4808 Ἰησοῦ,
2388 4740 2482 4792 καὶ
2511 4741 2594 4792 ὃτι
2629 4740 2821 4793 σινδόνι
2855 4740 3102 4809 καλύψας
3129 4740 3322 4810 ἔθηκεν
3354 4743 3411 4793 ὲν
3448 4740 3525 4811 τῷ
3548 4741 3726 4812 καινῷ

2145 4829 2312 4884 αὑτοῦ
2339 4830 2588 4900 μνημείῳ
2614 4831 2675 4883 τὸ
2711 4830 2870 4899 σῶμα
2903 4829 2998 4884 τοῦ
3041 4830 3231 4900 Ἰησοῦ·
3260 4832 3354 4883 καὶ
3379 4832 3453 4893 ὼς
3498 4832 3553 4883 αἱ
3589 4833 3726 4900 περὶ

2147 4922 2366 4992 Μαρίαν
2391 4923 2488 4991 τὴν
2517 4922 2882 4993 Μαγδαληνὴν
2915 4918 3078 4992 ἦλθον
3106 4924 3184 4984 εἰς
3219 4922 3280 4975 τὸ
3311 4925 3576 4993 μνημεῖον
3621 4923 3726 4991 ζη-

2145 5013 2337 5066 τοῦσαι
2363 5013 2425 5066 τὸ
2445 5013 2603 5082 σῶμα
2628 5013 2721 5066 τοῦ
2746 5014 2941 5084 Ἰησοῦ,
2969 5014 3061 5066 καὶ
3093 5012 3167 5084 μὴ
3191 5013 3444 5083 εὑροῦσαι
3474 5013 3536 5066 τὸ
3555 5012 3724 5080 σῶμα

2141 5105 2236 5157 τοῦ
2281 5103 2462 5173 Ἰησοῦ
2505 5103 2736 5174 ἔδραμον
2781 5103 2918 5175 πρὸς
2945 5104 3070 5166 τοὺς
3111 5103 3357 5175 μαθητὰς
3395 5102 3582 5166 αὑτοῦ,
3621 5105 3722 5158 καὶ

2142 5197 2484 5267 ἀπήγγειλαν
2513 5196 2707 5251 ταῦτα.

2211 5303 2396 5358 Ταῦτα
2417 5306 2466 5356 οἱ
2487 5305 2751 5376 τέσσαρες
2772 5304 3148 5373 εὐαγγελιστοῦ.
3181 5304 3487 5374 συμφώνως
3512 5303 3721 5375 κηρύτ-

2139 5412 2340 5449 τουσιν.
2367 5398 2428 5448 Ei
2453 5396 2508 5448 δέ
2539 5414 2699 5464 φασιν
2723 5397 2774 5449 οἱ
2801 5396 3169 5463 ἀντιλέγοντες
3192 5395 3469 5466 εἰρηκέναι
3499 5393 3591 5446 τὸν
3615 5395 3721 5462 ἀγ-

461 5469 646 5544 gelum
681 5469 885 5525 dixisse
915 5488 928 5524 :
972 5491 989 5523 ι
1026 5474 1215 5529 Venite
1238 5515 1251 5538 ,
1281 5476 1464 5532 videte
1495 5480 1673 5534 locum
1701 5483 1795 5536 ubi
1827 5485 2038 5553 positus

2160 5483 2310 5546 τελον·
2346 5502 2364 5534 ι
2402 5484 2589 5549 Δεῦτε,
2616 5485 2839 5551 βλέπετε
2861 5484 2953 5537 τὸν
2989 5483 3153 5536 τόπον
3189 5485 3323 5537 ὅπου
3351 5484 3527 5537 ἔκειτο
3554 5487 3583 5537 6
3605 5483 3723 5537 Κύο

461 5567 582 5617 erat
620 5559 886 5616 Dominus
909 5564 974 5628 ⁸⁸,
1016 5584 1033 5616 ι
1075 5565 1289 5620 discant
1327 5567 1593 5636 imperiti,
1638 5573 1803 5626 etiam
1835 5574 1903 5628 de
1933 5576 2034 5629 tri-

538 5710 584 5740 "
621 5711 848 5769 Malach.
879 5733 956 5785 in,
975 5719 1027 5774 6.

2141 5591 2276 5646 ριος’
2307 5595 2325 5628 ι
2361 5575 2680 5646 μαθέτωσαν
2699 5577 2748 5629 οἱ
2775 5575 3046 5641 ἀσύνετοι,
3071 5574 3147 5638 ὡς
3161 5575 3254 5629 καὶ
3273 5577 3400 5648 περὶ
3425 5575 3517 5628 τοῦ
3531 5582 3722 5630 καλλι-

1106 5721 1148 5750 ⁷³
1184 5721 1326 5776 Psal.
1357 5737 1427 5785 ει,
1453 5721 1542 5775 9.8.
1619 5725 1664 5756 '°
1688 5726 1876 5783 Matth.
1912 5745 2096 5796 xxvm,
2143 5729 2197 5786 6.
