4072 6454
292 437 444 506 1373

1642 443 2010 504 EPISTOLA
2046 445 2288 507 CXLIV.

3462 447 3593 512 131i

288 554 454 607 νίκου
482 549 770 620 Στεφάνου
804 551 968 623 φησὶν
1000 553 1034 623 ἡ
1069 552 1188 607 θεία
1236 551 1446 625 Γραφὴ·
1491 574 1509 606 ι
1537 554 1883 624 Συνεκόμισα

2020 557 2324 627 umphante
2360 555 2642 630 Stephano
2686 558 2873 615 dicere
2917 558 3164 614 divinam
3207 557 3597 627 Scripturam:

287 645 346 698 δὲ
378 643 478 696 τὸν
511 643 792 714 Στέφανον
834 643 1027 716 ἄνδρες
1055 643 1321 708 εὐλαϐεῖς.
1353 663 1372 696 ι
1415 645 1608 698 Καίτοι
1644 645 1707 698 τὸ
1741 645 1902 716 σῶμα

291 736 466 806 μόνον
493 735 712 807 ἠξιώθη
739 737 940 805 ταφῆς,
972 739 1004 807 ἡ
1035 735 1091 790 δὲ
1119 737 1265 810 ψυχὴ
1292 738 1352 790 ού
1385 738 1658 808 συνετάφη
1696 737 1774 809 τῷ
1803 737 1904 791 σώ-

289 842 454 894 ματι,
497 824 623 879 ἀλλ’
655 825 805 896 ὅμως
845 826 939 879 τοῦ
976 827 1158 881 κοινοῦ
1195 827 1460 898 ὀνόματος
1509 827 1602 880 καὶ
1652 827 1814 897 μόνον
1840 826 1905 879 τὸ

287 918 463 986 σῶμα
499 917 826 989 μετέλαχεν.
855 917 1042 984 Οὕτως
1069 919 1098 973 ὀ
1127 921 1396 992 μακάριος
1437 919 1634 973 Ἰακὼϐ
1655 922 1767 982 τοῖς
1790 917 1905 972 υἱέ-

288 1026 376 1062 σιν
399 1009 596 1078 έλεγε·
627 1030 646 1061 ι
677 1010 889 1080 Θάψετέ
917 1028 984 1081 με
1013 1013 1155 1082 μετὰ
1173 1011 1282 1067 τῶν
1309 1011 1562 1083 πατέρων
1594 1029 1715 1083 μου·
1749 1033 1769 1064 ι
1806 1011 1902 1066 καὶ

285 1102 390 1152 οὐκ
414 1095 578 1154 εἶπε·
606 1101 816 1170 edem
837 1121 940 1172 μου
970 1103 1032 1156 τὸ
1063 1103 1242 1175 σῶμα·
1266 1105 1363 1158 καὶ
1387 1104 1687 1176 ἐπήγαγεν·
1712 1123 1732 1156 ι
1754 1104 1905 1156 Ἑκεῖ

286 1193 510 1262 ἔθαψαν
546 1194 802 1266 Ἀϐραὰμ
829 1197 922 1249 καὶ
952 1197 1170 1268 Σάρραν
1198 1197 1298 1269 τὴν
1330 1201 1566 1267 γυναῖκα
1591 1198 1776 1253 αὐτοῦ’
1805 1198 1901 1252 καὶ

285 1289 412 1341 ἐκεῖ
439 1287 664 1357 ἔθαψαν
705 1288 911 1353 Ἰσαὰκ,
943 1291 1040 1344 καὶ
1083 1289 1380 1345 Ῥεϐέκκαν
1406 1290 1506 1363 τὴν
1540 1294 1776 1360 γυναῖκα
1802 1291 1902 1346 αὐο

283 1379 405 1434 τοῦ’
439 1381 547 1434 καὶ
581 1382 697 1434 ἐκεῖ
723 1381 930 1450 ἔθαψαν
963 1382 1060 1452 τὴν
1094 1382 1278 1437 Λείαν’
1317 1402 1336 1435 ι
1373 1383 1464 1437 καὶ
1498 1385 1599 1437 οὐκ
1634 1379 1753 1436 εἷπε
1784 1399 1798 1413 ·
1819 1382 1900 1436 Τὰ

283 1472 531 1526 ἐκείνων
563 1473 810 1544 σώματα.
859 1475 968 1528 Καὶ
1003 1475 1110 1544 μὴν
1150 1475 1220 1528 τὰ
1254 1467 1494 1546 ὀνόματα
1521 1476 1674 1530 κοινὰ
1709 1475 1899 1546 σωμά-

283 1580 396 1616 των
428 1563 563 1616 ἐστὶ
596 1565 692 1616 καὶ
723 1565 932 1635 ψυχῶψ
963 1565 1078 1619 ἁλλ’
1103 1566 1253 1636 ὅμως
1278 1567 1372 1620 καὶ
1409 1566 1545 1637 μόνα
1571 1566 1638 1621 τὰ
1668 1565 1900 1637 σώματα

283 1657 350 1708 ὲκ
376 1655 499 1708 τῶν
545 1656 741 1710 κοινῶν
777 1657 1060 1726 ὀνομάτων
1099 1657 1376 1713 ἐκάλεσεν.
1410 1657 1568 1711 Οὕτω
1600 1659 1694 1711 καὶ
1736 1659 1897 1729 ἡμεῖς

284 1745 568 1809 πολλάκις
604 1749 732 1810 τοὺς
767 1746 876 1802 τῶν
913 1749 1084 1815 ἁγίων
1122 1747 1438 1800 ἀποστόλων
1471 1748 1566 1801 καὶ
1601 1746 1898 1817 προφητῶν

284 1838 384 1891 καὶ
423 1838 730 1909 μαρτύρων
759 1841 960 1910 σηκοὺς
985 1840 1348 1910 ὀνομάζομεν,
1385 1839 1599 1896 καὶτὸν
1640 1840 1739 1910 μὲν
1776 1841 1897 1894 Διο-

2023 667 2042 698 ι
2071 647 2422 718 Sepelierunt
2453 658 2639 705 autem
2675 650 3020 721 Stephanum
3065 651 3171 704 viri
3199 649 3444 720 religiosi
3464 651 3530 703 δι.
3571 669 3589 700 ι

2014 739 2257 795 Tametsi
2281 742 2460 796 solum
2482 755 2683 813 corpus
2707 743 2922 798 tumulo
2938 743 3256 797 mandatum
3283 744 3388 796 sit:
3415 743 3595 796 anima

2011 841 2144 885 vero
2193 833 2422 888 minime
2472 835 2687 904 sepulta
2737 843 2823 890 est
2868 850 2994 889 cum
3045 849 3300 904 corpore,
3352 840 3596 887 attamen

2011 939 2306 980 commune
2359 941 2562 981 nomen
2607 927 2789 981 solum
2837 942 3039 997 corpus
3080 925 3343 981 obtinuit.
3385 923 3596 978 Eodem

2012 1013 2181 1067 modo
2211 1014 2409 1070 beatus
2447 1015 2618 1071 Jacob
2645 1015 2774 1071 ﬁliis
2804 1017 2919 1072 suis
2949 1016 3093 1072 dixit
3121 1036 3135 1070 :
3173 1035 3191 1068 ι
3231 1015 3474 1086 Sepelite
3505 1029 3595 1068 me

2010 1113 2138 1158 cum
2166 1106 2418 1175 patribus
2443 1108 2584 1164 meis
2603 1107 2670 1164 ⁸²,
2703 1127 2722 1161 ι
2758 1109 2828 1164 Et
2852 1123 2964 1163 non
2993 1109 3167 1164 dixit:
3202 1107 3442 1178 Sepelite
3463 1121 3593 1161 cor-

2008 1210 2116 1265 pus
2165 1213 2352 1252 meum
2381 1216 2394 1252 :
2429 1198 2764 1271 adjecitque,
2806 1215 2824 1251 ι
2856 1200 2937 1254 lbi
2971 1200 3312 1270 sepelierunt
3339 1198 3591 1253 Abraha-

2009 1299 2160 1342 mum
2204 1296 2262 1344 et
2307 1287 2496 1345 Saram
2543 1307 2775 1347 uxorem
2822 1294 2944 1364 ejus
2979 1311 2992 1346 :
3024 1301 3082 1346 et
3130 1291 3205 1346 ibi
3255 1291 3594 1361 sepelierunt

2008 1379 2255 1435 lsaacum
2295 1389 2352 1436 et
2384 1383 2693 1439 Rebeccam
2725 1400 2954 1439 uxorem
2990 1385 3110 1456 ejus
3139 1403 3153 1438 :
3183 1393 3238 1440 et
3263 1383 3340 1438 ibi
3361 1381 3594 1451 sepelie-

2009 1479 2143 1526 runt
2183 1472 2338 1527 Liam
2370 1475 2456 1542 ⁶³;
2497 1495 2516 1526 ι
2566 1484 2624 1532 et
2650 1491 2761 1530 non
2801 1477 2943 1532 dixit
2978 1491 3212 1547 corpora
3253 1474 3496 1529 illorum.
3523 1471 3596 1527 Et

2007 1579 2140 1618 vero
2177 1565 2405 1621 nomina
2440 1569 2756 1622 communia
2791 1577 2921 1622 sunt
2962 1582 3260 1638 corporum
3294 1574 3350 1621 et
3376 1564 3594 1618 anima-

2008 1671 2132 1710 rum
2159 1675 2174 1711 :
2207 1665 2449 1714 attamen
2473 1660 2591 1715 sola
2609 1676 2843 1731 corpora
2859 1660 3250 1716 communibus
3270 1656 3594 1712 nominibus

2005 1750 2326 1821 appellavit.
2363 1749 2455 1806 Sic
2481 1759 2538 1806 et
2569 1767 2671 1807 nos
2690 1766 2936 1822 persaepe
2962 1758 3282 1806 sanctorum
3309 1748 3590 1818 apostolo-

2007 1857 2131 1897 rum
2161 1851 2220 1899 et
2255 1853 2562 1914 martyrum
2602 1844 2805 1914 templa
2831 1857 3238 1912 nuncupamus,
3283 1849 3450 1910 atque
3481 1840 3591 1894 hoc

285 1926 483 1982 νυσίου
513 1930 700 2000 τυχὸν,
730 1930 822 1984 τὸν
859 1930 916 1983 δὲ
945 1926 1251 1996 Ἰουλιανοῦ,
1281 1932 1314 2001 ἣ
1346 1933 1576 2003 Κοσμᾶ·
1607 1932 1788 1986 καίτοι
1819 1933 1885 1985 εί-

2000 1930 2247 2003 Dionysii
2276 1931 2530 1997 fortasse,
2565 1932 2700 1987 illud
2726 1933 2954 1999 Iuliani,
2977 1933 3066 1987 vel
3085 1930 3298 1987 Cosma
3325 1930 3586 1992 dicimus,

284 2022 462 2088 δότες,
506 2018 589 2085 ὥς
623 2023 794 2094 μικρὰ
829 2023 1089 2088 πολλάκις
1125 2019 1354 2094 λείψανα
1385 2025 1652 2095 σωμάτων
1690 2026 1748 2077 ὲν
1773 2024 1895 2078 τού-

167 2157 176 2168 .
285 2127 400 2176 τοις
433 2112 821 2178 κατάκεινται,
865 2114 922 2165 αί
960 2114 1017 2166 δὲ
1057 2114 1231 2184 ψυχαὶ
1251 2116 1309 2168 ὲν
1341 2113 1639 2183 θειοτέροις
1671 2115 1896 2185 χωρίοις

284 2203 748 2260 διαναπαύονται.
781 2206 904 2262 Κάν
925 2207 992 2276 τῇ
1027 2209 1181 2278 κοινῇ
1203 2206 1262 2259 δὲ
1290 2208 1487 2277 χρήσει
1508 2206 1666 2260 τοῦτο
1693 2206 1754 2260 τὸ
1775 2206 1894 2268 ἔθος
1941 2269 1944 2271 Α

284 2295 432 2349 ἐστιν
463 2295 674 2367 εὑρεῖν.
721 2296 778 2350 '0
812 2297 956 2352 δεῖνα
985 2300 1112 2368 γὰρ,
1155 2298 1356 2368 φαμὲν,
1393 2299 1652 2364 ἀπέθανε,
1685 2293 1778 2352 καὶ
1829 2300 1887 2353 '0

279 2388 432 2440 δεῖνα
474 2388 538 2443 ἐν
577 2387 714 2459 τῷδε
749 2390 1070 2448 κατάκειται
1112 2389 1223 2461 (10)
1273 2389 1352 2460 τῷ
1380 2391 1550 2460 τόπῳ·
1586 2385 1679 2443 καὶ
1719 2389 1893 2444 ταῦτα

285 2472 492 2542 εἰδότες
525 2480 606 2543 ὡς
631 2477 898 2543 ἀθάνατος
926 2483 959 2551 ὴ
983 2481 1150 2552 ψυχὴ,
1188 2483 1280 2535 καὶ
1307 2483 1384 2545 ὡς
1427 2485 1487 2536 ού
1524 2485 1771 2536 κοινωνεί
1792 2483 1888 2536 τοῦ

280 2569 458 2637 τάφου
489 2570 575 2641 τῷ
602 2571 836 2642 σώματι.
877 2571 1032 2625 Οὕτω
1054 2575 1148 2626 καὶ
1172 2577 1200 2627 ὁ
1228 2574 1459 2642 ἄγγελος
1485 2573 1612 2644 ἔφη·
1643 2595 1661 2626 ι
1697 2574 1884 2638 Δεῦτε,

283 2659 517 2731 βλέπετε
572 2665 663 2718 τὸν
718 2667 880 2718 τόπον
912 2667 1046 2719 ὅπου
1091 2665 1267 2719 ἔκειτο
1294 2669 1322 2720 ό
1351 2666 1554 2737 Κύριος
1586 2681 1598 2694 ·
1649 2683 1666 2717 ι
1702 2668 1764 2719 οὐ
1788 2666 1887 2736 τὴν

284 2752 522 2823 θεότητα
564 2753 916 2825 περικλείσας
958 2757 1036 2827 τῷ
1071 2757 1249 2828 τάφῳ,
1282 2757 1419 2810 ἀλλὰ
1461 2757 1555 2811 τοῦ
1583 2758 1788 2828 Κυρίου
1826 2757 1888 2811 τὺ

285 2844 447 2915 σῶμα
486 2845 573 2917 τῷ
594 2846 689 2900 τοῦ
723 2847 929 2917 Κυρίου
955 2849 1408 2919 προσαγορεύσας
1441 2848 1686 2918 ὀνόματι.

354 2937 481 2990 Ὅτι
513 2937 576 2991 δὲ
598 2939 691 2992 καὶ
720 2941 833 3001 τοῖς
859 2939 1034 3007 ἁγίοις
1060 2937 1305 3011 Πατράσι
1329 2938 1500 2994 ταῦτα
1531 2939 1696 2998 δοκεῖ,
1721 2940 1886 2992 dueu-

287 3027 549 3084 σάτωσαν
585 3029 907 3084 Ἀθανασίου
949 3029 1044 3083 τοῦ
1083 3032 1444 3103 πανευφήμου
1489 3031 1592 3098 τῆς
1637 3031 1885 3098 ’Δλεξαν-

280 3118 468 3188 ὄρεξας
500 3123 964 3192 ἁρχιεπισκόπου,
995 3122 1055 3186 ὃς
1073 3123 1142 3177 δι’
1171 3121 1463 3194 ὁμολογίας
1490 3123 1589 3194 τὴν
1610 3125 1884 3204 ἁρχιερωτ-

2002 2024 2222 2080 tametsi
2266 2039 2378 2079 non
2404 2025 2734 2096 ignoremus
2759 2025 2988 2096 exiguas
3027 2025 3365 2095 plerumque
3391 2037 3588 2091 corpo-

2000 2121 2125 2169 rum
2152 2115 2418 2184 reliquias
2449 2115 2506 2170 in
2532 2115 2622 2171 his
2648 2131 2794 2181 esse,
2819 2115 3034 2170 animas
3058 2128 3191 2168 vero
3215 2109 3590 2166 divinior-ibus

2000 2207 2056 2261 in
2089 2207 2230 2280 locis
2259 2207 2629 2277 requiescere.
2665 2207 2808 2274 Quin
2847 2215 2905 2262 et
2935 2207 2992 2260 in
3035 2203 3318 2260 communi
3345 2218 3447 2257 usu
3478 2201 3586 2256 hoc

2002 2299 2369 2355 animadverti
2405 2299 2564 2354 solet.
2590 2299 2839 2354 Dicimus
2864 2299 3011 2353 enim
3037 2316 3050 2352 :
3090 2297 3186 2351 ille
3217 2295 3379 2356 obiit,
3405 2301 3463 2349 et
3488 2294 3588 2348 Ille

1997 2390 2053 2444 in
2090 2391 2197 2445 hoc
2219 2391 2342 2445 loco
2363 2391 2506 2445 situs
2529 2398 2635 2454 est,
2667 2390 2774 2444 etsi
2799 2388 3146 2458 exploratum
3175 2385 3444 2439 habemus
3468 2383 3588 2438 ani-

1995 2497 2139 2538 mam
2171 2499 2293 2539 esse
2321 2476 2722 2547 immortalem,
2755 2497 2860 2538 nec
2899 2483 3112 2537 tumulo
3141 2479 3391 2550 corporis
3415 2477 3588 2547 parti-

1994 2577 2200 2646 cipare.
2230 2577 2310 2630 Ita
2339 2586 2397 2632 et
2417 2577 2648 2647 angelus
2672 2575 2814 2630 dixit
2841 2593 2854 2628 :
2889 2594 2908 2625 ι
2940 2573 3156 2637 Venite,
3185 2572 3367 2626 videte
3398 2571 3582 2624 locum

1993 2669 2086 2722 ubi
2119 2667 2334 2738 positus
2358 2676 2481 2722 erat
2510 2667 2800 2730 Dominus,
2833 2685 2851 2718 ι
2883 2681 2995 2720 non
3023 2665 3373 2720 divinitatem
3404 2661 3582 2716 inclu-

1990 2759 2130 2813 dens
2154 2759 2388 2824 tumulo,
2415 2758 2512 2815 sed
2535 2757 2756 2815 Domini
2789 2757 3004 2830 1253
3028 2771 3229 2827 corpus
3259 2757 3366 2809 hoc
3391 2753 3579 2824 appel—

1988 2847 2110 2902 lans
2136 2847 2384 2904 nomine.
3125 2918 3152 2929 _

2057 2938 2214 3005 Quod
2241 2953 2376 2993 vero
2407 2942 2610 2994 sanctis
2641 2953 2864 3009 quoque
2898 2925 3158 2994 Patribus
3201 2937 3318 2991 haec
3357 2936 3429 2990 ita
3457 2935 3577 2990 visa

1987 3029 2119 3095 sint,
2163 3029 2389 3084 audiant
2438 3027 2802 3084 Athanasium
2848 3027 3193 3084 Alexandria:
3246 3024 3574 3082 laudatissi-

1987 3138 2140 3177 mum
2171 3122 2513 3193 episcopum,
2559 3122 2654 3192 qui
2703 3129 2763 3177 et
2799 3119 3180 3192 pontiﬁcatum
3225 3115 3574 3174 confessione

281 3210 448 3282 σύνην
479 3212 761 3282 ἐκόσμησε
781 3251 794 3275 ,
829 3212 1081 3282 βοῶντος-
1119 3231 1138 3265 ι
1165 3211 1287 3283 Ζωὴ
1319 3213 1610 3269 ἀποθανεῖν
1635 3215 1699 3266 οὐ
1725 3214 1884 3273 δύνα-

1990 3229 2085 3268 sua
2108 3213 2417 3279 exornavit,
2454 3213 2780 3267 clamantem
2813 3229 2824 3264 :
2859 3230 2878 3261 ι
2907 3211 3031 3266 Vita
3062 3209 3204 3263 mori
3228 3223 3340 3262 non
3368 3212 3573 3276 potest,

279 3317 389 3364 ται,
427 3304 639 3373 μᾶλλον
681 3304 740 3357 δὲ
774 3305 1022 3368 καὶτοὺς
1055 3307 1285 3378 νεκροὺς
1317 3305 1591 3369 ζωοποιεῖ.
1625 3325 1644 3359 ι
1681 3307 1874 3360 ’Λκου-

281 3393 539 3448 σὰτωσαν
587 3397 682 3449 καὶ
714 3394 810 3449 τοῦ
847 3397 1287 3468 πολυθρυλλήτου
1327 3397 1605 3466 Δαμάσου,
1640 3397 1735 3450 τοῦ
1780 3400 1880 3468 τῆς

287 3485 515 3556 Ῥώμης
547 3487 867 3552 ἐπισκόπου,
909 3487 1161 3558 βοῶντος·
1195 3503 1213 3541 ι
1261 3490 1328 3543 Et
1358 3503 1440 3552 τις
1485 3486 1652 3553 εἴποι,
1695 3489 1778 3542 ὅτι
1820 3491 1880 3544 ἐν

278 3575 357 3647 τῷ
391 3578 622 3651 σταυρῷ
663 3580 824 3634 πόνον
854 3581 1150 3652 ὑπέμεινεν
1193 3585 1226 3652 ὴ
1270 3579 1485 3652 θεότης,
1533 3582 1628 3635 καὶ
1666 3581 1787 3652 ούχὶ
1816 3581 1880 3635 τὸ

280 3669 438 3739 σῶμα
473 3671 620 3743 μετὰ
646 3672 747 3743 τῆς
774 3673 973 3744 ψυχῆς,
1014 3675 1048 3744 ἡ
1079 3672 1172 3726 τοῦ
1212 3672 1398 3726 δούλου
1434 3671 1636 3745 μορφὴ,
1677 3673 1744 3745 ἦν
1784 3689 1875 3727 τε-

276 3759 422 3815 λείαν
470 3763 758 3830 ἀνέλαϐεν,
793 3763 1042 3833 ἀνάθεμα
1079 3762 1241 3818 ἔστω.
1274 3781 1293 3814 ι
1325 3761 1743 3816 Ἀκουσάτωσαν
1779 3763 1875 3817 καὶ

280 3854 369 3907 τοῦ
401 3856 716 3925 ἁγιωτάτου
746 3858 842 3911 καὶ
872 3858 1174 3911 ὁσιωτάτου
1205 3859 1306 3928 τῆς
1339 3857 1627 3926 Ῥωμαίων
1651 3857 1876 3911 ἐπισκό-

278 3963 376 3999 που
393 3948 489 4001 τοῦ
527 3949 717 4016 κυρίου
741 3936 993 4013 Λέοντος,
1021 3949 1116 4002 νῦν
1145 3947 1509 4020 γεγραφότοςο
1542 3965 1562 4000 ι
1589 3948 1710 4001 ’Ότι
1737 3947 1875 4001 ἔπα-

279 4032 367 4086 θεν
398 4037 426 4088 ὁ
446 4037 582 4100 Υἱὸς
605 4037 699 4090 τοῦ
733 4037 890 4102 Θεοῦ,
916 4039 992 4102 ὼς
1021 4039 1214 4092 παθεῖν
1239 4033 1492 4108 ἠδύνατο,
1520 4037 1580 4090 ού
1604 4037 1745 4091 κατὰ
1773 4037 1875 4110 τὴν

275 4127 558 4182 λαϐοῦσαν
589 4130 774 4198 φύσιν,
810 4131 948 4184 ἀλλὰ
989 4133 1130 4185 κατὰ
1167 4131 1265 4203 τὴν
1311 4125 1627 4201 ληφθεῖσαν.
1666 4129 1732 4184 Ἦ
1762 4131 1872 4202 γὰρ

277 4218 498 4293 ἀπαθὴς
531 4220 693 4289 φύσις
721 4223 782 4275 τὸ
807 4224 1051 4294 παθητὸν
1069 4225 1227 4277 ἔλαϐε
1251 4224 1432 4295 σῶμα,
1457 4223 1551 4277 καὶ
1574 4223 1704 4276 αὐτὸ
1734 4240 1873 4295 παρ-

277 4307 478 4365 έδωκεν
513 4311 653 4383 ὑπὲρ
680 4312 860 4382 ἡμῶν,
886 4313 971 4364 ἵνα
994 4315 1094 4384 τὴν
1123 4315 1405 4385 ἡμετέραν
1435 4311 1740 4385 ἐργάσηται
1771 4330 1881 4366 σω-

277 4403 502 4473 τηρίαν,
549 4405 644 4458 καὶ
676 4405 777 4474 τὴν
823 4406 1030 4459 οἰκείαν
1076 4406 1239 4474 φύσιν
1278 4403 1547 4475 ἐφύλαξεν
1602 4402 1807 4474 ἀπαθῆ.
1843 4423 1862 4456 ι

278 4492 388 4548 Καὶ
417 4495 606 4551 πάλιν·
645 4517 663 4548 ι
694 4495 770 4551 Ού
813 4498 922 4568 γὰρ
943 4494 1107 4568 ἦλθεν
1134 4499 1221 4552 ἵνα
1256 4500 1356 4569 τὴν
1389 4502 1596 4552 οίκείαν
1625 4499 1866 4570 ἀπολέσῃ

1985 3305 2100 3360 imo
2127 3321 2260 3361 vero
2288 3311 2534 3359 mortuos
2563 3302 2828 3358 vivificat.
2853 3321 2872 3352 ι
2919 3300 3163 3356 Audiant
3193 3306 3250 3353 et
3271 3296 3572 3353 celeberri-

1984 3412 2134 3452 mum
2164 3398 2456 3451 Damasum
2493 3397 2814 3465 episcopum
2849 3395 3036 3449 Roma
3071 3393 3434 3446 clamantem:
3462 3408 3480 3440 ι
3512 3389 3571 3444 Si

1981 3491 2109 3561 quis
2151 3489 2382 3556 dixerit,
2440 3488 2588 3559 quod
2634 3489 2690 3543 in
2741 3502 2905 3542 cruce
2965 3499 3186 3556 pmnam
3242 3480 3573 3538 sustinuerit

1981 3580 2272 3647 divinitas,
2297 3591 2354 3636 et
2384 3597 2495 3636 non
2537 3596 2740 3650 corpus
2772 3593 2898 3633 cum
2932 3576 3138 3638 anima,
3166 3588 3288 3643 qua:
3307 3580 3392 3627 est
3419 3569 3568 3625 servi

1981 3674 2176 3740 forma,
2198 3689 2361 3744 quam
2384 3673 2686 3745 perfectam
2708 3669 3028 3738 assumpsit,
3054 3666 3344 3721 anathema
3375 3662 3527 3717 sit“.
3542 3681 3560 3714 ι

1979 3765 2224 3821 Audiant
2279 3771 2340 3820 et
2390 3763 2804 3819 sanctissimum
2839 3773 2904 3815 ac
2952 3754 3428 3828 religiosissimum
3456 3752 3569 3806 Ro-

1979 3872 2268 3913 manorum
2294 3857 2636 3926 episcopum,
2671 3852 2956 3907 dominum
2982 3848 3244 3911 Leonem,
3263 3859 3414 3900 nunc
3429 3842 3570 3897 scri-

1981 3950 2203 4005 bentem
2233 3965 2246 4002 :
2283 3965 2302 3999 (
2337 3946 2495 4013 Quod
2540 3959 2735 4016 passus
2785 3942 2858 3998 sit
2912 3941 3009 3996 Dei
3039 3939 3232 4002 Filius,
3267 3935 3412 3991 sicut
3451 3931 3563 4002 pati

1979 4046 2221 4110 poterat,
2241 4053 2350 4092 non
2372 4037 2680 4092 secundum
2705 4043 2959 4090 naturam
2981 4047 3104 4102 qua:
3126 4026 3445 4097 assumpsit,
3465 4022 3563 4078 sed

1981 4129 2286 4186 secundum
2302 4145 2422 4183 eam
2447 4143 2570 4197 quae
2586 4134 2862 4194 assumpta
2891 4132 2995 4178 est.
3026 4119 3386 4190 lmpassibilis
3414 4116 3562 4170 enim

1980 4230 2175 4278 natura
2195 4222 2452 4290 passibile
2483 4235 2684 4289 corpus
2709 4215 3026 4286 assumpsit,
3051 4223 3110 4268 et
3131 4210 3360 4266 tradidit
3381 4209 3561 4277 ipsum

1979 4330 2082 4388 pro
2110 4313 2290 4377 nobis,
2326 4319 2385 4366 ut
2417 4321 2660 4366 nostram
2697 4316 3022 4380 operaretur
3045 4305 3298 4366 salutem,
3343 4309 3399 4354 et
3435 4313 3563 4367 pro-

1976 4407 2154 4477 priam
2182 4413 2436 4460 naturam
2458 4405 2477 4422 ⁹
2499 4403 2723 4457 illaesam
2745 4399 3047 4456 custodivit
3073 4399 3143 4448 ⁸⁵.
3178 4414 3196 4445 ι
3227 4395 3296 4448 Ει
3319 4393 3520 4446 iterum
3543 4406 3557 4440 ι

1985 4516 2004 4550 ι
2039 4499 2159 4554 Νοιι
2199 4497 2346 4551 enim
2376 4495 2529 4549 venit
2568 4503 2630 4548 ut
2671 4491 2948 4563 propriam
2973 4487 3252 4543 amitteret
3279 4491 3553 4543 naturam,

279 4581 460 4652 φύσιν,
493 4586 606 4639 ἁλλ’
643 4586 732 4640 ἴνα
762 4587 860 4658 τὴν
890 4589 1164 4660 ἡμετέραν
1188 4587 1360 4662 σώσῃ.
1391 4609 1408 4640 ι
1447 4588 1508 4642 Ei
1535 4589 1713 4643 τοίνυν
1738 4606 1869 4643 κατ-

1990 4588 2071 4645 sed
2105 4598 2168 4644 ut
2213 4597 2460 4642 nostram
2501 4591 2751 4640 servaret
2771 4584 2839 4636 “.
2877 4600 2895 4634 ι
2926 4577 3298 4647 Quamobrem
3353 4575 3399 4628 si
3455 4589 3556 4627 nos

275 4680 572 4750 ηγοροῦσιν
604 4679 764 4751 ήμῶν
796 4681 1119 4752 εἰρηκότων,
1161 4683 1242 4735 ὅτι
1295 4683 1394 4735 ὅσα
1429 4682 1677 4752 βούλεται
1712 4682 1871 4736 δύνα-

280 4783 364 4823 ται
398 4774 428 4825 ὁ
461 4772 619 4839 Θεὸς,
661 4769 914 4843 βούλεται
945 4773 1002 4827 δὲ
1044 4775 1114 4828 τὰ
1140 4778 1206 4846 τῇ
1236 4773 1400 4829 αὐτοῦ
1441 4775 1600 4845 φύσει
1629 4773 1870 4844 πρέπον-

278 4876 364 4925 τα,
390 4863 465 4917 τὰ
501 4863 560 4917 δὲ
598 4865 673 4936 μὴ
708 4865 989 4933 πρέποντα
1026 4866 1152 4919 οὔτε
1175 4866 1446 4937 βούλεται,
1482 4866 1604 4920 οὗτε
1624 4866 1867 4921 δύναται·

279 4953 760 5023 κατηγορείτωσαν
786 4955 882 5007 καὶ
902 4955 1068 5010 τῶνδε
1094 4955 1203 5008 τῶν
1228 4957 1421 5024 ἁγίων,
1451 4957 1545 5009 καὶ
1567 4955 1674 5009 τῶν
1696 4957 1872 5010 ἄλλων

281 5037 559 5107 ἁπάντων,
586 5045 702 5097 ὅσοι
745 5044 922 5098 ταῦτα
954 5045 1340 5118 πρεσϐεύουσι.
1371 5047 1869 5117 Κατηγορείτωσαν

281 5131 488 5186 καὶτοῦ
527 5135 852 5190 Ἀποστόλου
883 5120 1140 5212 βοῶντοςξ
1180 5157 1200 5186 σ
1237 5138 1355 5190 Ἵνα
1381 5137 1468 5189 διὰ
1496 5138 1587 5190 δύο
1607 5137 1869 5206 πραγμά-

280 5235 386 5274 των
422 5226 799 5296 ἀμεταθέτων,
857 5229 916 5281 ἐν
965 5223 1048 5290 οἷς
1099 5227 1363 5281 ἀδύνατον
1424 5226 1725 5296 ψεύσασθαι
1777 5227 1869 5279 τὸν

184 5366 208 5392 ο
281 5309 432 5370 Θεόν.
474 5339 494 5370 ι
527 5318 638 5372 Καὶ
674 5319 856 5373 πάλινο
891 5339 908 5370 ι
940 5320 1002 5373 Εἰ
1034 5319 1390 5390 ἀπιστοῦμεν,
1415 5305 1625 5382 ἐκεῖνος
1677 5316 1869 5380 πιστὸς

287 5403 458 5473 μένει,
499 5409 841 5480 ἀρνήσασθαι
871 5410 1063 5464 ἑαυτὸν
1091 5411 1151 5463 οὐ
1183 5409 1428 5463 δύναται.
1465 5429 1484 5460 ι

356 5577 396 5610 ⁸¹
433 5583 554 5637 Act.
585 5600 699 5647 vm,
729 5585 789 5638 ‘2.
864 5585 910 5617 δ’
945 5584 1082 5640 Gen.
1111 5600 1255 5648 xux,
1285 5582 1376 5637 29.
1452 5582 1499 5614 ⁸⁸
1538 5581 1673 5636 ibid.
1707 5579 1794 5644 50,
1826 5580 1914 5634 51.

1967 4687 2228 4735 accusant
2271 4677 2417 4747 quod
2457 4675 2790 4740 dixerimus,
2825 4673 2998 4728 Deum
3031 4684 3192 4741 posse
3218 4667 3400 4722 omnia
3435 4678 3556 4733 quae

1969 4773 2108 4838 vult,
2144 4771 2286 4826 velle
2337 4777 2521 4824 autem
2553 4785 2675 4838 quae
2718 4768 2893 4838 ipsius
2947 4775 3158 4819 natura:
3199 4757 3554 4819 conveniunt,

1970 4879 2094 4935 qua:
2117 4877 2252 4918 vero
2297 4877 2408 4915 non
2448 4860 2808 4924 conveniunt,
2858 4872 2925 4911 ea
2969 4869 3148 4924 neque
3186 4851 3327 4905 velle
3376 4861 3556 4915 neque

1969 4969 2154 5026 posse,
2206 4958 2469 5007 accusent
2509 4950 2675 5005 etiam
2708 4949 2810 5003 hos
2851 4948 3064 5009 Patres,
3095 4950 3151 4997 et
3182 4940 3319 4995 alios
3364 4950 3558 5026 omnes

1969 5025 2065 5115 qui
2117 5043 2310 5098 eadem
2358 5041 2649 5095 afﬁrmant.
2684 5039 2960 5094 Accusent
3002 5043 3058 5088 et
3085 5029 3406 5100 Apostolum
3439 5025 3555 5079 cla-

1969 5143 2252 5189 mantem:
2286 5151 2304 5183 ι
2327 5133 2398 5188 Ut
2427 5147 2524 5201 per
2561 5132 2700 5185 duas
2738 5144 2830 5182 res
2874 5124 3206 5185 immobiles,
3256 5121 3310 5174 in
3351 5115 3557 5187 quibus

1967 5222 2308 5294 impossibile
2341 5231 2426 5276 est
2461 5221 2686 5276 mentiri
2720 5220 2893 5273 Deum
2921 5219 2990 5271 ⁸⁷.
3024 5235 3042 5268 ι
3076 5216 3147 5270 Et
3183 5214 3424 5268 iterum:
3455 5226 3472 5257 ι
3495 5203 3553 5258 Si

1966 5329 2080 5369 non
2113 5311 2417 5376 credimus,
2466 5311 2558 5365 ille
2612 5310 2791 5366 ﬁdelis
2836 5317 3145 5380 permanet,
3207 5313 3410 5371 negare
3465 5309 3555 5350 se-

1967 5407 2148 5475 ipsum
2177 5418 2289 5456 non
2321 5412 2504 5472 potest
2524 5403 2592 5455 3".
2631 5420 2650 5452 ι

1991 5578 2038 5610 ³⁸
2059 5577 2302 5643 Damus,
2334 5577 2508 5648 Epist.
2540 5575 2610 5629 ad
2631 5573 2944 5629 Paulinum.
3019 5568 3064 5599 ⁸⁸
3089 5567 3245 5625 Leo.,
3278 5562 3451 5631 Epist.
3477 5559 3555 5616 ad

284 5635 763 5708 anuia*,iam'.*"'«‘
776 5635 921 5710 ibid.
956 5635 979 5640 ⁷
1000 5635 1255 5710 esse}:
1283 5635 1373 5717 vi,
1393 5652 1480 5708 l8.
1542 5635 1602 5684 ﬁ"
1637 5652 1682 5707 ιι
1714 5635 1856 5739 Tun.
1891 5667 1947 5714 ιι,
1982 5650 2070 5703 ιε).

347 5798 468 5878 ,(10)
499 5806 764 5880 κατεθέτῃ
789 5805 977 5878 (scrib.
1011 5809 1299 5880 κατετέθη)
1329 5807 1498 5878 Neap.
1529 5807 1759 5878 Vulgata
1789 5807 1867 5860 le-

297 5876 396 5925 ctio
444 5876 615 5948 magis
657 5876 1021 5936 consentanea
1062 5887 1144 5936 est
1188 5876 1276 5938 iis'
1308 5895 1428 5950 qure
1448 5876 1772 5949 sequuntur
1829 5890 1857 5929 e

1976 5803 2252 5875 Matthaeo,
2287 5804 2529 5875 itemque
2581 5795 2970 5875 epistolas-liii),
3005 5793 3163 5875 cujus
3212 5805 3335 5847 cum
3378 5790 3553 5850 altera

1971 5884 2122 5945 parte
2159 5874 2272 5929 fere
2313 5873 2378 5928 ad
2409 5873 2636 5928 verbum
2662 5873 2934 5925 consentit
2964 5873 3172 5920 neStra.
