4072 6430
438 381 574 444 i375

1415 379 1897 438 THEODORETI
1937 379 2273 439 EPISCOPI
2314 379 2676 438 CYRENSIS

3546 371 3683 438 1376

505 491 630 546 Haec
661 490 772 544 illis
795 491 1017 544 recitate
1051 489 1144 559 qui
1177 488 1562 544 contradicunt
1587 509 1600 544 :
1628 501 1684 545 et
1706 492 1752 545 si
1781 491 2004 560 quidem

2181 490 2364 543 Ταῦτα
2393 493 2505 553 τοῖς
2531 489 2896 558 ἀντιλέγουσιν
2929 487 3412 557 ὐπανάγνωτεοωὶ
3482 490 3530 540 εί
3585 490 3688 556 μεν

437 593 760 648 persuasum
793 582 874 634 eis
920 580 1106 644 fuerit,
1153 580 1358 633 bonum
1419 579 1708 634 Dominum
1767 581 2006 644 laudate,

439 669 585 739 quod
611 680 792 724 vestra
825 668 1039 740 1244
1070 669 1353 739 diligentia
1391 671 1681 725 utilitatem
1710 672 1876 726 etiam
1903 672 2012 726 illis

441 759 557 826 ipse
586 757 900 810 contulerit.
931 756 1025 810 Sin
1051 760 1454 827 permanserint
1484 759 1772 824 increduli,
1802 759 2010 813 nullam

436 863 561 900 cum
590 847 670 900 eis
702 847 768 900 de
799 847 1146 917 dogmatibus
1187 848 1320 903 inite
1367 848 1796 918 disputationem
1825 867 1837 902 :
1863 858 2010 903 vetat

433 938 581 990 enim
623 937 846 992 divinus
902 939 1235 1008 Apostolus:
1270 960 1286 988 ι
1317 940 1663 994 Contendere
1715 942 1897 995 verbis
1942 942 2008 996 ad

435 1027 573 1081 nihil
629 1029 762 1083 utile
813 1037 900 1083 est
951 1029 1018 1083 ad
1059 1031 1477 1084 subversionem
1527 1031 1952 1085 audientium”.
1984 1051 2001 1082 ›

435 1116 546 1171 Vos
575 1134 705 1172 vero
741 1122 1114 1189 evangelicam
1142 1121 1449 1174 doctrinam
1487 1122 1799 1173 inviolatam
1828 1131 2010 1174 custo-

437 1212 572 1276 dite,
617 1220 676 1265 ut
728 1211 785 1264 in
839 1210 929 1264 die
976 1211 1266 1273 adventus,
1321 1227 1443 1264 cum
1494 1212 1649 1265 lucro
1683 1214 2008 1280 congruenti

437 1301 749 1369 depositum
801 1301 952 1370 justo
1009 1301 1183 1368 judici
1250 1299 1563 1362 reddentes,
1613 1302 2009 1368 optatissimam

436 1407 628 1446 vocem
661 1391 896 1445 audiatis
928 1409 938 1441 :
978 1409 996 1438 ‹
1018 1391 1188 1460 Euge,
1220 1405 1375 1443 serve
1402 1389 1542 1443 bone
1570 1376 1624 1443 et
1651 1390 1828 1446 ﬁdelis
1849 1412 1860 1445 :
1881 1396 2009 1462 quia

440 1482 496 1534 in
532 1496 703 1550 pauca
734 1480 883 1534 fu-isti
919 1478 1115 1556 ﬁdelis,
1151 1495 1315 1548 super
1345 1480 1511 1532 multa
1551 1488 1600 1532 te
1631 1482 1958 1535 constituam
1994 1501 2007 1535 :

439 1570 583 1624 intra
609 1571 664 1623 in
701 1571 958 1640 gaudium
985 1571 1199 1624 Domini
1234 1570 1310 1623 tui
1332 1572 1397 1624 9°.
1423 1590 1441 1620 ι

583 1805 788 1860 CXLV.
823 1835 894 1845 —
926 1807 1195 1861 Monac/iis
1229 1808 1850 1879 Constantinopolitanis.

500 1895 605 1961 Qui
658 1897 922 1951 adversus
951 1899 1123 1952 Deum
1152 1909 1209 1953 et
1255 1901 1593 1954 Salvatorem
1634 1908 1880 1954 nostrum
1906 1902 2010 1955 lin—

433 2002 567 2056 guas
624 1998 928 2055 armarunt,
983 1993 1112 2046 novi
1166 2002 1222 2047 et
1283 1993 1520 2048 mirandi
1577 1994 1717 2048 nihil
1778 1995 2006 2059 faciunt,

431 2078 579 2146 quod
614 2078 910 2136 benevolos
946 2083 1111 2136 etiam
1146 2086 1268 2154 ejus
1315 2101 1503 2138 servos
1535 2085 1838 2140 mendaciis
1879 2100 2011 2140 con-

432 2169 618 2238 ﬁgant.
672 2171 970 2227 Dominicaa
1016 2174 1165 2227 enim
1227 2177 1572 2230 contumelia:
1619 2176 1870 2242 famulos,
1913 2177 2008 2246 qui

433 2260 581 2314 illius
607 2275 772 2314 causa
795 2263 1156 2318 vehementer
1183 2264 1391 2328 dolent,
1432 2266 1728 2335 participes
1758 2266 1875 2320 ﬁeri
1914 2282 2014 2320 ne—

431 2363 586 2404 ceise
610 2357 714 2403 est.
743 2349 857 2404 Hoc
879 2367 1010 2405 vero
1032 2353 1298 2408 Dominus
1333 2355 1497 2408 etiam
1526 2355 1640 2423 ipse
1678 2357 2011 2425 prtenuntia-

429 2438 531 2503 vit,
567 2453 752 2493 sacros
802 2439 1106 2510 discipulos
1153 2459 1284 2498 suos
1326 2446 1618 2499 consolans
1662 2445 1750 2500 his
1781 2445 2004 2500 verbis:

440 2547 458 2578 ι
493 2527 547 2581 Si
584 2546 670 2586 me
718 2534 992 2601 persecuti
1045 2544 1192 2599 sunt,
1224 2544 1280 2590 et
1333 2553 1432 2591 vos
1481 2546 1882 2606 persequentur
1913 2555 1924 2590 :
1961 2539 2007 2592 si

432 2619 722 2677 Dominum
770 2624 1004 2680 familias
1053 2627 1364 2682 Beelzebub
1413 2639 1770 2693 vocaverunt,
1801 2641 2009 2698 quanto

431 2715 603 2782 magis
636 2715 970 2771 domesticos
997 2719 1196 2788 ejus".
1231 2740 1247 2769 ι
1285 2720 1491 2774 Deinde
1517 2721 1862 2774 conﬁrmavit
1889 2737 2006 2786 eos,

431 2804 729 2859 ostendens
774 2808 1104 2861 calumniam
1150 2809 1308 2862 facile
1360 2809 1721 2878 deprehendi,
1776 2811 2011 2880 subjecit

430 2893 578 2946 enim
611 2912 624 2947 :
665 2915 683 2945 ‹
725 2895 802 2949 Ne
840 2912 972 2967 ergo
1033 2898 1335 2952 timueritis
1385 2914 1479 2952 eos
1514 2917 1526 2950 :
1560 2900 1698 2952 nihil
1733 2900 1881 2953 enim
1927 2910 2010 2953 est

429 2993 682 3052 opertum
729 2990 876 3056 quod
938 3006 1049 3044 non
1091 2989 1426 3044 revelabitur
1459 2999 1515 3045 et
1552 2991 1829 3044 occultum
1863 2991 2008 3060 quod

432 3087 543 3127 non
599 3076 805 3130 scietur
830 3079 897 3131 θ’.
944 3100 961 3130 ›
1017 3080 1224 3134 Divina:
1271 3087 1452 3135 autem
1499 3081 1874 3149 praedictionis
1914 3098 2010 3135 ve-

2112 581 2402 644 πεισθεῖεν,
2439 583 2713 650 ὑμνήσατε
2748 582 2838 634 τὸν
2869 581 3070 650 ἀγαθὸν
3094 580 3320 647 Κύριον,
3353 579 3432 632 ὅτι
3466 576 3554 630 διὰ
3586 576 3688 648 τῆς

2113 675 2382 743 ὑμετέρας
2414 673 2648 740 σπουδῆς
2681 672 2951 735 κάκείνοις
2969 673 3068 742 τὴν
3093 670 3358 739 ὠφέλειαν
3388 668 3691 738 προύξένη-

2113 779 2222 815 σεν.
2252 761 2314 814 Εἰ
2345 763 2401 814 δέ
2444 763 2750 831 ἐπιμένοιεν
2799 761 3189 824 ἀπειθοῦντες,
3231 760 3501 830 μηδεμίαν
3551 757 3689 822 πρὸς

2111 855 2307 916 αὐτοὺς
2330 871 2396 905 πε
2407 855 2458 923 pi.
2476 855 2760 923 δογμάτων
2784 853 3020 906 ποιεῖσθε
3041 851 3292 915 διάλεξιν.
3328 851 3692 924 Ἀπαγορεῦει

2111 943 2220 1014 γὰρ
2249 947 2276 996 ὁ
2309 945 2449 1006 θεῖος
2475 944 2811 1008 Ἀπόστολος,
2855 962 2872 993 ι
2907 944 3232 1013 λογομαχεῖν
3272 944 3350 1004 είς
3371 942 3521 994 οὐδὲν
3553 943 3692 1011 χρή-

2113 1053 2270 1106 σιμον
2309 1037 2402 1088 ἐπὶ
2441 1037 2791 1105 καταστροφῇ
2825 1033 2934 1085 τῶν
2969 1034 3294 1086 ἀκουόντων.
3341 1052 3358 1084 ι
3403 1033 3590 1101 Ὑμεῖς
3629 1031 3690 1084 δὲ

2109 1129 2208 1198 τὴν
2262 1127 2622 1196 εὐαγγελικὴν
2666 1126 3015 1179 διδασκαλίαν
3056 1125 3252 1178 ἄσυλον
3295 1124 3688 1192 διατηρήσατε,

2113 1219 2198 1271 ἵνα
2241 1221 2297 1270 ἐν
2344 1222 2407 1287 τῇ
2443 1217 2542 1285 τῆς
2572 1217 2892 1281 ἐπιφανείας
2940 1216 3146 1287 ἡμέρα,
3187 1215 3322 1285 μετά
3367 1214 3467 1282 τῆς
3517 1230 3694 1284 προσ-

2113 1310 2349 1378 ηκούσης
2403 1308 2665 1379 ἐργασίας
2715 1309 2813 1376 τὴν
2855 1306 3324 1376 παρακαταθήκην
3377 1304 3456 1373 τῷ
3495 1305 3691 1374 δικαίῳ

2115 1400 2573 1468 προσενεγκόντες
2613 1400 2810 1468 Κριτῇ,
2853 1399 2949 1466 τῆς
2993 1396 3318 1466 τριποθήτου
3365 1395 3544 1463 φωνῆς
3592 1397 3693 1446 ἐπ-

2113 1491 2401 1558 ακούσητε·
2437 1511 2453 1540 ι
2478 1487 2573 1552 Εὖ,
2603 1489 2754 1541 δοῦλε
2781 1489 2950 1556 ἀγαθὲ
2983 1489 3074 1541 καὶ
3105 1486 3292 1538 πιστέ·
3321 1486 3410 1538 ἐπὶ
3441 1485 3596 1552 ὀλίγα
3620 1481 3692 1554 ἧς

2115 1582 2325 1644 πιστὸς,
2362 1582 2451 1633 ἐπὶ
2487 1580 2694 1632 πολλῶν
2734 1598 2792 1632 σε
2835 1581 3180 1649 καταστήσω·
3229 1577 3434 1630 εἴσελθε
3477 1577 3556 1639 εἰς
3589 1575 3693 1645 τὴν

2113 1692 2289 1763 χαράν
2315 1693 2408 1745 τοῦ
2435 1695 2637 1764 Κυρίου
2670 1711 2782 1747 σου.
2820 1711 2838 1743 ι

2114 1803 2292 1856 PME'.
2312 1833 2380 1842 —
2403 1803 2530 1868 Τοῖς
2555 1804 2625 1857 ἐν
2647 1805 3278 1857 Κωνσταντινουπόλει
3299 1799 3687 1869 μονάζουσιν.

2180 1895 2242 1946 Οἱ
2275 1893 2420 1946 κατὰ
2444 1895 2535 1946 τοῦ
2566 1894 2700 1947 Θεοῦ
2730 1896 2822 1947 καὶ
2851 1895 3098 1964 Σωτῆρος
3131 1893 3286 1962 ἡμῶν
3318 1890 3416 1953 τὰς
3441 1891 3691 1959 γλώττας

2110 1984 2454 2047 ὁπλίσαντες,
2473 1985 2626 2038 οὐδὲν
2659 1988 2842 2039 καινὸν
2874 1986 2994 2039 οὺδέ
3021 1984 3319 2055 παράδοξον
3352 1983 3570 2053 δρῶσιν,
3593 1983 3695 2036 καὶ

2110 2075 2238 2138 τοὺς
2275 2074 2463 2137 εὔνους
2494 2075 2657 2129 αὑτοῦ
2683 2075 3018 2146 θεράποντας
3043 2077 3120 2146 τῷ
3150 2075 3335 2143 ψεύδει
3357 2073 3690 2139 τοξεύοντες.

2111 2166 2224 2235 Τῆς
2247 2166 2355 2236 γὰρ
2372 2169 2709 2237 Δεσποτικῆς
2733 2170 3017 2239 παροινίας
3046 2168 3291 2238 μετέχειν
3320 2167 3536 2238 ἀνάγκη
3563 2167 3694 2230 τοὺς

2109 2255 2176 2306 δι’
2210 2255 2378 2325 αὐτὴν
2409 2255 2527 2309 λίαν
2555 2257 2854 2323 ἀλγοῦντας
2886 2257 3120 2322 οἰκέτας.
3159 2257 3330 2310 Τοῦτο
3369 2257 3427 2310 δὲ
3471 2256 3564 2309 καὶ
3592 2257 3695 2308 αὐ·

2109 2346 2200 2409 τὸς
2227 2348 2256 2399 ὁ
2281 2347 2484 2417 Κύριος
2515 2347 2964 2418 προτεθέσπικεν,
2996 2349 3124 2409 τοῦς
3153 2347 3331 2419 ἱεροὺς
3365 2346 3528 2400 αὑτοῦ
3553 2347 3694 2416 ψυχ-

2111 2438 2343 2507 αγωγῶν
2376 2437 2642 2508 μαθητάς.
2671 2439 2816 2510 Ἔφη
2845 2439 2901 2492 δὲ
2931 2439 3120 2502 οὕτως·
3165 2457 3183 2489 ι
3223 2440 3286 2494 Εἰ
3320 2439 3419 2509 ἐμὲ
3440 2439 3689 2505 ἐδίωξαν,

2112 2529 2206 2584 καὶ
2239 2531 2382 2600 ὑμᾶς
2415 2529 2716 2593 διώξουσιν
2742 2533 2790 2583 εἰ
2829 2531 2920 2583 τὸν
2947 2531 3329 2600 οἰκοδεσπότην
3360 2529 3690 2592 Βεελζεϐοῦλ

2111 2625 2394 2686 ἐκάλεσαν,
2445 2624 2596 2693 πόσῳ
2648 2624 2845 2692 μᾶλλον
2893 2625 3017 2682 τοὺς
3071 2625 3374 2685 οἰκειακοὺς
3426 2624 3588 2676 αὐτοῦ
3619 2641 3632 2685 ;
3668 2644 3687 2675 ι

2112 2708 2242 2763 Εἶτα
2276 2711 2687 2782 παρεθάρρυνεν
2720 2712 2934 2774 αὐτοὺς,
2969 2711 3147 2775 δείξας
3195 2713 3254 2763 τὸ
3283 2711 3382 2780 τῆς
3418 2729 3689 2780 συκοφαν-

2111 2802 2230 2864 τίας
2253 2801 2587 2871 εὐφώρατον.
2633 2803 2909 2872 Ἐπήγαγε
2945 2801 3074 2871 γάρ·
3111 2820 3128 2852 ι
3171 2803 3262 2871 Μὴ
3293 2798 3383 2854 οῦν
3416 2802 3691 2874 φοϐηθῆτε

2111 2891 2331 2953 αὐτούς·
2365 2891 2517 2944 οὐδὲν
2546 2892 2653 2962 γάρ
2692 2893 2807 2944 ἐστι
2841 2891 3273 2961 κεκαλυμμένον,
3301 2893 3328 2945 δ
3355 2895 3452 2946 οὐκ
3481 2897 3694 2948 ἀποκαο

2111 2980 2462 3048 λυφθήσεται,
2505 2979 2598 3031 καὶ
2633 2978 2893 3048 κρυπτὸν,
2936 2979 2964 3030 ὂ
2998 2979 3056 3031 οὑ
3089 2979 3483 3049 γνωσθήσεται.
3521 3000 3538 3031 ι
3575 2982 3691 3052 Τῆς

2111 3069 2169 3123 δὲ
2203 3069 2352 3132 θείας
2382 3071 2740 3140 προρρήσεως
2775 3069 2874 3138 τὴν
2898 3068 3156 3139 ἀλήθειαν
3190 3070 3447 3134 πολλάκις
3473 3072 3571 3142 μὲν
3595 3075 3694 3124 καὶ

434 3161 652 3218 ritatem
707 3181 832 3221 cum
892 3169 1026 3222 alias
1086 3184 1354 3238 persaepe,
1404 3177 1518 3224 tum
1580 3172 1812 3225 maxime
1864 3189 2009 3229 nunc

2113 3163 2318 3226 ἄλλοτε,
2367 3162 2599 3232 μάλιστα
2633 3161 2689 3214 δὲ
2722 3160 2814 3214 νῦν
2851 3161 3034 3230 σαφῶς
3079 3162 3426 3234 ἑωράκαμεν.
3476 3163 3540 3214 Ci
3585 3158 3700 3223 γάρ

431 3249 644 3319 liquido
673 3258 1071 3326 perspeximus.
1117 3259 1330 3313 Etenim
1377 3261 1468 3328 qui
1510 3261 1839 3314 calumniam
1873 3278 2006 3316 con-

434 3351 518 3395 tra
582 3358 684 3398 nos
745 3354 1065 3412 texuerant,
1113 3364 1495 3416 mrumnasque
1556 3360 1770 3404 nostras
1821 3353 2008 3406 multis

433 3434 684 3500 pecuniis
735 3436 1098 3501 redemerant,
1155 3437 1366 3508 1245
1395 3439 1665 3493 Valentini
1714 3450 1770 3493 et
1811 3441 2010 3497 Barde-

435 3522 586 3575 sanis
615 3522 739 3578 tabe
769 3524 956 3579 infecti
994 3527 1286 3580 manifesto
1313 3528 1482 3596 agniti
1515 3537 1643 3581 sunt
1673 3547 1684 3580 :
1716 3541 2008 3599 sperarunt

437 3620 619 3668 tamen
658 3617 924 3670 occultari
969 3633 1128 3687 posse
1188 3618 1523 3687 impietatem
1565 3637 1740 3687 suam,
1771 3625 1815 3676 si
1857 3640 2010 3678 men-

435 3703 578 3758 dacii
609 3712 732 3758 cote
797 3705 1011 3775 linguas
1035 3716 1225 3762 contra
1249 3724 1346 3763 nos
1375 3720 1724 3766 exacuerent.
1752 3714 2010 3782 Propter-

436 3809 502 3848 ea
531 3795 678 3849 enim
708 3797 854 3864 quod
883 3799 1206 3853 exstinctam
1236 3801 1368 3855 olim
1406 3801 1639 3859 hteresin
1684 3804 1753 3858 ab
1789 3804 1876 3859 his
1917 3821 2006 3859 re—

438 3885 628 3938 novari
652 3895 960 3951 cernentes,
985 3889 1274 3945 vociferari
1299 3907 1408 3947 non
1431 3909 1729 3956 cessamus,
1748 3896 2007 3963 privatim

439 3987 504 4027 ac
521 3972 737 4042 publice
754 3984 1147 4045 contestantes,
1166 3988 1281 4034 tum
1304 3981 1356 4034 in
1382 3981 1719 4036 salutatoriis
1731 3981 2006 4050 domibus,

440 4073 557 4116 tum
591 4064 646 4117 in
669 4065 880 4120 aedibus
905 4069 1096 4134 sacris,
1123 4079 1468 4141 structasque
1500 4072 1626 4126 ﬁdei
1661 4073 1886 4129 insidias
1917 4090 2012 4144 pa-

438 4155 725 4212 tefacimus
749 4176 762 4211 :
788 4160 1035 4215 convicia
1067 4163 1123 4215 in
1158 4178 1260 4217 nos
1305 4163 1642 4228 eﬁ‘uderunt,
1687 4167 1843 4235 quasi
1873 4165 2011 4220 duos

440 4246 578 4300 ﬁlios
620 4249 1000 4316 praedicemus.
1048 4252 1348 4321 Oportebat
1384 4265 1567 4310 autem
1612 4265 1671 4311 ut
1712 4265 2010 4326 praesentes

435 4340 846 4405 convincerent,
894 4359 1005 4398 non
1056 4343 1316 4400 absentes
1377 4347 1864 4402 calumniarentur.
1901 4347 2009 4418 Ipsi

435 4440 618 4486 autem
639 4443 830 4488 contra
862 4444 1111 4504 egerunt.
1141 4437 1275 4490 Nam
1298 4453 1423 4491 cum
1463 4438 1626 4508 regiis
1645 4438 1844 4492 litteris
1867 4439 2010 4511 Cyro

436 4539 536 4576 nos
585 4525 961 4590 inclusissent,
1009 4527 1226 4596 iudices
1265 4538 1565 4599 coegerunt
1599 4531 1804 4585 indicta
1845 4547 2010 4587 causa

431 4613 702 4680 judicare,
728 4626 784 4670 et
815 4616 868 4670 in
895 4633 1021 4671 eum
1056 4619 1152 4687 qui
1201 4635 1339 4673 xxxv
1394 4621 1775 4676 mansionibus
1820 4623 2012 4678 aberat

439 4703 802 4758 rectissimam
831 4708 1160 4761 sententiam
1187 4709 1558 4777 protulerunt.
1592 4711 1748 4777 Quod
1786 4712 2010 4780 quidem

437 4807 540 4845 nec
570 4794 823 4848 maleﬁcii
849 4811 952 4851 nec
1002 4799 1188 4852 violati
1233 4800 1474 4869 sepulcri
1527 4817 1655 4857 reus
1696 4803 2009 4872 quisquam,

439 4897 546 4934 non
577 4882 872 4949 homicida,
903 4902 1013 4941 non
1050 4889 1153 4942 tori
1190 4891 1353 4945 alieni
1394 4891 1680 4946 insidiator
1708 4909 1902 4962 passus
1929 4903 2014 4949 est

443 4989 707 5042 unquam.
737 4975 936 5031 Verum
980 4994 1081 5050 ego
1104 4981 1319 5050 judices
1349 4983 1403 5036 in
1446 4997 1686 5052 praesens
1711 4983 1958 5037 omittam
1994 5001 2008 5038 :

443 5081 612 5135 prope
643 5075 726 5121 est
744 5069 890 5123 enim
926 5071 1460 5144 Dominusjudicans
1487 5074 1678 5128 orbem
1715 5075 1770 5128 in
1797 5075 2011 5145 justitia

434 5164 491 5209 et
525 5158 756 5226 populos
785 5160 837 5213 in
872 5162 1212 5230 aequitate",
1236 5172 1292 5217 et
1327 5163 1599 5218 rationem
1642 5164 1868 5235 exigens
1901 5182 2012 5220 non

433 5248 610 5301 solum
656 5249 951 5306 verborum
997 5261 1054 5308 et
1091 5270 1340 5324 operum,
1384 5255 1479 5309 sed
1514 5270 1807 5324 pravarum
1845 5257 2012 5313 etiam

433 5338 846 5408 cogitationum.

505 5518 612 5573 Sed
652 5522 941 5577 conflatam
972 5539 1188 5592 aequum
1216 5539 1337 5580 esse
1389 5527 1630 5582 arbitror
1677 5531 2005 5585 calumniam

439 5604 706 5660 refellere.
769 5609 1012 5678 Ecquam
1071 5612 1277 5666 habent
1328 5612 1853 5670 demonstrationem
1908 5634 2008 5672 nos

511 5785 554 5813 ⁸⁷⁸
595 5789 637 5844 ll
663 5792 801 5848 Tim.
836 5814 891 5862 ιι,
933 5799 1015 5864 ιι.

2109 3255 2206 3324 τὴν
2239 3253 2360 3306 καθ’
2380 3253 2537 3324 ἡμῶν
2570 3253 2932 3320 συκοφαντίαν
2963 3252 3284 3322 ὑφήναντες,
3309 3252 3402 3304 καὶ
3433 3251 3690 3319 παμπόλ-

2109 3343 2214 3396 λων
2230 3343 2520 3414 πριάμενοι
2537 3361 2640 3414 χρη
2650 3345 2834 3412 μάτων
2850 3343 2948 3406 τάς
2966 3343 3238 3412 ἡμετέρας
3261 3342 3491 3410 σφαγὰς,
3505 3339 3700 3412 ὤφθη-

2111 3451 2210 3488 σαν
2227 3434 2472 3504 ἐναργῶς
2489 3435 2586 3502 τὴν
2603 3434 2921 3487 Βαλεντίνου
2959 3435 3052 3486 καὶ
3069 3433 3411 3502 Βαρδησάνου
3447 3432 3697 3503 περικεί-

2113 3543 2263 3596 μενοι
2286 3525 2486 3596 λώόην.
2517 3526 2791 3580 Ἥλπισαν
2825 3526 2881 3579 δὲ
2906 3527 3055 3596 ὅμως
3083 3527 3180 3596 τὴν
3212 3527 3480 3595 σφετέραν
3520 3523 3696 3576 καλύ-

2109 3617 2230 3686 ψειν
2254 3618 2524 3681 ἀσέϐειαν,
2551 3620 2599 3670 εί
2624 3621 2690 3688 τῇ
2717 3618 2810 3671 τοῦ
2834 3617 3061 3686 ψεύδους
3087 3616 3296 3688 θηγάνη
3320 3617 3417 3678 τὰς
3442 3615 3696 3682 γλώττας

2111 3709 2230 3763 καθ’
2251 3709 2405 3779 ἡμῶν
2423 3709 2814 3780 παραθήξαιεν.
2855 3709 3072 3779 Ἐπειδὴ
3095 3709 3202 3778 γάρ
3223 3711 3384 3778 ἡμεῖς
3400 3707 3497 3778 τὴν
3523 3705 3696 3758 πάλαι

2111 3798 2577 3854 κατασϐεσθεῖσαν
2632 3800 2843 3870 αἵρεσιν
2886 3798 3291 3869 ἀνανεουμένην
3336 3798 3440 3850 ὑπὸ
3485 3798 3696 3850 τούτων

2111 3893 2368 3964 ὁρῶντες,
2396 3891 2745 3962 διατελοῦμεν
2786 3892 3037 3962 βοῶντες,
3069 3890 3560 3962 διαμαρτυρόμενοι
3596 3891 3697 3942 καὶ

2115 3983 2222 4054 ἰδίᾳ
2257 3982 2350 4034 καὶ
2373 3982 2626 4053 δημοσίᾳ,
2656 3983 2758 4034 κάν
2786 3984 2895 4045 τοῖς
2927 3981 3321 4051 ἀσπαστηρίοις
3354 3981 3543 4044 οἴκοις,
3585 3981 3695 4032 κάν

2111 4077 2221 4136 τοῖς
2252 4073 2415 4136 θείοις
2447 4076 2654 4144 σηκοῖς,
2687 4074 2780 4127 καὶ
2808 4073 2905 4134 τὰς
2934 4073 3074 4127 κατά
3105 4073 3204 4142 τῆς
3237 4072 3474 4134 πίστεως
3506 4071 3694 4140 ἐγχει-

2117 4164 2381 4235 ρουμένας
2437 4163 2723 4226 ἐπιϐουλὰς
2770 4161 3160 4233 ἐξελέγχομενο
3201 4161 3476 4232 λοιδορίας
3530 4160 3694 4230 ἡμῶν

2115 4255 2388 4326 κατέχεον,
2421 4254 2497 4317 ῶς
2526 4254 2619 4307 δύο
2661 4255 3039 4326 κηρυττόντων
3073 4252 3239 4317 υἱούς.
3275 4253 3423 4306 Ἐδει
3453 4252 3509 4305 δὲ
3547 4268 3696 4323 παρ-

2113 4347 2268 4409 όντας
2299 4345 2563 4416 ἐλέγχειν,
2589 4347 2683 4398 καὶ
2713 4347 2786 4416 μὴ
2810 4345 3114 4400 διαϐάλλειν
3147 4345 3407 4407 ἀπόντας.
3438 4337 3596 4397 Οὗτοι
3633 4344 3695 4396 δὲ

2113 4435 2422 4490 τούναντίον
2449 4435 2760 4506 δεδράκασι.
2790 4434 3099 4498 Βασιλικοῖς
3125 4435 3232 4503 γάρ
3261 4434 3408 4504 ἡμᾶς
3436 4435 3501 4504 τῇ
3536 4433 3694 4502 Κύρο

2047 4516 2087 4568 υ
2115 4530 2192 4598 ρῳ
2229 4527 2630 4598 προσδήσαντες
2668 4527 3007 4596 γράμμασιν,
3039 4525 3252 4594 ἐρήμην
3295 4521 3514 4575 δικάσαι
3562 4522 3695 4584 τοὺς

2112 4618 2485 4682 δικαιοτάτους
2531 4619 2848 4687 ἠνάγκασαν
2911 4615 3199 4678 δικαστὰς,
3244 4614 3339 4667 καὶ
3395 4614 3536 4666 κατὰ
3595 4611 3696 4664 τοῦ

2117 4709 2277 4761 πέντε
2317 4709 2412 4760 καὶ
2440 4709 2734 4777 τριάκοντα
2763 4706 3022 4777 σταθμοῖς
3059 4703 3429 4774 ἀφεστηκότος
3461 4701 3559 4772 τὴν
3599 4703 3697 4773 ὀρ-

2115 4798 2347 4869 θοτάτην
2383 4801 2562 4868 ψῆφον
2606 4799 2920 4868 ἐξήνεγκαν.
2959 4797 3144 4853 ¹Τοῦτο
3189 4796 3245 4848 δέ
3282 4795 3405 4848 οὔτε
3437 4793 3698 4864 γοητείαν

2113 4906 2214 4952 τις,
2246 4889 2366 4942 οὗτε
2393 4890 2744 4959 νεκροσυλίαν
2773 4889 3266 4962 κατηγορούμενος,
3300 4889 3400 4940 οὐκ
3429 4885 3698 4956 ἀνδροφό-

2113 4997 2222 5042 νος,
2263 4983 2322 5034 οὺ
2370 4982 2563 5050 γάμων
2613 4981 2893 5044 ἐπίϐουλος
2945 4981 3203 5047 ῦπέμεινε
3245 4977 3487 5031 πώποτε.
3532 4976 3699 5030 Ἀλλὰ

2111 5073 2233 5135 τοῦς
2294 5072 2392 5142 μὲν
2436 5072 2692 5134 δικαστάς
2742 5073 2832 5123 ἐπὶ
2863 5071 2954 5124 τοῦ
2990 5071 3253 5140 παρόντος
3288 5071 3454 5122 ἐάσω.
3491 5064 3694 5135 Ἐγγῦς

2112 5163 2218 5234 γὰρ
2243 5164 2270 5215 ὁ
2297 5164 2517 5232 Κύριος,
2547 5165 2574 5214 ό
2597 5162 2794 5232 κρίνων
2821 5163 2917 5232 τὴν
2939 5160 3259 5230 οἰκουμένην
3293 5161 3350 5211 ἐν
3371 5157 3694 5227 δικαιοσύνῃ

2114 5257 2206 5310 καὶ
2233 5255 2394 5317 λαοὺς
2424 5256 2479 5307 ἐν
2512 5253 2786 5324 εῦθύτητι,
2832 5255 2926 5306 καὶ
2962 5252 3334 5323 πραττόμενος
3362 5250 3592 5312 εὐθύνας
3625 5249 3689 5300 οὗ

2122 5344 2282 5414 μόνον
2324 5343 2584 5412 ῥημάτων
2622 5344 2716 5395 καὶ
2754 5341 3114 5412 πραγμάτων,
3143 5340 3278 5394 ἀλλά
3318 5340 3412 5392 καὶ
3442 5336 3694 5407 πονηρῶν

2117 5434 2539 5503 ἐνθυμημάτων.

2188 5525 2299 5592 Τὴν
2333 5524 2387 5574 δὲ
2429 5523 2804 5593 γεγενημένην
2826 5523 3032 5576 δίκαιον
3057 5519 3208 5593 οἶμαι
3238 5519 3502 5586 διελέγξαι
3537 5535 3694 5571 συκο-

2118 5614 2373 5683 φαντίανε.
2403 5614 2565 5665 Ποίαν
2597 5612 2868 5676 ἀπόδειξιν
2899 5614 3081 5685 ἔχουσι
3105 5611 3199 5665 τοῦ
3226 5611 3317 5664 δύο
3341 5611 3517 5678 λέγειν
3548 5609 3693 5678 ἡμᾶς

1097 5800 1140 5831 ’θ
1168 5801 1356 5856 Matth.
1396 5818 1517 5866 xxv,
1554 5803 1641 5857 2|.
1719 5806 1756 5835 ⁹’
1799 5806 1952 5860 Joan.
1981 5823 2068 5872 xv,
2096 5805 2192 5871 20;
2233 5803 2421 5856 Matth.
2453 5820 2503 5868 χ,
2531 5803 2614 5856 ‘25.
2679 5803 2721 5832 ⁹²
2761 5800 2951 5854 Matth.
2982 5816 3032 5866 χ,
3058 5798 3144 5855 Q6.
3187 5798 3231 5830 ⁹³
3271 5795 3412 5851 Psal.
3450 5807 3569 5859 xcv,
3604 5791 3688 5846 15.
