4072 6418
311 420 453 484 1377

1608 407 1972 469 EPISTOLA
2011 407 2224 468 CXLV.

3456 404 3593 468 1378

310 528 468 592 υίούς
491 544 508 591 ;
533 521 597 579 Εἰ
629 525 728 596 μὲν
757 524 866 595 γάρ
895 523 1005 577 τῶν
1033 521 1310 593 σιγώντων
1339 517 1502 595 ἦμεν,
1526 522 1684 592 ἔσχεν
1703 519 1768 573 ἂν
1798 518 1904 589 χὼ-

2011 516 2153 573 ﬁlios
2187 518 2325 572 duos
2349 518 2653 573 atlirmare?
2686 518 2741 573 Si
2782 520 2931 573 enim
2972 518 3271 575 tacentium
3304 533 3334 573 e
3359 532 3592 574 numero

307 633 417 685 ραν
465 617 592 680 ἴσως
627 617 661 687 ή
693 616 920 685 ὑποψία.
965 613 1184 685 Ἐπειδὴ
1225 615 1281 667 δὲ
1328 614 1487 686 ἔργον
1524 611 1745 681 εἴχομεν
1773 610 1899 672 τοὺς

308 708 458 779 ὑπὲρ
494 707 601 761 τῶν
643 707 1014 761 άποστολικῶν
1050 706 1337 777 δογμάτων
1380 704 1621 775 ἀγῶνας,
1660 705 1753 757 καὶ
1787 705 1899 767 τοῖς

306 799 409 853 τοῦ
437 798 640 869 Κυρίου
676 798 948 867 ποιμνίοις
980 798 1080 868 τὴν
1108 797 1492 868 διδασκαλικὴν
1514 794 1899 866 προσφέρομεν

308 889 476 953 πόαν,
534 888 629 941 καὶ
685 887 824 959 πρὸς
863 886 1073 951 τούτοις
1120 887 1294 941 πέντε.
1329 887 1422 940 καὶ
1452 887 1747 956 τριάκοντα
1776 903 1901 939 συν-

306 977 637 1049 εγράψαμεν
662 977 901 1047 βίϐλους,
928 980 1027 1049 τήν
1051 993 1113 1029 τε
1137 976 1287 1031 θείαν
1315 978 1539 1050 Γραφὴν
1571 977 1898 1051 ἑρμηνεύονο

304 1086 426 1131 τες,
471 1067 567 1122 καὶ
602 1067 664 1121 τὸ
693 1069 801 1121 τῶν
836 1068 1098 1140 αἱρέσεων
1140 1069 1509 1141 διελέγχοντες
1551 1069 1782 1140 ψεῦδος·
1817 1069 1902 1121 εύ-

308 1159 572 1227 έλεγκτος
591 1159 701 1230 ἄρα
732 1160 765 1229 ἠ
795 1160 944 1232 παρὰ
966 1159 1171 1215 τούτοιν
1205 1160 1521 1215 συντεθεῖσα
1556 1158 1896 1237 ψευδολογία.

310 1250 520 1304 Πολλαὶ
573 1250 672 1321 μὲν
731 1250 842 1322 γάρ
891 1252 1177 1325 ἀκροατῶν
1230 1254 1493 1325 μυριάδες
1534 1253 1901 1325 μαρτυροῦσιν

307 1340 449 1410 ἡμῖν
475 1338 573 1410 τὴν
607 1339 717 1392 τῶν
734 1339 1403 1413 εὐαγγελικῶνδογμάτων
1437 1338 1903 1411 πεπρεσϐευκόσιν

305 1431 593 1502 ἀλήθειαν.
627 1431 918 1501 Πρόκειται
936 1431 995 1486 δὲ
1018 1434 1112 1486 καὶ
1136 1431 1206 1486 τὰ
1227 1432 1634 1503 συγγράμματα
1656 1432 1768 1494 τοῖς
1781 1429 1906 1501 βου-

302 1520 559 1593 λομένοις
580 1522 662 1586 εἰς
691 1520 944 1593 βάσανον.
982 1522 1056 1576 Ού
1090 1522 1201 1593 γὰρ
1224 1523 1363 1593 ὑπὲρ
1388 1521 1576 1584 δυάδος
1604 1521 1757 1584 υίών,
1788 1519 1902 1574 ἀλλ’

304 1613 456 1682 ὑπὲρ
470 1611 565 1665 τοῦ
582 1610 904 1683 μονογενοῦς
916 1611 1047 1666 Υίοῦ
1063 1612 1157 1664 τοῦ
1174 1611 1331 1676 Θεοῦ,
1350 1611 1445 1665 καὶ
1464 1610 1901 1683 πρὸςἝλληνας,

306 1707 410 1757 καὶ
449 1705 585 1774 πρὸς
631 1703 936 1769 Ἰουδαίους,
988 1702 1245 1774 καὶπρὸς
1268 1703 1395 1766 τοὺς
1427 1702 1528 1774 τὴν
1550 1702 1761 1777 Ἀρείου
1807 1702 1903 1755 καὶ

303 1795 580 1866 Εὐνομίαν
629 1795 783 1849 νόσον
830 1794 1268 1866 είσδεξαμένους,
1304 1794 1401 1847 καὶ
1444 1793 1581 1864 πρὸς
1632 1793 1758 1857 τοὺς
1802 1792 1901 1863 τὴν

317 1886 702 1959 ’Δπολιναρίου
733 1886 1161 1960 φρενοϐλάϐειαν
1186 1884 1623 1956 ἀσπαζομένους,
1652 1881 1748 1939 κάι
1778 1886 1900 1953 μέν·
1930 1873 1974 1929 Β

303 1995 395 2032 τοι
428 1978 524 2032 καὶ
551 1977 686 2050 πρὸς
708 1979 832 2041 τοὺς
862 1980 928 2050 τῇ
963 1977 1291 2050 Μαρκίωνος
1320 1975 1572 2047 σηπεδόνι
1597 1976 1899 2047 κατεχομέ-

304 2087 438 2133 νους
490 2068 886 2139 ἀγωνιζόμενοι
943 2068 1422 2138 διατετελέκαμεν,
1462 2066 1732 2136 Ἕλληνας
1799 2067 1898 2133 μὲν

306 2157 616 2223 πείθοντες,
652 2159 732 2212 ὅτι
760 2159 922 2222 αὐτός
951 2159 1100 2212 ἐστιν
1133 2162 1162 2213 ὁ
1186 2157 1298 2212 τῶν
1329 2158 1588 2212 ἁπάντων
1618 2160 1899 2231 Δημιουρ-

305 2250 430 2320 γδς,
463 2252 493 2304 ὁ
518 2250 612 2304 τοῦ
641 2250 730 2305 ἀεὶ
758 2251 916 2316 ὄντος
956 2250 1094 2305 Θεοῦ
1120 2251 1390 2316 συνατδιος
1415 2251 1564 2316 Υίός’
1613 2250 1899 2316 Ἰουδαίους

302 2341 391 2411 δὲ,
430 2342 513 2396 ὅτι
561 2344 691 2413 περὶ
716 2342 882 2397 αὐτοῦ
908 2344 1007 2408 τὰς
1042 2344 1379 2414 προρρήσεις
1401 2345 1451 2397 οἱ
1487 2345 1765 2416 προφῆται
1799 2358 1903 2395 πε-

305 2433 572 2507 ποίηνται
593 2451 608 2466 θ
632 2435 760 2498 τοὺς
788 2433 845 2488 δὲ
879 2434 1088 2506 Ἀρείου
1110 2436 1205 2489 καὶ
1220 2435 1486 2507 Εὐνομίου
1509 2434 1896 2506 κληρονόμους,

303 2530 397 2584 ὃτι
429 2529 524 2583 τοῦ
553 2529 769 2601 Πατρὸς
794 2530 1106 2600 ὁμοούσιοςν,
1133 2530 1395 2601 ὁμότιμος
1431 2547 1491 2584 τε
1520 2529 1616 2583 καὶ
1656 2528 1901 2583 ίσοδύνα-

308 2639 438 2693 μσς·
466 2621 593 2687 τοὺς
621 2623 678 2676 δὲ
701 2624 802 2694 τῆς
834 2624 946 2695 (Η)
977 2623 1306 2696 Μαρκίωνος
1335 2623 1534 2694 λύττης
1568 2621 1902 2692 μετεσχηκό-

303 2732 435 2779 τας,
459 2716 543 2769 ὃτι
565 2716 666 2769 οὐκ
688 2715 892 2782 ἀγαθός
917 2717 1033 2769 ἐστι
1061 2716 1242 2787 μόνον,
1272 2714 1407 2770 άλλὰ
1433 2715 1526 2769 καὶ
1545 2714 1773 2777 δίκαιοςο
1800 2714 1901 2766 οὐκ

305 2806 631 2877 ἀλλοτρίων,
690 2806 833 2861 κατὰ
887 2807 978 2861 τὸν
1012 2807 1237 2861 ἐκείνων
1283 2806 1472 2878 μῦθον,
1524 2806 1639 2860 ἀλλ’
1684 2805 1901 2859 οἰκείων

307 2899 641 2969 ποιημάτων
684 2899 898 2972 Σωτήρ.
942 2899 1057 2953 Καὶ
1100 2898 1436 2966 ἁπαξαπλῶς
1491 2898 1630 2969 πρὸς
1688 2897 1902 2969 αἵρεσιν

308 2991 554 3062 ἑκάστην
571 2990 985 3063 διαμαχόμενοι,
998 2992 1089 3045 τὸν
1112 2993 1209 3045 ἕνα
1234 2994 1561 3063 προσκυνεῖν
1583 2990 1904 3063 παρεγγυῶ-

310 3097 420 3151 μεν
449 3080 600 3135 Υίόν.

387 3173 501 3227 Καὶ
534 3174 587 3227 τί
624 3173 707 3227 δεῖ
743 3174 1140 3244 μακρηγορεῖν,
1173 3171 1295 3240 ἐξὸν
1323 3173 1604 3244 συντόμως
1632 3172 1903 3240 διελέγξαι

307 3264 378 3318 τδ
399 3263 630 3334 ψεῦδος;
659 3265 799 3327 Τοὺς
826 3265 934 3336 γὰρ
961 3263 1084 3319 καθ’
1117 3265 1349 3317 ἕκαστον
1390 3264 1511 3327 ἐτος
1544 3263 1621 3334 τῷ
1658 3264 1909 3335 παναγίῳ

313 3355 650 3427 προσιόντας
693 3355 1052 3427 βαπτίσματι,
1088 3355 1189 3426 τὴν
1232 3354 1549 3409 ὲκτεθεῖσαν
1598 3356 1658 3408 ἐν
1700 3354 1909 3427 Νικαίᾳ

318 3449 476 3519 παρὰ
505 3448 615 3503 τῶν
647 3448 821 3517 ἁγίων
852 3448 949 3502 καὶ
985 3447 1276 3518 μακαρίων
1312 3446 1575 3517 Πατέρων
1612 3447 1793 3500 πίστιν
1818 3448 1909 3500 ὲκ-

315 3537 621 3609 μανθάνειν
685 3535 1214 3608 παρασκευάζομεν·
1266 3536 1361 3589 καὶ
1413 3535 1908 3605 μυσταγωγοῦντες

313 3630 519 3693 αὐτοὺς
554 3630 632 3692 ὡς
660 3626 1135 3700 προσετάχθημεν,
1170 3625 1506 3697 βαπτίζομεν
1538 3629 1618 3690 είς
1643 3628 1704 3682 τὸ
1735 3626 1908 3697 ὄνομα

310 3720 410 3773 τοῦ
444 3719 678 3792 Πατρὸς,
711 3720 807 3774 καὶ
834 3719 929 3772 τοῦ
960 3717 1111 3782 Υἰοῦ,
1137 3719 1234 3772 καὶ
1260 3717 1355 3771 τοῦ
1379 3718 1539 3786 ἁγίου
1568 3719 1906 3791 Πνεύματος,

311 3813 516 3876 ἑνικῶς
539 3811 777 3882 εκάστην
801 3810 1175 3883 προσηγορίαν
1197 3811 1615 3882 προσφέροντες.
1646 3810 1759 3863 Καὶ
1778 3810 1910 3880 μέν·

310 3922 400 3958 τοι
439 3904 536 3958 καὶ
576 3904 677 3967 τὰς
710 3903 862 3967 θείας
897 3902 1240 3974 λειτουργίας
1292 3904 1350 3954 ὲν
1379 3903 1498 3965 ταῖς
1558 3901 1910 3972 Ἐκκλησίαις

317 3994 718 4058 ἐπιτελοῦντες,
783 3994 879 4048 καὶ
942 3993 1219 4064 ἀρχούσης
1285 3992 1377 4045 καὶ
1432 3990 1709 4062 ληγούσης
1766 3990 1908 4061 ἡμέ-

319 4105 422 4159 ρας
452 4088 585 4158 (12),
618 4088 712 4140 καὶ
740 4087 909 4158 αὐτὴν
937 4085 997 4138 δὲ
1022 4086 1122 4156 τὴν
1147 4085 1361 4156 ἡμέραν
1392 4083 1532 4137 κατὰ
1558 4083 1909 4155 τριτημόριον

310 4180 654 4252 διαιροῦντες
679 4179 978 4249 δοξάζομεν
1007 4177 1098 4230 τὸν
1120 4175 1362 4247 Πατέρα,
1398 4175 1491 4229 καὶ⁵
1521 4175 1612 4229 τὸν
1643 4176 1792 4241 Υίὸν,
1817 4178 1908 4230 καὶ

311 4273 378 4326 τὸ
411 4273 565 4340 ἅγιον
608 4270 852 4341 Πνεῦμα.
893 4271 956 4322 Ei
993 4269 1051 4321 δὲ
1087 4267 1180 4322 δύο
1217 4268 1366 4331 υἱοὺς
1395 4268 1539 4321 κατὰ
1570 4266 1669 4338 τὴν
1701 4268 1907 4321 τούτων

316 4363 688 4431 συκοφαντίαν
733 4361 1132 4432 πρεσῦεύομεν,
1176 4360 1297 4413 τίνα
1325 4357 1621 4429 δοξάζομεν
1648 4397 1663 4421 ,
1697 4359 1820 4412 τίνα
1849 4358 1906 4412 δὲ

313 4453 729 4525 άπροσκύνητον
763 4452 1200 4521 καταλείπομεν;
1237 4450 1449 4513 Μανίας
1503 4449 1612 4520 γάρ
1647 4450 1905 4522 ἐσχάτης,

2000 627 2268 677 essemus,
2332 614 2563 669 haberet
2620 616 2802 670 locum
2864 616 3100 670 fortasse
3150 616 3416 686 suspicio.
3452 617 3592 670 Cum

2002 718 2134 759 vero
2157 704 2313 760 labor
2343 705 2434 760 hic
2455 715 2643 761 noster
2671 706 2857 773 fuerit,
2887 722 2989 777 pro
3019 706 3339 777 apostolicis
3369 707 3593 779 dogma-

2003 798 2154 853 tibus
2180 798 2487 866 decertare,
2524 799 2896 871 gregibusque
2936 800 3153 856 Domini
3185 801 3454 856 doctrina:
3498 818 3595 872 pa-

2002 888 2195 944 bulum
2236 892 2501 961 praabere,
2538 892 2708 947 libros
2740 892 2930 948 adhaec
2963 893 3207 963 quinque
3252 901 3309 947 et
3364 894 3592 964 triginta

2002 983 2523 1052 conscripserimus,
2549 983 2749 1053 partim
2784 983 3125 1054 Scripturam
3158 983 3400 1038 divinam
3422 999 3583 1054 expo-

2004 1081 2221 1137 nentes,
2268 1073 2468 1142 partim
2516 1072 2815 1153 baaresiupi
2856 1073 3166 1129 falsitatem
3218 1074 3589 1139 confutantes,

2002 1161 2153 1217 nullo
2198 1163 2414 1236 1246
2450 1165 2643 1234 utique
2672 1165 2897 1236 negotio
2941 1163 3172 1220 istorum
3208 1163 3474 1218 orationis
3498 1178 3594 1217 va-

2004 1254 2149 1310 nitas
2175 1257 2504 1311 revincitur.
2531 1256 2715 1312 Multae
2737 1256 3011 1327 siquidem
3042 1255 3356 1310 auditorum
3388 1254 3592 1325 myria-

2004 1340 2103 1397 des
2128 1351 2299 1400 testes
2339 1353 2491 1412 sunt,
2533 1360 2638 1399 nos
2675 1344 3124 1417 evangelicorum
3163 1344 3478 1406 dogmatum
3500 1356 3596 1395 ve-

2004 1434 2225 1490 ritatem
2248 1434 2543 1514 tradidisse
2569 1453 2582 1488 :
2611 1444 2813 1506 praesto
2838 1444 2967 1490 sunt
2990 1443 3047 1490 et
3067 1433 3380 1503 conscripta
3402 1446 3592 1502 opera,

2005 1535 2066 1582 ut
2088 1529 2377 1599 explorent
2401 1530 2496 1600 qui
2526 1529 2719 1584 velint.
2747 1528 2871 1583 Non
2890 1528 3041 1583 enim
3071 1542 3175 1597 pro
3204 1525 3333 1580 ﬁliis
3354 1524 3594 1589 duobus,

2004 1622 2100 1677 sed
2136 1638 2237 1692 pro
2288 1623 2573 1695 unigenito
2604 1623 2704 1678 Dei
2744 1622 2904 1688 Filio,
2935 1630 2993 1676 et
3031 1627 3226 1677 contra
3264 1619 3505 1685 Graecos,
3541 1626 3599 1673 et

2004 1722 2198 1767 contra
2269 1713 2528 1780 Iudaeos,
2586 1724 2642 1769 et
2696 1719 2890 1767 contra
2940 1712 3057 1766 Arii
3119 1718 3285 1781 atque
3336 1707 3596 1764 Eunomii

2004 1805 2200 1861 morbo
2243 1806 2579 1873 laborantes,
2632 1813 2691 1861 et
2732 1811 2929 1860 contra
2973 1820 3070 1859 eos
3128 1803 3224 1873 qui
3264 1799 3596 1872 Apollinarii

2004 1899 2303 1953 amentiam
2348 1907 2651 1965 sectantur,
2703 1899 2791 1954 vel
2842 1897 2939 1968 qui
2985 1896 3280 1952 Marcionis
3310 1894 3436 1949 tabe
3474 1909 3601 1948 cor-

2005 1990 2152 2059 repti
2201 1998 2352 2054 sunt,
2397 1998 2611 2046 certare.
2668 2006 2949 2062 nunquam
3004 1988 3340 2049 destitimus.
3393 1985 3599 2041 Graecis

2004 2079 2231 2150 quidem
2283 2081 2687 2151 persuadentes
2730 2082 2910 2152 ipsum
2950 2096 3070 2137 esse
3109 2079 3357 2133 omnium
3406 2091 3597 2131 rerum

2005 2169 2386 2238 Conditorem,
2431 2173 2756 2243 sempiterni
2818 2174 2916 2228 Dei
2975 2171 3172 2227 Filium
3218 2177 3596 2233 coaeternum;

2005 2261 2210 2317 Iudaeis
2250 2272 2458 2330 autem,
2483 2263 2553 2319 de
2599 2265 2696 2319 illo
2739 2263 2896 2319 edita
2921 2279 3042 2319 esse
3072 2261 3335 2317 vaticinia
3358 2258 3602 2330 prophe-

2009 2362 2221 2421 tarum;
2266 2354 2382 2410 Arii
2416 2356 2791 2425 Eunomiique
2828 2354 3166 2419 haeredibus,
3200 2352 3448 2424 ejusdem
3474 2364 3599 2405 esse

2008 2460 2135 2499 cum
2163 2445 2326 2500 Patre
2369 2446 2716 2511 substantiae,
2740 2445 3103 2517 ejusdemque
3137 2443 3364 2498 honoris
3402 2449 3459 2496 et
3499 2457 3600 2512 po-

2007 2535 2228 2601 tentias;
2255 2534 2552 2590 Marcionis
2574 2535 2764 2590 furore
2796 2533 3223 2600 insanientibus,
3246 2548 3359 2586 non
3387 2532 3593 2586 bonum

2009 2637 2222 2683 tantum
2252 2642 2395 2695 esse,
2424 2643 2622 2681 verum
2655 2626 2822 2681 etiam
2857 2628 3095 2697 justum,
3125 2640 3237 2678 non
3264 2624 3591 2684 alienorum,

2007 2726 2070 2772 ut
2090 2718 2194 2787 ipsi
2225 2717 2569 2783 fabulantur,
2597 2718 2613 2736 ’
2635 2714 2733 2769 sed
2759 2730 2986 2769 suorum
3013 2714 3189 2783 ipsius
3222 2727 3451 2782 operum
3478 2710 3601 2766 Sal-

2006 2819 2275 2862 vatorem.
2311 2809 2513 2878 Atque,
2564 2817 2627 2861 ut
2671 2807 2842 2862 semel
2879 2806 3080 2871 dicam,
3109 2803 3377 2858 adversus
3403 2816 3599 2873 quam-

2008 2896 2146 2953 libet
2167 2896 2404 2952 hazresin
2432 2896 2786 2961 dimicantes,
2827 2910 2998 2949 unum
3030 2894 3229 2949 Filium
3255 2891 3599 2949 adorandum

2009 3002 2318 3041 monemus.

2084 3168 2153 3222 Et
2200 3166 2336 3238 quid
2381 3166 2546 3236 longa
2588 3165 2839 3220 oratione
2876 3165 2957 3219 uti
2994 3179 3134 3234 opus
3159 3172 3263 3228 est,
3304 3179 3429 3218 cum
3463 3180 3603 3235 pau-

1936 3228 1978 3286 C
2013 3258 2094 3313 cis
2124 3228 2769 3312 mendacium'refellere
2814 3228 3164 3310 liceat?-Eos
3214 3252 3366 3308 enim
3397 3228 3493 3324 qui
3526 3256 3597 3310 ad

2011 3356 2427 3407 sacrosanctum
2487 3344 2765 3416 baptisma
2825 3345 3058 3417 singulis
3099 3345 3260 3399 annis
3304 3346 3598 3411 accedunt,

2011 3442 2175 3497 ﬁdem
2203 3441 2397 3496 Nicaeae
2417 3454 2447 3494 a
2476 3437 2685 3494 sanctis
2714 3436 2975 3492 Patribus
3007 3437 3316 3506 expositam
3347 3437 3600 3492 ediscere

2004 3533 2267 3604 jubemus
2303 3549 2316 3583 :
2351 3540 2406 3585 et
2445 3529 2803 3583 instituentes
2844 3543 2962 3593 eos,
3013 3527 3158 3582 sicut
3202 3529 3340 3598 jussi
3384 3530 3598 3592 sumus,

2010 3625 2359 3696 baptizamus
2408 3623 2464 3677 in
2520 3621 2745 3675 nomine
2785 3619 2967 3674 Patris
3017 3626 3075 3672 et
3132 3619 3255 3674 Filii
3283 3618 3600 3689 etSpiritus

2011 3715 2209 3781 sancti,
2244 3711 2602 3784 singulariter
2622 3708 3061 3780 unumquodque
3087 3725 3289 3765 nomen
3314 3708 3602 3779 proferen-

2009 3814 2114 3860 tes.
2143 3804 2289 3872 Quin
2325 3812 2380 3857 et
2411 3819 2601 3858 sacras
2631 3801 2889 3872 liturgias
2921 3801 2977 3855 in
3014 3801 3281 3857 Ecclesiis
3308 3800 3598 3862 obeuntes,

2011 3908 2127 3953 tum
2188 3898 2417 3952 ineunte
2474 3892 2687 3966 1247
2724 3892 2836 3959 die,
2871 3902 2992 3947 tum
3044 3892 3355 3961 desinente,
3405 3893 3500 3949 sed
3545 3903 3602 3947 ct

2009 3991 2158 4046 diem
2189 3973 2369 4060 ipsum
2403 3989 2460 4042 in
2504 3988 2727 4042 tertiam
2770 3995 2988 4056 partem
3027 3987 3361 4053 dividentes,
3388 3988 3598 4058 gloriﬁ-

2008 4098 2201 4139 camus
2266 4083 2482 4135 Patrem
2536 4088 2593 4133 et
2640 4078 2842 4132 Filium
2887 4086 2944 4132 et
3006 4087 3256 4132 sanctum
3307 4077 3600 4149 Spiritum.

2007 4171 2164 4238 Quod
2190 4171 2236 4226 si
2266 4171 2406 4224 duos
2432 4169 2595 4233 ﬁlios,
2622 4177 2684 4223 ut
2730 4168 2820 4223 isti
2864 4169 3296 4233 calumniantur,
3328 4169 3582 4238 praedica-

2008 4277 2153 4327 mus,
2191 4275 2489 4330 quemnam
2546 4258 2962 4329 gloriﬁcamus,
3009 4268 3104 4313 aut
3144 4274 3439 4329 quemnam
3479 4260 3600 4315 sine

2007 4352 2327 4409 adoratione
2355 4349 2758 4420 relinquimus?
2791 4350 3067 4407 Extrema;
3109 4364 3350 4419 namque
3373 4358 3461 4406 est
3496 4350 3597 4405 de-

2007 4445 2250 4509 mentiae,
2292 4443 2434 4498 duos
2479 4442 2708 4511 quidem
2736 4441 2967 4498 credere
3008 4441 3154 4501 ﬁlios
3199 4456 3345 4509 esse,
3396 4451 3454 4498 et
3498 4445 3599 4498 uni

309 4545 410 4599 δύο
446 4544 545 4615 μὲν
569 4540 710 4599 εἶναι
744 4543 1024 4597 πιστεύειν
1053 4544 1222 4607 υἱοὺς,
1254 4542 1335 4594 ἐνὶ
1362 4541 1419 4595 δὲ
1454 4543 1601 4612 μόνῳ
1636 4541 1734 4613 τὴν
1756 4542 1905 4608 δοξο-

2010 4537 2277 4592 duntaxat
2334 4533 2567 4605 gloriam
2612 4532 2899 4589 exhibere.
2949 4533 3084 4600 Quis
3127 4547 3296 4604 porro
3329 4533 3468 4589 adeo
3514 4545 3602 4590 est

313 4629 505 4698 λογίαν
540 4632 892 4703 προσφέρειν.
935 4631 1031 4695 Τίς
1078 4630 1137 4683 δὲ
1181 4629 1354 4694 οὕτως
1403 4630 1791 4702 ἐμϐρόντητος,
1827 4633 1905 4697 ὡς

315 4721 410 4776 τοῦ
436 4722 582 4776 θείου
609 4722 825 4777 Παύλου
852 4721 1082 4793 βοῶντος
1107 4720 1344 4775 άκούων’
1373 4740 1392 4774 ι
1425 4717 1521 4786 Εἷς
1550 4721 1775 4795 Κύριος,
1806 4724 1904 4793 μία

317 4814 525 4879 πίστις,
548 4815 608 4867 ἓν
633 4814 940 4884 βάπτισμα·
979 4834 999 4865 ι
1030 4815 1125 4867 καὶ
1153 4815 1334 4869 πάλιν
1370 4832 1390 4866 ι
1422 4809 1519 4878 Εἷς
1545 4813 1750 4885 Κύριος
1795 4815 1905 4886 Ἰη-

239 4940 249 4946 -
320 4907 447 4971 σοῦς
507 4907 764 4977 Χριστὸς,
803 4908 870 4961 δι’
911 4901 972 4962 οὗ
1014 4907 1084 4962 τὰ
1116 4908 1329 4961 πάντα·
1371 4926 1390 4959 ι
1421 4906 1904 4979 άντινομοθετῆσαι

316 5003 388 5072 τῇ
425 4999 746 5070 διδασκαλίᾳ
777 4999 872 5053 τοῦ
912 4999 1254 5070 Πνεύματος,
1289 5001 1383 5052 καὶ⁸
1407 4999 1531 5069 διχῆ
1581 4999 1674 5053 τὸν
1702 5000 1798 5053 ἕνα
1824 5016 1914 5053 τε-

321 5094 477 5162 μεῖνς
520 5088 684 5143 Ἀλλὰ
731 5090 843 5160 γὰρ
898 5090 1077 5161 μάτην
1110 5088 1406 5158 ἀδολεσχῶ.
1444 5089 1579 5142 Οὐδὲ
1624 5089 1733 5160 γὰρ
1764 5082 1913 5143 οὗτοι

321 5180 489 5249 φάναι
511 5178 777 5249 τολμῶσι,
805 5182 900 5233 καὶ
917 5178 1092 5234 ταῦτα
1112 5177 1191 5249 τῷ
1207 5178 1393 5249 ψεύδει
1415 5178 1905 5250 συντεθραμμένοι,

318 5270 397 5334 ὡς
446 5270 621 5324 ταῦτα
657 5270 925 5339 λεγόντων
974 5270 1132 5342 ἡμῶν
1175 5269 1445 5348 ἀκηκόασι
1494 5269 1738 5323 πώποτεο
1772 5269 1907 5324 ἀλλὰ

192 5381 207 5394 ο
317 5361 399 5432 τῷ
430 5361 531 5426 τὰς
554 5361 650 5415 δύο
679 5362 872 5430 φύσεις
901 5361 1187 5432 ὁμολογεῖν
1223 5361 1316 5414 τοῦ
1347 5361 1618 5413 Δεσπότου
1648 5360 1908 5430 Χριστοῦ,

317 5452 415 5511 δύο
431 5453 650 5522 λέγουσι
673 5452 964 5525 κηρύττειν
986 5453 1156 5516 υίούς.
1186 5452 1294 5505 Ka‘t
1317 5451 1546 5505 συνιδεῖν
1578 5452 1679 5506 οὐκ
1698 5451 1912 5506 ὲοέλου-

391 5606 442 5642 ⁸⁸
475 5607 682 5679 Ephes.
731 5626 807 5677 IV,
839 5610 893 5666 5.
970 5609 1017 5643 "
1054 5609 1077 5664 Ι
1104 5608 1233 5665 Cor.
1262 5624 1377 5674 vni,
1406 5608 1459 5662 6.

454 5770 509 5850 ξ)
540 5767 637 5850 §ic
655 5768 828 5850 Neap.
859 5783 961 5839 pro
986 5764 1413 5850 yoﬁ‘Si‘rmondi.

2012 4644 2229 4694 vecors,
2285 4638 2347 4684 ut
2400 4630 2632 4684 Paulum
2690 4629 3019 4683 clamantem
3075 4626 3310 4682 audiens
3347 4645 3361 4680 :
3395 4647 3413 4678 ι
3445 4626 3602 4686 Unus

2014 4722 2302 4789 Dominus,
2330 4738 2439 4778 una
2470 4721 2626 4787 ﬁdes,
2656 4735 2830 4775 unum
2856 4716 3212 4788 baptisma";
3239 4724 3333 4774 iet
3363 4717 3599 4773 iterum:

2021 4835 2039 4868 ι
2062 4817 2215 4872 Unus
2237 4816 2504 4873 Dominus
2517 4814 2678 4870 Jesus
2700 4811 3086 4881 Christus,per
3100 4825 3266 4881 quem
3286 4809 3471 4865 omnia
3484 4810 3552 4873 ",
3579 4829 3595 4861 ι

2014 4909 2349 4964 contrariam
2379 4907 2649 4963 doctrinae
2687 4903 2932 4975 Spiritus
2959 4903 3135 4974 legem
3167 4908 3393 4967 statuat,
3421 4909 3478 4956 et
3515 4899 3604 4955 bi»

2011 5000 2205 5054 fariam
2243 5016 2414 5054 unum
2449 4997 2703 5053 dividat?
2748 4997 2953 5051 Verum
3004 5010 3107 5066 ego
3148 4993 3356 5049 frustra
3390 4993 3605 5064 longior

2013 5105 2156 5145 sum.
2196 5089 2334 5144 Nam
2364 5105 2432 5144 ne
2469 5089 2573 5159 ipsi
2605 5087 2856 5157 quidem,
2891 5088 3023 5141 licet
3048 5084 3256 5141 assueti
3290 5084 3601 5148 mendacio,

2015 5178 2203 5233 dicere
2242 5178 2453 5233 audent
2498 5178 2605 5232 ista
2644 5192 2703 5231 se
2755 5192 3003 5248 unquam
3056 5191 3126 5231 ex
3154 5191 3253 5231 ore
3279 5183 3472 5229 nostro
3501 5189 3602 5227 au-

2015 5269 2185 5324 diisse
2214 5286 2228 5322 :
2265 5269 2360 5323 sed
2386 5268 2516 5338 quia
2539 5268 2746 5323 Christi
2765 5269 2983 5324 Domini
3009 5267 3149 5323 duas
3179 5273 3407 5321 naturas
3427 5262 3601 5319 conﬁ-

2020 5371 2222 5424 temur,
2250 5360 2376 5415 ideo
2413 5360 2554 5415 ﬁlios
2594 5360 2735 5416 duos
2770 5360 3043 5415 afﬁrmare
3073 5358 3245 5413 aiunt.
3281 5355 3394 5410 Nec
3424 5353 3604 5409 anim-

2021 5453 2312 5508 advertere
2340 5451 2534 5508 volunt
2572 5453 2857 5511 hominem
2905 5459 3357 5519 unumquemque
3392 5452 3450 5504 et
3490 5442 3606 5496 ani-

3500 5747 3543 5771 *Ἶιι

394 5832 507 5913 (19.)
539 5839 712 5911 Neap.
739 5832 1072 5896 Sirniondus
1100 5836 1338 5892 habebat
1364 5835 1728 5908 ξὰρχομένης,
1771 5852 1824 5889 κ.
1859 5832 1908 5885 λ.
1948 5833 2048 5905 τῆς
2077 5834 2174 5902 ἡμ.
