4072 6422
489 357 630 420 1379

1481 354 1965 415 THEODORETI
2005 353 2343 412 EPISCOPI
2372 350 2746 410 'CYRENSIS

3607 347 3745 411 1380

485 481 632 521 mam
695 464 897 520 habere
949 464 1332 527 immortalem,
1385 471 1441 517 et
1487 478 1690 532 corpus
1748 463 1911 516 morti
1963 461 2057 515 oli-

2169 479 2272 525 σιν,
2302 463 2378 524 ὡς
2409 459 2515 512 τῶν
2541 457 2841 529 ἀνθρώπων
2867 456 3097 518 ἕκαστος
3136 457 3230 509 καὶ
3259 456 3438 529 ψυχὴν
3475 458 3748 512 ἀθάνατον

486 558 738 622 noxium,
765 557 1154 626 neminemque
1203 555 1271 610 ad
1304 556 1452 610 hunc
1499 554 1648 609 diem
1688 554 1939 624 reperiri,
1965 553 2059 624 qui

485 645 718 702 Paulum
765 645 904 698 duos
931 644 1130 698 Paulos
1163 644 1434 708 nominet,
1461 643 1591 713 quia
1624 642 1861 696 animam
1895 643 2062 695 haliet

484 746 543 790 ct
598 748 820 802 corpus,
855 738 951 784 aut
996 731 1218 785 Petrum
1255 731 1397 786 duos
1434 731 1648 795 Petros,
1691 739 1786 783 aut
1819 729 2063 784 Abraha-

486 839 660 887 mum,
708 830 803 876 aut
856 820 1127 874 Adamum
1175 839 1188 874 :
1234 821 1332 876 sed
1386 831 1712 874 naturarum
1763 819 2062 874 discrimen

485 924 692 973 norunt
714 929 926 976 omnes,
962 913 1101 967 duos
1128 929 1260 968 vero
1299 913 1501 967 Paulos
1524 914 1618 982 qui
1655 927 1799 966 unus
1833 920 1917 965 est
1953 927 2062 966 non

486 1007 702 1062 dicunt.
732 1003 825 1057 Sic
848 1018 978 1072 ergo
1005 1009 1061 1054 et
1084 1001 1375 1055 Dominum
1395 1001 1580 1054 Jesum
1606 998 1908 1062 Christum,
1936 998 2061 1050 uni-

484 1097 733 1168 genitum
759 1093 858 1147 Dei
908 1092 1129 1157 Filium,
1162 1091 1441 1146 hominem
1479 1091 1681 1144 factum
1715 1089 1886 1144 Deum
1923 1088 2060 1144 Ver-

487 1190 639 1251 bum,
679 1196 736 1242 et
762 1185 962 1240 Filium
999 1183 1097 1239 Dei
1120 1191 1177 1238 et
1200 1183 1400 1238 Filium
1431 1181 1670 1237 hominis
1697 1179 2058 1250 appellantes,

485 1281 630 1336 sicut
669 1278 852 1332 edocti
899 1292 930 1331 a
968 1276 1156 1330 divina
1201 1275 1486 1345 Scriptura
1533 1286 1744 1331 sumus,
1780 1268 2063 1338 haudqua-

484 1386 650 1440 quam
672 1368 813 1426 duos
854 1366 995 1420 ﬁlios
1029 1365 1284 1430 dicimus,
1316 1363 1412 1417 sed
1440 1360 1748 1417 divinitatis
1777 1367 1834 1413 et
1865 1358 2061 1412 huma-

485 1458 676 1516 nitatis
709 1455 1077 1527 proprietates
1103 1453 1450 1508 confitemur.
1495 1452 1591 1505 lsti
1620 1465 1752 1505 vero
1793 1464 1861 1503 ex
1901 1448 2062 1503 nobis

485 1556 821 1618 assumptam
878 1553 1143 1616 negantes
1183 1553 1461 1610 naturam,
1505 1559 1648 1614 aegre
1695 1535 1881 1597 ferifnt
1933 1557 2060 1596 cum

486 1639 602 1694 haec
631 1639 863 1694 audiunt
895 1637 1110 1709 1248
1143 1652 1174 1690 a
1212 1636 1392 1691 nobis.

550 1821 662 1874 Nos
690 1835 855 1890 porro
886 1817 1159 1876 undenam
1205 1817 1541 1887 impietatem
1581 1816 1742 1870 istam
1771 1815 2059 1872 hauserint
2092 1802 2132 1864 Β

482 1922 703 1982 oportet
747 1913 1146 1966 demonstrare.
1180 1911 1314 1965 Nam
1365 1911 1555 1964 Simon
1587 1909 1830 1980 quidem,
1858 1919 1914 1963 et
1950 1909 2061 1964 Mc-

481 2001 716 2065 nander,
756 1999 972 2056 Cerdon
1016 2007 1072 2053 et
1111 2003 1127 2018 ‘
1161 1999 1403 2054 Marcion
1447 1999 1671 2070 penitus
1715 2008 1917 2070 negant
1971 2001 2058 2054 in-

482 2093 878 2157 carnationem,
913 2090 1365 2160 nativitatemque
1422 2107 1490 2144 ex
1542 2091 1764 2160 Virgine
1819 2091 2059 2146 fabulam

480 2186 702 2242 vocant.
748 2186 1072 2241 Valentinus
1119 2192 1322 2247 autem,
1367 2192 1423 2237 et
1451 2183 1740 2250 Basilides,
1770 2194 1826 2238 et
1851 2184 2058 2239 Barde-

481 2295 662 2343 sanes,
689 2287 745 2333 et
775 2279 1126 2339 Harmonius,
1185 2284 1242 2331 ct
1289 2275 1383 2347 qui
1429 2275 1675 2348 ejusdem
1721 2284 1849 2329 sunt
1893 2287 2056 2346 nota},

481 2369 722 2440 Virginis
769 2368 991 2438 quidem
1046 2368 1460 2436 conceptionem
1499 2373 1555 2420 et
1598 2375 1816 2436 partum
1857 2367 2058 2420 admit-

480 2469 626 2525 tunt,
661 2461 756 2514 sed
797 2460 935 2514 nihil
979 2476 1046 2514 ex
1076 2459 1295 2530 Virgine
1330 2458 1692 2529 assumpsisse
1721 2460 1894 2514 Deum
1926 2459 2060 2514 Ver-

480 2551 612 2606 bum
648 2551 881 2606 dicunt:
910 2568 1008 2622 per
1044 2567 1165 2607 eam
1199 2558 1410 2605 tantum
1455 2550 1614 2623 quasi
1670 2567 1770 2619 per
1811 2552 2056 2605 canalem

477 2642 769 2712 quemdam
795 2642 1096 2714 traiecisse,
1121 2641 1549 2711 hominibusque
1563 2640 1903 2710 apparuisse,
1931 2657 2054 2695 cum

477 2734 717 2802 speciem
742 2734 912 2788 solam
951 2733 1204 2797 referret,
1227 2741 1393 2803 atque
1420 2732 1586 2786 homo
1611 2748 1730 2788 esse
1751 2732 2054 2798 videretur,

476 2822 944 2892 quemadmodum
1001 2821 1158 2876 visus
1199 2828 1285 2875 est
1336 2820 1650 2875 Abrahamo
1681 2828 1737 2874 et
1774 2820 1898 2874 aliis
1929 2820 2055 2889 qui-

477 2915 711 2969 husdam
771 2915 1076 2968 veteribus.
1135 2913 1205 2967 At
1251 2927 1386 2966 vero
1429 2911 1594 2965 Arius
1629 2919 1685 2964 et
1727 2910 2053 2976 Eunomius,

476 3020 682 3074 corpus
723 3003 947 3074 quidem
979 3002 1364 3071 assumpsisse,
1396 3000 1493 3055 sed
1520 3000 1718 3054 anima:
1753 3009 1939 3068 partes
1967 2999 2054 3053 di-

476 3095 762 3150 vinitatem
793 3094 1018 3156 ohiisse,
1070 3092 1145 3147 ita
1188 3099 1250 3146 ut
1275 3091 1507 3145 humilia
1527 3089 1715 3165 omnia
1749 3097 1864 3142 tum
1887 3088 2053 3142 verba

477 3191 594 3238 tum
625 3183 764 3238 facta
809 3182 938 3237 huic
966 3181 1227 3236 tribuant.
1251 3179 1622 3251 Apollinarius
1647 3192 1779 3232 vero
1814 3177 2053 3231 animam

476 3273 646 3330 etiam
678 3275 850 3344 ipsam
877 3289 1001 3326 cum
1039 3286 1272 3341 corpore
1300 3270 1663 3338 assumpsisse
1707 3269 1804 3332 ait,
1832 3283 1944 3321 non
1969 3275 2052 3322 ta-

478 3379 602 3418 men
630 3354 998 3426 rationalem,
1059 3359 1155 3414 sed
1209 3358 1522 3422 animalem,
1556 3374 1653 3412 seu
1692 3358 2054 3430 vegetativam

474 3469 640 3523 quam
677 3459 907 3507 vocant:
932 3451 1133 3505 mentis
1169 3449 1317 3505 enim
1343 3449 1510 3514 vices,
1548 3448 1743 3518 inquit,
1795 3449 2055 3503 divinitas

476 3544 742 3614 implevit.
791 3541 1000 3597 Animae
1047 3549 1232 3595 autem
1282 3540 1594 3608 mentisque
1641 3539 2054 3594 distinctionem

475 3634 544 3689 ab
591 3633 836 3689 externis
883 3633 1079 3687 didicit
1121 3631 1485 3702 philosophis,
1526 3647 1652 3686 cum
1683 3631 1868 3685 divina
1903 3630 2053 3684 Scri-

474 3736 640 3795 ptura
671 3741 739 3778 ex
770 3725 950 3777 anima
991 3731 1046 3778 et
1075 3737 1312 3792 corpore
1347 3732 1600 3777 constare
1647 3723 1924 3778 hominem
1958 3721 2056 3776 do-

396 3848 399 3852 ι
473 3826 615 3872 ccat.
665 3835 683 3869 ι
733 3815 1031 3878 Formavit,
1081 3815 1281 3884 inquit,
1328 3816 1474 3869 Deus
1513 3814 1794 3869 hominem
1827 3815 1893 3869 de
1923 3815 2055 3870 limo

475 3918 657 3976 terrae,
688 3918 744 3962 et
773 3906 1064 3978 inspiravit
1091 3907 1148 3960 in
1183 3906 1376 3961 faciem
1405 3909 1524 3978 ejus
1544 3905 1877 3976 spiraculum
1904 3907 2052 3973 vitae,

472 4008 530 4053 et
557 3999 732 4054 factus
761 4007 846 4053 est
872 3999 1038 4052 homo
1066 3997 1120 4051 in
1146 3998 1386 4054 animam
1424 3999 1701 4052 viventem
1717 3999 1789 4052 9‘.
1821 4016 1840 4047 ι
1868 3998 2058 4051 EtDo-

476 4091 660 4144 minus
682 4091 736 4143 in
765 4088 939 4143 sacris
970 4087 1284 4158 Evangeliis
1312 4089 1576 4160 apostolis
1607 4088 1745 4142 dixit
1777 4105 1791 4141 :
1824 4107 1843 4138 ι
1876 4087 2056 4142 Nolite

473 4181 670 4235 timere
699 4195 796 4235 eos
821 4179 916 4250 qui
946 4179 1209 4235 occidunt
1229 4196 1428 4252 corpus
1471 4180 1708 4235 animam
1733 4187 1916 4235 autem
1944 4195 2054 4234 non

472 4281 707 4342 possunt
740 4271 997 4326 occidere
1015 4273 1082 4322 ³⁷.
1121 4289 1137 4324 ι

543 4551 939 4618 [hereticorum
979 4567 1112 4622 ergo
1156 4552 1472 4624 dogmatum
1524 4560 1674 4608 tanta
1702 4558 1788 4607 est
1824 4553 1968 4607 inter
1992 4567 2052 4608 se

472 4661 653 4714 pugna
684 4653 740 4698 et
769 4642 1060 4698 dissensio.
1089 4642 1183 4701 Isti
1232 4650 1417 4697 autem
1458 4643 1877 4714 Apollinarium,
1916 4643 2050 4712 quin

472 4733 639 4786 etiam
669 4730 882 4806 1249
913 4729 1105 4784 Arium
1145 4739 1201 4783 et
1231 4715 1582 4796 Eunomium,
1618 4731 1900 4801 impietate
1927 4731 2050 4784 vin-

475 4836 600 4875 cere
626 4820 1043 4884 contendentes,
1079 4819 1490 4884 disseminatam
1535 4819 1667 4874 olim
1701 4836 1731 4873 a
1759 4820 2050 4875 Valentino

473 4921 531 4964 et
552 4910 882 4975 Bardesane,
910 4919 1210 4981 posteaque
1247 4926 1279 4965 a
1305 4909 1774 4980 praestantissimis
1796 4910 2051 4981 agricolis

475 5001 740 5054 radicitus
765 5002 1081 5060 convulsam
1112 5001 1370 5066 haeresin,
1399 5017 1549 5055 nunc
1580 5000 1830 5069 proferre
1867 5002 2050 5056 conati

473 5097 623 5144 sunt.
672 5090 938 5146 Similiter
960 5092 1107 5145 enim
1149 5100 1316 5160 atque
1347 5092 1450 5158 illi,
1476 5098 1820 5160 assumptum
1852 5107 1919 5146 ex
1957 5109 2053 5148 na-

471 5190 598 5236 tura
628 5191 813 5236 nostra
843 5182 1012 5238 fuisse
1054 5173 1274 5237 Domini
1315 5197 1519 5252 corpus
1542 5191 1832 5252 negarunt.
1863 5184 2051 5239 Eccle-

471 5275 554 5328 sia
581 5281 785 5339 autem,
828 5275 1143 5343 apostolicis
1171 5274 1416 5344 vestigiis
1446 5274 1727 5341 insistens,
1754 5283 1810 5329 et
1843 5275 2049 5330 divini-

473 5372 641 5417 tatem
695 5364 1014 5441 perfectam,
1071 5375 1128 5419 et
1188 5364 1587 5420 humanitatem
1645 5365 1940 5435 perfectam
1993 5369 2049 5422 in

468 5452 692 5508 Christo
726 5455 955 5508 Domino
984 5453 1315 5508 considerat.
1344 5456 1411 5510 Et
1443 5457 1902 5526 quemadmodum
1925 5473 2050 5514 cor-

547 5611 593 5642 “
631 5611 767 5666 Gen.
797 5625 856 5675 η,
899 5613 949 5665 7.
1024 5612 1070 5643 ’Ψ
1111 5610 1302 5666 Matth.
1344 5627 1399 5678 x,
1425 5611 1516 5665 ‘28.

549 5764 662 5833 (15)
686 5765 781 5819 καί
809 5765 962 5821 abest
990 5780 1018 5820 a
1045 5765 1214 5836 Neap.

2163 551 2296 620 ἔχει,
2327 549 2419 602 καὶ
2447 549 2605 619 σῶμα
2634 548 2844 618 θνητόν·
2877 547 2971 604 καὶ
2997 548 3173 610 οὐδεὶς
3196 549 3358 618 μέχρι
3386 550 3480 602 καὶ
3501 551 3748 622 τήμερον

2161 643 2253 696 δύο
2279 641 2522 704 Παύλους
2547 640 2640 692 τὸν
2666 639 2876 694 Παῦλον
2898 639 3200 708 ὠνόμασεν,
3216 639 3404 710 ἐπειδὴ
3429 641 3523 693 καί
3550 639 3734 710 ψυχὴν

2163 732 2276 803 ἔχει
2297 732 2393 787 καὶ
2411 731 2588 803 σῶμα·
2621 731 2714 784 καὶ
2737 730 2848 800 (15)
2869 729 2993 782 οὔτε
3009 730 3100 781 τὸν
3117 730 3322 799 Πέτρον
3351 729 3444 783 δύο
3477 731 3743 801 Πέτρους,

2161 823 2286 877 οὔτε
2318 823 2412 876 τὸν
2427 821 2698 894 Ἀδραάμ,
2722 820 2846 874 οὔτε
2874 821 2965 874 τὸν
2980 821 3170 891 Ἀδάμ.
3189 820 3330 873 Ἀλλ’
3351 815 3461 872 οἵδε
3479 821 3578 889 μὲν
3605 820 3742 874 Exa-

2164 933 2286 981 στος
2316 916 2424 968 τῶν
2453 913 2668 984 φύσεων
2714 913 2774 968 τὸ
2809 913 3079 986 διάφορον.
3106 911 3200 966 δύο
3257 912 3315 965 δὲ
3363 911 3608 976 Παύλους
3640 913 3745 966 οὐκ

2161 1006 2418 1078 ὀνομάζει
2443 1005 2536 1060 τὸν
2563 1005 2680 1058 ἕνα.
2711 1003 2866 1059 Οῦτω
2891 1004 3070 1058 τοίνυν
3099 1003 3195 1056 καὶ
3223 1002 3316 1056 τὸν
3346 1003 3553 1071 Κύριον
3581 1004 3743 1074 ἡμῶν

2175 1097 2379 1168 Ἰησοῦν
2417 1097 2674 1168 Χριστὸν,
2728 1095 2818 1147 τὸν
2865 1094 3126 1165 μονογενῆ
3158 1093 3252 1146 τοῦ
3285 1093 3426 1146 Θεοῦ
3455 1093 3606 1159 Υἰὸν,
3635 1095 3739 1166 ,τὸν

2163 1188 2657 1259 ὲνανθρωπήσαντα
2679 1185 2807 1239 Θεὸν
2828 1185 3021 1254 Λόγον,
3045 1186 3136 1238 καὶ
3161 1184 3288 1237 Υἰὸν
3314 1184 3471 1249 θεοῦ,
3496 1186 3590 1238 καὶ
3608 1185 3739 1239 Υίὸν

2162 1278 2448 1350 ἀνθρώπου
2501 1276 3017 1348 προσαγορεύοντες,
3061 1276 3136 1338 ὡς
3197 1275 3350 1345 παρὰ
3422 1277 3520 1344 τῆς
3583 1277 3738 1338 θείας

2162 1371 2386 1442 Γραφῆς
2422 1368 2797 1440 ἐδιδάχθημεν,
2837 1368 2896 1420 ού
2936 1367 3028 1420 δύο
3056 1367 3236 1440 φαμὲν
3268 1367 3438 1432 υἱοὺς,
3467 1364 3607 1419 ἀλλὰ
3635 1365 3739 1435 τῆς

2163 1463 2415 1531 θεότητος
2457 1462 2551 1515 καὶ
2604 1463 2702 1531 τῆς
2749 1459 3166 1531 ἀνθρω-πότητος
3216 1457 3582 1528 ὁμολογοῦμεν
3634 1458 3739 1520 τὰς

2166 1553 2454 1622 ἰδιότητας.
2510 1544 2669 1605 Οὗτοι
2701 1550 2757 1603 δὲ
2786 1552 2887 1620 τὴν
2931 1549 2990 1616 ἐξ
3019 1549 3172 1620 ἡμῶν
3204 1549 3502 1620 ληφθεῖσαν
3535 1547 3737 1619 ἀρνού-

2165 1662 2316 1715 μενοι
2342 1644 2526 1712 φύσιν,
2554 1640 2966 1713 δυσχεραίνουσι
2987 1641 3154 1694 τῶνδε
3174 1639 3282 1694 τῶν
3304 1640 3476 1710 λόγων
3507 1641 3738 1693 ἀκούον-

2165 1754 2278 1800 τες.

2252 1827 2432 1895 Ἦμᾶς
2487 1824 2543 1878 δὲ
2573 1823 2742 1892 δεῖξαι
2777 1824 3043 1894 προσήκει
3094 1823 3257 1878 πόθεν
3304 1822 3507 1893 ταύτην
3555 1822 3733 1891 ἠσπά-

2164 1935 2328 1972 σαντο
2368 1916 2465 1986 τὴν
2519 1915 2796 1968 ἀσέϐειαν.
2833 1915 3015 1984 Σίμων
3065 1915 3163 1986 μὲν
3207 1914 3337 1984 γὰρ,
3395 1915 3488 1967 καὶ
3521 1914 3735 1967 Μέναν-

2161 2010 2308 2079 δρος,
2360 2009 2581 2079 Κέρδων
2625 2009 2717 2061 καὶ
2754 2007 3019 2080 Μαρκίων
3060 2007 3406 2064 παντάπασιν
3445 2006 3736 2076 ἀρνοῦνται

2159 2104 2259 2172 τὴν
2297 2098 2729 2170 ὲνανθρώπησιν,
2783 2098 2877 2150 καὶ
2905 2098 3004 2169 τὴν
3053 2099 3116 2152 ἐκ
3164 2098 3440 2168 Παρθένου
3479 2096 3736 2167 γέννησιν

2163 2191 2493 2262 μυθολογίαν
2528 2189 2887 2247 ἀποκαλοῦσι.
2925 2188 3238 2258 Βαλεντῖνος
3265 2189 3341 2254 δὲ,
3364 2189 3457 2242 καὶ
3488 2189 3740 2244 Βασιλεί-

2159 2284 2275 2352 δης,
2327 2283 2423 2338 καὶ
2471 2282 2857 2354 Βαρδησάνης,
2898 2279 2995 2334 καὶ
3043 2279 3357 2350 Ἀρμόνιος,
3400 2280 3496 2332 καὶ
3538 2281 3588 2331 oi
3631 2279 3737 2350 τῆς

2158 2377 2362 2429 τούτων
2386 2374 2717 2445 συμμορίας,
2749 2373 2994 2443 δέχονται
3039 2371 3139 2443 μὲν
3178 2372 3277 2442 τῆς
3315 2371 3594 2445 Παρθένου
3633 2371 3738 2442 τὴν

2160 2467 2379 2538 κύησιν,
2407 2464 2614 2518 καὶτὸν
2648 2463 2838 2520 τόκον·
2881 2462 3035 2516 οὐδὲν
3067 2461 3123 2515 δὲ
3153 2461 3244 2515 τὸν
3283 2461 3416 2523 Θεὸν
3453 2460 3626 2529 Λόγον
3670 2462 3739 2513 ἑκ

2156 2555 2256 2627 τῆς
2298 2553 2574 2626 Παρθένου
2624 2551 3046 2625 προσειληφέναι
3091 2551 3288 2620 φασὶν,
3333 2549 3469 2604 ἀλλὰ
3504 2547 3738 2619 πάροδόν

2156 2665 2277 2702 τινα
2307 2647 2373 2700 δι’
2407 2646 2577 2718 αὐτῆς
2600 2644 2788 2716 ὥσπερ
2813 2644 2900 2697 διὰ
2939 2643 3176 2713 σωλῆνος
3216 2642 3567 2714 ποιήσασθαι,
3609 2643 3734 2694 ἐπι⁴

2158 2740 2392 2810 φανῆναι
2439 2735 2497 2790 δὲ
2537 2737 2649 2798 τοῖς
2684 2733 2995 2803 ἀνθρώποις
3047 2732 3317 2804 φαντασία
3363 2732 3735 2804 χρησάμενον,

2157 2828 2252 2884 καὶ
2296 2827 2452 2894 δόξας
2509 2821 2648 2881 εἶναι
2711 2825 3035 2897 ἄνθρωπος,
3089 2824 3148 2877 δν
3195 2825 3394 2895 τρόπον
3445 2821 3601 2895 ὤφθη
3655 2823 3736 2894 τῷ
3790 2859 3796 2863 -

2170 2919 2445 2993 Ἀϐραὰμ,
2476 2918 2570 2971 καί
2599 2934 2742 2970 τισιν
2776 2917 2959 2979 ἄλλοις
2987 2917 3094 2970 τῶν
3127 2915 3393 2970 παλαιῶν.
3427 2917 3645 2987 ’Ἄρειος
3676 2913 3738 2968 δὲ

2156 3011 2253 3064 καὶ
2285 3011 2570 3080 Εὐνόμιος,
2625 3008 2786 3078 σῶμα
2823 3010 2922 3079 μὲν
2971 3008 3135 3061 αὐτὸν
3181 3008 3389 3078 ἔφασαν
3427 3008 3732 3078 εἰληφέναι,

2079 3132 2124 3190 c
2156 3105 2255 3175 τὴν
2282 3102 2512 3171 θεότητα
2533 3101 2588 3154 δὲ
2611 3102 2678 3154 τά
2707 3101 2802 3190 τῆς
2826 3101 3001 3190 ψυχῆς
3036 3101 3419 3172 ἐνηργηκέναι,
3455 3100 3540 3152 ῖνα
3559 3099 3737 3172 ταύτῃ

2159 3192 2227 3246 τά
2254 3191 2487 3244 ταπεινὰ
2526 3190 2621 3243 καὶ
2675 3188 2787 3241 τῶν
2835 3188 3094 3259 ῥημάτων
3125 3189 3221 3242 καὶ
3252 3188 3362 3240 τῶν
3393 3188 3737 3258 πραγμάτων

2159 3283 2534 3354 προσάψωσιν.
2568 3279 2629 3333 '0
2664 3279 2719 3332 δέ
2754 3297 2818 3341 γε
2858 3277 3231 3348 ’Λπολινάριος
3262 3279 3353 3330 καὶ
3373 3277 3549 3347 ψυχὴν
3573 3277 3737 3329 αὑτὸν

2162 3372 2302 3446 μετὰ
2337 3370 2430 3423 τοῦ
2482 3369 2735 3440 σώματος
2784 3370 2986 3438 ἔφησεν
3016 3367 3314 3438 εἰληφέναι,
3365 3366 3482 3420 ἀλλ’
3529 3367 3589 3420 οὐ
3635 3367 3738 3438 τὴν

2158 3464 2404 3535 λογικὴν,
2435 3462 2572 3516 ἀλλὰ
2606 3460 2703 3532 τὴν
2735 3459 2970 3530 ζωτικὴν
3002 3460 3171 3529 ῆγουν
3208 3457 3441 3526 φυτικὴν
3476 3455 3738 3526 ὀνομαζο-

2162 3553 2354 3624 μένην.
2391 3550 2497 3603 Τοῦ
2544 3548 2636 3603 νοῦ
2687 3548 2817 3619 γάρ,
2877 3549 3046 3617 φησὶ,
3081 3547 3179 3618 τὴν
3225 3546 3414 3617 χρείαν
3461 3548 3493 3617 ἡ
3544 3546 3740 3616 θεότης

2159 3645 2420 3715 ἐπλήρου.
2461 3643 2656 3712 Ψυχῆς
2691 3642 2747 3694 δὲ
2779 3641 2872 3694 καὶ
2893 3639 2985 3693 νοῦ
3025 3640 3123 3710 τὴν
3150 3641 3414 3710 διαίρεσιν
3448 3639 3599 3708 παρὰ
3627 3638 3736 3690 τῶν

2159 3734 2265 3800 ἔξω
2315 3733 2604 3804 μεμάθηκε
2645 3732 2969 3802 φιλοσόφων.
3007 3731 3069 3782 Ἤ
3117 3730 3222 3800 γάρ
3273 3728 3392 3782 θεία
3437 3728 3628 3800 Γραφὴ
3673 3728 3741 3779 ὲκ

2157 3826 2336 3896 ψυχῆς
2365 3826 2513 3893 λέγει
2545 3824 2638 3877 καὶ
2669 3822 2921 3893 σώματος
2951 3821 3271 3873 συνεστάναι
3313 3820 3402 3872 τὸν
3432 3818 3736 3887 ἄνθρωπον.

2165 3935 2184 3968 ‹
2223 3915 2480 3986 Ἐποίησε
2505 3916 2633 3984 γάρ,
2689 3913 2875 3981 φησὶν,
2900 3912 2928 3962 ὁ
2973 3909 3106 3972 Θεὸς
3150 3909 3241 3961 τὸν
3290 3908 3577 3978 ἄνθρωπον
3609 3905 3739 3976 χοῦν

2159 4007 2268 4061 ἀπὸ
2295 4009 2394 4077 τῆς
2425 4007 2548 4076 γῆς,
2578 4006 2674 4059 κα¹ι
2697 4002 3034 4073 ἐνεφύσησεν
3070 4002 3150 4065 εἰς
3163 4001 3224 4054 τὸ
3251 4001 3542 4070 πρόσωπον
3571 3997 3738 4052 αὑτοῦ

2159 4100 2326 4171 πνοὴν
2380 4099 2545 4169 ζωῆς,
2601 4098 2695 4150 καὶ
2753 4098 2973 4166 ἐγένετο
3033 4096 3062 4148 ό
3103 4096 3388 4162 ἄνθρωπος
3433 4095 3512 4157 είς
3556 4093 3738 4162 ψυχὴν

2159 4191 2359 4256 ζῶσαν.
2398 4209 2416 4241 ι
2453 4190 2563 4242 Καὶ
2592 4193 2620 4242 ὀ
2673 4189 2880 4259 Κύριος
2914 4188 2974 4240 ὲν
3007 4189 3120 4250 τοῖς
3169 4188 3335 4256 ἱεροῖς
3382 4184 3738 4252 an-mum;

2156 4286 2270 4346 τοῖς
2307 4281 2628 4343 ἀποστόλοις
2669 4279 2810 4349 ἔφη·
2846 4298 2864 4330 ι
2893 4277 2984 4348 Μὴ
3038 4275 3293 4345 φοϐεῖσθε
3328 4274 3435 4328 άπὸ
3467 4273 3575 4326 τῶν
3603 4273 3739 4327 ἀπο-

2157 4372 2482 4426 κτεινόντων
2529 4370 2589 4424 τὸ
2641 4371 2822 4440 σῶμα,
2856 4367 2956 4440 τὴν
2987 4366 3044 4421 δὲ
3076 4365 3253 4436 ψυχὴν
3293 4365 3370 4435 μὴ
3419 4362 3736 4432 δυναμένων

2085 4475 2129 4530 ι)
2160 4464 2500 4518 ἀποκτεῖναι.
2535 4481 2553 4513 i

2229 4556 2310 4609 Τά
2342 4556 2438 4624 μὲν
2467 4549 2559 4608 οῦν
2590 4553 2698 4606 τῶν
2723 4551 3018 4623 αἱρετικῶν
3044 4550 3288 4618 δόγματα
3323 4547 3590 4616 τοσαύτην
3619 4543 3735 4615 ἔχει

2159 4645 2297 4716 πρὸς
2336 4642 2541 4714 ἄλληλα
2573 4641 2871 4712 διαμάχην.
2903 4632 3062 4692 Οῦτοι
3099 4639 3154 4691 δὲ
3197 4637 3288 4690 τὸν
3337 4635 3732 4702 ’Δπολινάριον,

2157 4736 2252 4787 καὶ
2283 4733 2466 4802 μέντοι
2513 4732 2607 4784 καὶ
2631 4725 2850 4801 Ἀρειον
2883 4729 2981 4782 καὶ¹
3017 4727 3282 4797 Εὐνόμιον
3313 4725 3618 4799 ὑπερϐῆναι
3663 4725 3731 4791 τῇ

2158 4822 2385 4891 ἀσεϐείᾳ
2433 4820 2934 4890 φιλονεικήσαντες,
2967 4817 3063 4888 τὴν
3110 4816 3214 4870 ύπὸ
3271 4813 3589 4869 Βαλεντίνου
3637 4814 3736 4864 καὶ

2158 4912 2509 4984 Βαρδησάνου
2541 4910 2707 4964 πάλαι
2743 4913 3047 4983 σπαρεῖσαν
3080 4908 3314 4979 αἵρεσιν,
3353 4902 3472 4960 εἷτα
3500 4906 3734 4976 πρόρρι-

2158 5003 2250 5068 ζον
2285 5003 2389 5055 ὑπὸ
2421 5002 2528 5054 τῶν
2563 5002 2803 5072 ἀρίστων
2825 4998 3275 5054 άνασπασθεῖσαν
3304 4996 3588 5068 γεωργῶν,
3632 5012 3735 5064 φυ-

2157 5093 2349 5146 τεῦσαι
2389 5092 2483 5146 νῦν
2508 5091 2898 5162 ἐπειράθησαν.
2937 5089 3340 5161 Παραπλησίως
3371 5087 3481 5158 γὰρ
3501 5087 3729 5148 ἐκείνοις

2157 5184 2474 5256 ἠρνήθησαν
2518 5185 2583 5236 ἐκ
2615 5183 2713 5252 τῆς
2763 5182 3037 5252 ἡμετέρας
3067 5180 3282 5249 φύσεως
3332 5177 3731 5249 προσειλῆφθαι

2156 5277 2250 5332 τοῦ
2275 5277 2548 5331 Δεσπότου
2577 5277 2639 5329 τὸ
2679 5275 2857 5345 σῶμα.
2897 5276 2960 5327 Ἦ
2993 5274 3048 5326 δὲ
3095 5273 3413 5342 Ἐκκλησία,
3452 5271 3565 5332 τοῖς
3597 5269 3732 5320 ἁπο-

2159 5367 2427 5430 στολικοῖς
2459 5367 2660 5438 ἴχνεσιν
2690 5365 2957 5441 ἑπομένη,
2985 5364 3079 5416 καὶ
3109 5363 3338 5434 θεότητα
3365 5360 3601 5425 τελείαν,
3637 5359 3733 5409 καὶ

2158 5458 2555 5530 άνθρωπότητα
2599 5458 2814 5512 τελείαν
2848 5461 2905 5512 ὲν
2941 5456 3019 5527 τῷ
3055 5455 3303 5527 Δεσπότῃ
3336 5451 3560 5526 Χριστῷ
3595 5449 3734 5503 θεω-
