4072 6418
303 398 450 469 1381

1615 395 1974 458 EPISTOLA
2015 395 2218 456 CXLV.

3428 397 3570 464 I382

302 515 412 586 ρεῖ.
445 513 662 581 Ὠσπερ
681 510 791 580 γὰρ
823 509 983 563 ἔλαϐε
1019 510 1201 579 σῶμα,
1233 510 1292 562 οὐ
1327 509 1581 578 δεόμενος
1615 506 1880 578 σώματος,

1987 520 2090 572 pus
2113 504 2346 574 sumpsit
2385 519 2616 575 corpore
2656 523 2762 562 non
2790 521 2978 578 egens,
3014 507 3110 562 sed
3139 513 3199 561 ut
3241 507 3570 576 corporibus

299 603 443 657 ἀλλὰ
477 603 611 656 πᾶσι
653 604 766 665 τοῖς
815 599 1029 671 σώμασι
1085 600 1153 653 δι’
1192 600 1400 652 ἐκείνου
1444 598 1544 669 τήν
1587 596 1886 652 ἀθανασίαν

301 691 874 764 πραγματευόμενος·
929 689 1071 743 οὕτω
1121 689 1186 760 δὴ
1239 691 1332 742 καὶ
1369 687 1547 758 ψυχήν
1591 688 1746 740 ἔλαϐε
1787 684 1886 756 τὴν

301 783 665 855 κυϐερνῶσαν
711 782 774 834 τὸ
814 781 992 850 σῶμα,
1043 780 1132 833 ἴνα
1183 783 1334 833 πᾶσα
1356 779 1502 849 ψυχὴ
1541 779 1630 831 διὰ
1681 777 1885 846 ταύτης

307 876 567 946 μετάσχῃ
613 874 712 942 τῆς
749 873 1172 942 ἀτρεπτότητος.
1225 871 1288 923 ΕΞ
1327 872 1436 940 γὰρ
1485 871 1578 924 καὶ
1624 870 1885 923 ἀθάνατοί

303 965 451 1015 εἰσιν
483 965 538 1015 αἱ
572 963 766 1032 ψυχαὶ,
809 961 926 1015 ἀλλ’
965 961 1066 1014 ούκ
1104 962 1384 1030 ἀτρεπτοι.
1416 960 1625 1022 Πολλὰς
1657 959 1764 1030 γὰρ
1790 959 1884 1013 καὶ

303 1053 716 1124 ἁγχιστρόφους
753 1051 1054 1121 μεταϐολὰς
1103 1050 1453 1118 ὑπομένουσι,
1501 1049 1595 1102 νῦν
1637 1049 1736 1118 μὲν
1763 1049 1884 1102 τού-

303 1159 421 1205 τοις
459 1141 846 1211 ἀρεσκόμεναι,
877 1141 972 1194 νῦν
1009 1141 1065 1192 δὲ
1100 1141 1353 1202 ἐκείνοις.
1387 1133 1462 1192 Ob
1491 1139 1555 1209 δὴ
1590 1141 1750 1210 χάριν
1790 1139 1884 1192 καὶ

304 1231 746 1301 πλημμελοῦμεν
776 1233 1190 1301 ἐκτρεπόμενοι,
1243 1233 1337 1288 καὶ
1366 1234 1462 1303 τὴν
1489 1235 1580 1286 ἐπὶ
1614 1235 1681 1288 τά
1715 1235 1882 1305 χείρω

307 1323 489 1392 ῥοπὴν
530 1320 918 1391 εἰσδεχόμενοι.
971 1322 1126 1375 Μετά
1168 1323 1224 1375 δὲ
1261 1322 1358 1392 τὴν
1393 1323 1710 1387 ἀνάστασιν,
1750 1324 1883 1376 ἀπο-

303 1413 466 1465 λαύει
518 1411 618 1481 μὲν
650 1410 947 1474 ἀθανασίας
1004 1412 1098 1465 καὶ
1157 1412 1466 1482 ἀφθαρσίας
1515 1413 1582 1464 τά
1632 1410 1879 1480 σώματα,

303 1503 645 1558 ἀπολαύουσι
675 1501 731 1554 δὲ
755 1501 1020 1566 ἀπαθείας
1045 1503 1138 1555 καὶ
1166 1503 1565 1572 ἀτρεπτότητος
1595 1503 1650 1556 αἱ
1692 1502 1880 1572 ψυχαί.

305 1596 408 1648 Διά
430 1612 515 1648 τοι
534 1594 709 1655 τοῦτο,
731 1595 825 1648 καὶ
843 1595 1003 1666 σῶμα
1019 1595 1196 1648 λαϐὼν
1221 1596 1313 1649 καὶ
1333 1596 1510 1666 ψυχὴν
1537 1598 1566 1648 ὁ
1590 1597 1882 1665 μονογενής

303 1687 440 1748 Υἱὸς
489 1685 626 1738 Θεοῦ
666 1686 800 1754 (14),
839 1687 1031 1756 μώμου
1080 1686 1252 1740 ταῦτα
1281 1687 1482 1750 παντὸς
1515 1687 1774 1757 ἐλεύθερα
1804 1686 1880 1739 δι-

303 1775 566 1846 εφύλαξε,
597 1778 691 1829 καὶ
712 1778 810 1847 τήν
848 1777 990 1847 ὑπὲρ
1023 1777 1113 1830 τοῦ
1137 1779 1323 1846 γένους
1355 1779 1544 1832 θυσίαν
1578 1779 1882 1848 προσήνεγ-

303 1883 422 1918 κεν.
455 1865 558 1918 Διά
593 1866 700 1935 γὰρ
725 1865 789 1935 δὴ
829 1865 986 1918 τοῦτο
1011 1865 1107 1919 καὶ
1137 1866 1424 1937 ἀρχιερεὺς
1452 1865 1607 1936 ἡμῶν
1629 1865 1880 1936 ὲχρημὰο

1988 596 2243 649 omnibus
2281 611 2377 665 per
2422 595 2556 651 illud
2606 607 2889 667 przestaret
2940 598 3450 652 immortalitatem:
3486 600 3568 654 sic

1987 694 2044 738 et
2081 687 2314 739 animam
2341 688 2573 756 sumpsit
2600 704 2800 757 corpus
2837 689 3255 758 gubernantem,
3293 698 3353 742 ut
3388 691 3568 743 omnis

1985 789 2086 843 per
2118 775 2261 828 illam
2285 777 2465 829 anima
2491 777 2991 832 immutabilitatem
3023 778 3442 848 adipisceretur.
3477 780 3572 832 Li-

1987 873 2076 919 cet
2105 865 2252 919 enim
2310 867 2646 921 immortales
2679 868 2790 921 sint
2835 869 3047 933 animae,
3087 885 3190 922 non
3241 878 3420 922 tamen
3462 868 3569 920 im-

1985 956 2300 1010 mutabiles.
2330 957 2526 1010 Multas
2557 959 2704 1010 enim
2739 974 2942 1026 easque
2975 959 3294 1027 frequentes
3324 959 3568 1012 subeunt

1985 1045 2343 1110 mutationes,
2397 1062 2525 1100 eum
2578 1047 2744 1100 modo
2797 1048 2886 1100 his
2941 1048 3303 1114 delectentur,
3358 1049 3567 1103 ‘modo

1985 1134 2114 1189 illis.
2141 1135 2262 1202 Quo
2285 1152 2417 1191 sane
2451 1137 2511 1191 lit
2551 1139 2717 1191 etiam
2755 1146 2816 1192 ut
2858 1153 3169 1207 peccemus,
3211 1139 3341 1193 dum
3373 1140 3440 1194 ad
3467 1141 3565 1194 de-

1984 1226 2189 1280 teriora
2214 1228 2612 1293 convertimur,
2631 1237 2687 1283 et
2716 1229 2782 1282 ad
2803 1245 2866 1282 ea
2889 1230 3314 1298 propendemus.
3330 1233 3457 1285 Post
3479 1247 3566 1286 re-

1983 1333 2046 1371 su
2055 1317 2381 1372 rrectionem
2394 1327 2577 1372 autem
2592 1318 2851 1372 fruuntur
2866 1335 3097 1389 corpora
3114 1320 3333 1390 quidem
3349 1320 3571 1374 immor-

1986 1408 2192 1461 talitate
2237 1417 2295 1462 et
2339 1409 2775 1478 incorruptione,
2807 1411 3004 1464 anima:
3037 1426 3170 1465 vero
3217 1411 3568 1481 impassibili-

1987 1507 2153 1554 tatem
2193 1501 2446 1555 obtinent
2483 1511 2541 1556 et
2568 1501 3092 1556 immutabililatem.
3122 1503 3415 1572 Propterea
3444 1519 3568 1557 cum

1983 1601 2041 1644 et
2069 1591 2304 1644 animam
2329 1600 2385 1646 et
2417 1606 2618 1661 corpus
2647 1592 2973 1660 sumpsisset
3007 1593 3327 1662 uuigenitus
3354 1595 3448 1648 Dei
3476 1595 3568 1648 Fi-

1982 1679 2110 1746 lius,
2134 1681 2249 1735 haec
2278 1682 2347 1735 ab
2374 1681 2523 1735 omni
2563 1681 2684 1736 labe
2718 1682 2893 1735 libera
2922 1683 3184 1746 servavit,
3222 1683 3568 1752 bestiamque

1983 1770 2186 1824 obtulit
2234 1787 2334 1840 pro
2359 1787 2558 1842 genere
2609 1772 2902 1838 universo;
2937 1772 3170 1842 ideoque
3221 1780 3276 1826 et
3321 1776 3568 1842 pontitex

1982 1870 2171 1916 noster
2190 1865 2494 1933 appellatus
2518 1871 2624 1918 est.
2658 1864 2910 1918 Pontifex
2945 1874 3129 1918 autem
3159 1881 3268 1918 non
3310 1872 3370 1917 ut
3393 1865 3564 1928 Deus,

301 1970 486 2007 τισεν·
515 1955 808 2025 ἀρχιερεὺς
836 1955 894 2006 δὲ
917 1955 1014 2024 οὐχ
1051 1955 1127 2016 ὡς
1155 1955 1308 2018 Θεὸς,
1347 1955 1463 2008 ἀλλ’
1495 1955 1569 2018 ὡς
1597 1955 1880 2025 ἄνθρωπος

1982 1954 2078 2007 sed
2108 1954 2362 2008 ut-homo
2401 1963 2628 2009 vocatus
2652 1962 2766 2021 est;
2799 1963 2856 2010 et
2891 1956 3007 2025 ipse
3046 1955 3270 2025 quidem
3301 1955 3465 2010 offert
3505 1961 3568 2008 ut

306 2045 596 2114 κέκληται.
635 2045 747 2098 Καὶ
787 2045 949 2108 αὐτὸς
981 2047 1282 2117 προσφέρει
1325 2045 1422 2116 μὲν
1465 2045 1539 2108 ὼς
1573 2044 1878 2116 ἄνθρωπος,

301 2134 522 2204 δέχεται
581 2133 637 2186 δὲ
689 2133 788 2205 τὴν
832 2133 1024 2187 θυσίαν
1069 2135 1208 2204 μετά
1247 2133 1343 2186 τοῦ
1395 2134 1605 2205 Πατρὸς
1657 2135 1749 2188 καὶ
1787 2133 1880 2188 τοῦ

299 2225 462 2292 ἁγίου
496 2223 807 2294 Πνεύματος
830 2223 906 2286 ὼς
933 2225 1083 2288 Θεός.
1118 2226 1178 2278 El
1215 2226 1313 2294 μὲν
1342 2223 1452 2296 γὰρ
1489 2225 1586 2278 τοῦ
1621 2227 1793 2297 Ἀδάμ
1820 2228 1881 2280 τὸ

304 2316 466 2386 σῶμα
502 2317 663 2387 μόνον
689 2316 1020 2386 ἐξήμαρτεν,
1055 2317 1161 2368 ἔδει
1194 2317 1353 2369 τοῦτο
1384 2315 1545 2386 μόνον
1576 2318 1880 2372 ἀπολαῦσαι

298 2407 400 2476 τῆς
436 2406 759 2476 θεραπείας.
794 2407 946 2459 Ἐπεὶ
980 2406 1037 2459 δὲ
1058 2408 1118 2460 οὐ
1145 2407 1304 2476 μόνον
1343 2411 1708 2480 συνήμαρτεν,
1742 2407 1880 2463 ἀλλά

301 2499 400 2552 καὶ
437 2501 796 2569 προήμαρτεν
829 2499 1036 2568 ἡψυχὴ
1077 2498 1365 2571 (πρότερος
1415 2503 1523 2572 γάρ
1562 2503 1591 2553 6
1619 2500 1879 2568 λογισμὸς

301 2589 598 2660 διαγράφει
633 2589 732 2658 τὴν
757 2589 1057 2659 ἁμαρτίαν,
1090 2585 1192 2642 εἷθ’
1223 2589 1396 2653 οὕτως
1425 2589 1630 2659 ταύτην
1659 2589 1746 2644 διά
1783 2589 1878 2643 τοῦ

307 2678 565 2747 σώματος
599 2679 834 2748 ἐνεργεῖ)
867 2694 880 2707 ·
917 2677 1124 2732 δίκαιον
1146 2674 1215 2750 ἦν
1239 2679 1410 2750 δήπου
1434 2680 1528 2734 καὶ⁵
1546 2679 1752 2750 ταύτην
1777 2680 1879 2752 τῆς

303 2768 547 2837 ἰατρείας
570 2771 777 2836 τυχεῖν.
828 2766 992 2820 Ἀλλά
1030 2769 1140 2838 γάρ
1175 2768 1444 2840 παρέλκον
1473 2772 1606 2835 ῐσως
1635 2772 1698 2824 ἐκ
1732 2770 1878 2840 λογι-

302 2860 456 2928 σμῶν
511 2859 783 2913 ποιεῖσθαι
833 2859 1022 2914 τούτου
1052 2862 1151 2926 τὰς
1199 2861 1522 2926 ἀποδείξεις,
1571 2862 1668 2933 τῆς
1727 2861 1878 2927 θείας

299 2949 458 3003 τοῦτο
495 2949 685 3020 σαφῶς
726 2949 1108 3022 κηρυττούσης
1143 2951 1390 3022 Γραφῆς.
1421 2953 1532 3006 Καὶ
1565 2953 1674 3023 γὰρ
1710 2952 1878 3008 Δαϐὶδ

299 3042 328 3094 6
357 3041 650 3104 θεσπέσιος
681 3044 776 3096 καὶ
801 3043 832 3095 6
859 3042 1131 3106 θειότατος
1157 3044 1362 3116 Πέτρος
1393 3043 1686 3116 διαρρήδην
1722 3043 1878 3099 τοῦτο

300 3132 670 3198 διδάσκουσιν,
694 3134 723 3186 6
756 3133 856 3204 μὲν
887 3133 1170 3206 πόρρωθεν
1203 3134 1603 3206 προθεσπίζων,
1635 3138 1664 3190 6
1689 3135 1748 3189 δὲ
1777 3136 1876 3206 τὴν
1903 3170 1947 3228 c

301 3225 612 3296 πρόρρησιν
633 3226 1006 3297 έρμνηνεύων.
1025 3227 1162 3298 Φησὶ
1181 3227 1238 3282 δὲ
1259 3228 1401 3283 οὕτω
1427 3229 1533 3293 τῷν
1563 3229 1876 3284 ἀποστόλων

300 3318 328 3369 6
357 3317 576 3388 πρῶτος
596 3333 609 3345 ·
649 3337 667 3369 ι
697 3320 992 3391 Προφήτης
1019 3319 1280 3391 ὑπάρχων
1315 3321 1344 3374 ὸ
1376 3321 1562 3387 Δαϐὶδ,
1591 3321 1686 3376 καλ⁸
1721 3318 1878 3384 εἰδὼς

301 3407 382 3459 δτι
418 3409 572 3479 ὅρκῳ
599 3407 812 3478 ὤμοσεν
844 3408 1035 3480 αύτῷὁ
1059 3408 1189 3472 Θεὸς
1219 3411 1284 3462 ἐκ
1315 3409 1528 3482 καρποῦ
1553 3411 1652 3482 τῆς
1679 3409 1879 3480 ὀσφύος

301 3497 468 3551 αὑτοῦ
505 3499 832 3568 ἀναστήσειν
867 3497 1009 3551 κατὰ
1044 3497 1222 3564 σάρκα
1259 3498 1351 3552 τὸν
1374 3499 1628 3569 Χριστὸν,
1659 3499 1878 3554 καθίσαι

302 3587 395 3641 ἐπὶ
426 3587 525 3642 τοῦ
574 3587 767 3660 θρόνου
803 3588 994 3656 αὐτοῦ,
1041 3588 1305 3661 προειδὼς
1340 3589 1570 3661 ἐλάλησε
1612 3592 1740 3662 περὶ
1780 3591 1880 3661 τῆς

301 3677 655 3742 ἀναστάσεως
683 3679 871 3745 αὑτοῦ,
898 3681 982 3734 ὅτι
1022 3680 1122 3733 οὐκ
1151 3680 1546 3752 ἐγκατελείφθη
1583 3683 1664 3745 είς
1693 3681 1818 3754 ᾅδου
1845 3683 1880 3752 ή

301 3766 446 3841 ψυχὴ
477 3769 664 3836 αὐτοῦ,
689 3771 810 3825 οὐδὲ
845 3773 879 3842 ή
907 3771 1042 3842 σὰρξ
1068 3771 1233 3850 αὑτρῦ
1267 3767 1410 3824 εἶδεν
1437 3772 1753 3844 διαφθοράν.
1784 3792 1803 3824 ι

372 3863 556 3917 Πολλά
585 3865 642 3918 δὲ
673 3863 816 3918 κατά
858 3864 1054 3917 ταυτὸν
1090 3865 1234 3934 ἡμᾶς
1265 3864 1351 3918 διὰ
1391 3864 1503 3917 τῶν
1536 3864 1733 3932 ὀλίγων
1761 3864 1882 3922 τού-

301 3972 409 4010 των
436 3955 790 4022 ὲξεπαίδευσε
823 3955 1020 4024 λόγων.
1048 3952 1273 4026 Πρῶτον
1305 3956 1404 4026 μὲν
1435 3956 1510 4018 ὼς
1547 3957 1580 4026 ή
1615 3956 1880 4026 ληφθεῖσα

305 4047 465 4112 φύσις
511 4047 575 4098 ὲκ
615 4045 713 4116 τῆς
759 4045 956 4117 ὀσφύος
1005 4047 1099 4100 τοῦ
1126 4048 1288 4102 Δαϐὶδ
1318 4049 1546 4115 κατάγει
1579 4048 1639 4101 τὸ
1682 4049 1877 4117 γένος⁹

304 4133 498 4187 ἔπειτα
524 4134 580 4187 δὲ
607 4135 688 4187 ὅτι
717 4136 776 4188 ού
815 4116 975 4206 σῶμα
1006 4136 1189 4206 μόνον,
1220 4137 1357 4191 ἀλλά
1397 4137 1494 4191 καὶ
1540 4137 1718 4210 ψυχὴν
1748 4139 1881 4192 ἀθά-

304 4237 464 4275 νατον
488 4221 678 4275 ἕλαϐε’
707 4225 800 4275 καὶ
832 4223 970 4294 πρὸς
997 4223 1227 4287 τούτοις,
1253 4225 1334 4276 ὅτι
1362 4223 1537 4277 ταῦτα
1560 4224 1638 4294 τῷ
1667 4223 1882 4294 θανάτῳ

303 4311 622 4380 παρέδωκεν
655 4311 791 4382 (15),
823 4311 858 4365 ἅ
885 4311 1068 4366 λαϐὼν
1109 4313 1272 4366 πάλιν
1321 4313 1620 4385 ἀνέστησεν
1649 4314 1724 4376 ὼς
1755 4313 1880 4382 ήθέ-

301 4401 490 4474 λησεν.
524 4403 702 4457 Αὑτοῦ
729 4405 838 4474 γάρ
879 4405 1028 4458 ἐστιν
1055 4406 1089 4475 ή
1123 4406 1274 4476 φωνή
1299 4421 1314 4436 ο
1348 4423 1367 4456 ι
1391 4404 1606 4459 Λύσατε
1636 4405 1728 4459 τὸν
1755 4405 1879 4458 ναὸν

299 4494 509 4558 τοῦτον,
543 4494 637 4547 καὶ
675 4495 734 4547 ὲν
783 4495 961 4564 τρισὶν
1003 4495 1240 4566 ήμέραις
1273 4494 1451 4567 ἐγερῶ
1475 4495 1655 4550 αὐτόν.
1697 4513 1716 4546 ι
1765 4497 1879 4550 Με-

304 4585 634 4655 μαθήκαμεν
656 4584 711 4636 δὲ
747 4583 882 4656 (16),
917 4585 992 4647 ὡς
1019 4587 1053 4655 ή
1097 4585 1217 4640 θεία
1247 4585 1410 4653 φύσις
1445 4586 1734 4650 ἀθάνατος.
1771 4585 1876 4639 Πέ-

303 4675 466 4727 πονθε
507 4673 619 4744 γὰρ
657 4675 719 4727 τὸ
775 4674 1050 4744 παθητὸν,
1082 4678 1176 4728 καὶ
1222 4676 1283 4728 τὸ
1323 4676 1532 4741 ἀπαθὲς
1567 4677 1876 4748 μεμένηκεν

299 4761 530 4825 ἀπαθές.
551 4763 970 4836 Ἐνηνθρὼπησε
990 4766 1098 4836 γὰρ
1128 4768 1155 4819 ὁ
1175 4766 1307 4830 Θεὸς
1328 4766 1633 4838 Λόγος-,οὐχ
1656 4767 1746 4820 ἵνα
1769 4784 1875 4821 πα-

301 4850 469 4923 θητὴν
491 4855 748 4926 ἀποφήνῃ
774 4853 871 4924 τὴν
895 4855 1077 4925 ἀπαθῆ
1103 4857 1285 4926 φύσιν,
1304 4857 1419 4911 ἀλλ’
1452 4859 1539 4913 ἵνα

298 4942 460 5008 φύσει
506 4943 595 4996 διά
624 4944 718 4997 τοῦ
753 4945 956 5008 πάθους
978 4947 1074 5015 τὴν
1108 4947 1380 5002 ἀπάθειαν
1401 4948 1736 5020 δωρήσηται.
1762 4949 1871 5002 Καὶ

297 5033 459 5097 αὐτὸς
497 5034 553 5086 δὲ
593 5037 622 5087 6
657 5035 860 5106 Κύριος
904 5039 963 5088 ὲν
1006 5039 1118 5099 τοῖς
1170 5039 1335 5107 ἱεροῖς
1380 5040 1734 5108 Εὐαγγελίοις
1778 5040 1872 5094 νῦν

300 5124 399 5192 μέν
433 5142 599 5196 φησιν
621 5142 635 5156 ·
673 5143 692 5176 ι
728 5127 1006 5192 Ἑξουσίαν
1034 5130 1140 5199 ἔχω
1189 5130 1363 5184 θεῖναι
1400 5133 1499 5200 τὴν
1535 5133 1715 5205 ψυχήν
1743 5153 1868 5204 μου,

297 5216 391 5268 καὶ
414 5217 662 5280 ἐξουσίαν
684 5219 791 5290 ἔχω
805 5223 965 5276 πάλιν
991 5221 1172 5275 λαϐεῖν
1191 5223 1380 5294 αὑτήν.
1401 5225 1591 5289 Οὐδεὶς
1608 5227 1753 5298 αίρει
1770 5229 1870 5281 aio-

296 5303 395 5373 τὴν
426 5307 523 5359 ἀπ’
547 5309 713 5378 ἐμοῦο
753 5310 864 5378 ἐγὼ
894 5312 1086 5383 τίθημι
1135 5315 1305 5386 αὐτὴν
1340 5316 1435 5370 ἀπ’
1487 5317 1748 5388 ἐμαυτοῦ,
1780 5320 1868 5374 ἵνα.

297 5395 459 5449 πάλιν
500 5397 651 5451 λάϐω
675 5399 846 5472 αὐτήν
919 5421 939 5453 ι
975 5403 1069 5458 νῦν
1106 5405 1198 5459 δέ·
1233 5426 1252 5458 ι
1289 5407 1390 5461 Διά
1421 5409 1576 5464 τοῦτο
1605 5413 1632 5465 6
1674 5415 1864 5486 Πατήρ

357 5564 414 5598 ’⁸⁸
450 5570 572 5628 Act.
610 5574 781 5642 11,50,
822 5577 915 5632 Ἠ.
987 5578 1252 5638 ".‘Joan.
1283 5599 1340 5650 ιι,
1374 5584 1462 5642 19.

306 5797 311 5803 Ι
371 5723 480 5867 (ﬂ;
511 5727 604 5780 τοῦ
629 5727 764 5781 Θεοῦ
786 5730 957 5800 Neap.

370 5795 457 5864 (15
510 5799 890 5867 παραδέδωκεν
917 5801 957 5856 Ν

370 5795 479 5867 (15)
510 5799 890 5867 παραδέδωκεν
903 5795 1080 5874 ’Νθαιι

1982 2047 2168 2111 homo,
2221 2048 2451 2118 suscipit
2481 2057 2662 2103 autem
2714 2049 2946 2104 hostiam
2986 2064 3111 2104 cum
3149 2049 3308 2103 Patre
3355 2058 3565 2103 etcum

1981 2147 2174 2192 saneto
2235 2138 2442 2208 Spiritu
2490 2149 2550 2193 ut
2583 2141 2746 2194 Deus.
2779 2140 2997 2194 Etenim
3037 2139 3081 2194 si
3128 2139 3320 2194 Adami
3363 2154 3571 2208 corpus

1981 2229 2161 2284 solum
2189 2239 2487 2298 peccasset,
2519 2231 2625 2285 hoc
2648 2229 2860 2300 1250
2879 2231 3054 2284 solum
3083 2229 3262 2284 curari
3296 2230 3565 2299 oportuis-

1983 2327 2090 2373 set.
2123 2318 2261 2385 Quia
2285 2335 2418 2374 vero
2442 2321 2622 2374 anima
2643 2336 2752 2374 non
2781 2321 2958 2378 solum
2987 2320 3150 2374 simul
3177 2322 3446 2389 peccavit,
3471 2318 3569 2372 sed

1979 2411 2136 2480 prius
2162 2411 2328 2467 etiam
2355 2412 2604 2481 peccavit
2621 2412 2794 2484 (prior
2817 2413 2966 2467 enim
2993 2412 3255 2482 cogitatio
3281 2419 3570 2481 peccatum

1980 2502 2256 2574 designat,
2287 2512 2402 2559 tum
2461 2503 2597 2557 illud
2638 2502 2838 2556 deinde
2873 2517 2972 2572 per
3015 2503 3221 2570 corpus
3255 2501 3568 2570 operatur),

1977 2611 2198 2666 aequum
2235 2596 2340 2652 fuit
2364 2595 2592 2650 omnino
2621 2595 2764 2650 hanc
2800 2596 2966 2650 etiam
2994 2594 3299 2663 persanari.
3343 2593 3450 2647 Sed
3477 2608 3569 2647 su-

1978 2671 2384 2758 pervacaneum
2425 2695 2512 2741 est
2555 2685 2798 2741 fortasse
2839 2684 3151 2740 rationibus
3187 2684 3292 2738 hoc
3339 2683 3571 2737 demon-

1979 2788 2178 2847 strare,
2223 2795 2350 2835 cum
2391 2779 2576 2835 divina
2638 2780 2924 2850 Scriptura
2975 2787 3168 2849 aperte
3218 2775 3562 2847 prenuntiet.

1977 2870 2118 2930 Nam
2145 2879 2203 2926 et
2236 2871 2457 2926 divinus
2493 2871 2688 2937 David,
2715 2880 2772 2927 et
2806 2869 3186 2926 divinissimus
3232 2869 3431 2928 Petrus
3485 2867 3569 2921 di-

1979 2969 2129 3016 serte
2151 2960 2258 3015 hoc
2280 2960 2507 3027 docent,
2536 2961 2628 3016 ille
2655 2961 2831 3016 multo
2851 2968 2977 3016 ante
3007 2959 3335 3028 vaticinans,
3362 2958 3455 3012 hic
3475 2973 3570 3012 va—

1979 3051 2234 3108 ticinium
2277 3053 2586 3109 declarans.
2615 3053 2706 3110 Sic
2737 3063 2923 3109 autem
2954 3054 3034 3108 ait
3070 3053 3329 3123 princeps
3350 3058 3571 3120 aposto-

1979 3142 2162 3198 lorum
2197 3161 2210 3197 :
2247 3163 2264 3194 ‹
2295 3143 2569 3214 Propheta
2590 3159 2716 3199 cum
2740 3153 2886 3198 esset
2915 3143 3109 3208 David,
3138 3151 3194 3197 et
3217 3143 3388 3197 sciret
3418 3139 3568 3212 quod

1977 3232 2342 3306 jurejurando
2364 3234 2606 3304 jurasset
2638 3233 2715 3286 illi
2740 3234 2885 3288 Deus
2905 3232 3259 3287 excitandum
3282 3229 3567 3284 Christum

1981 3323 2285 3378 secundum
2315 3339 2560 3391 carnem,
2595 3323 2663 3378 de
2703 3323 2887 3378 fructu
2914 3322 3089 3376 lumbi
3119 3321 3258 3392 ejus,
3287 3329 3349 3374 ut
3377 3317 3570 3373 sedeat

1979 3430 2147 3486 super
2167 3414 2354 3470 sedem
2385 3415 2522 3486 ejus,
2559 3415 2858 3484 providens
2907 3415 3126 3470 locutus
3161 3419 3247 3467 est
3274 3412 3342 3466 de
3375 3426 3565 3465 resur—

1979 3503 2226 3558 rectione
2255 3502 2462 3559 Christi
2487 3521 2501 3556 :
2528 3504 2659 3573 quia
2680 3520 2860 3574 neque
2884 3503 3146 3558 derelicta
3169 3511 3252 3556 est
3270 3503 3326 3555 in
3351 3499 3568 3555 inferno

1981 3597 2164 3652 anima
2188 3597 2327 3668 ejus,
2344 3611 2522 3667 neque
2549 3613 2679 3652 caro
2701 3598 2822 3668 ejus
2853 3597 2993 3652 vidit
3021 3595 3438 3666 corruptionem
3457 3591 3559 3645 ⁸⁵.»

2054 3884 2222 3940 Multa
2260 3894 2442 3940 autem
2472 3884 2664 3956 paucis
2707 3885 2795 3942 bis
2829 3886 3018 3942 verbis
3039 3887 3231 3942 eadem
3266 3901 3432 3956 opera
3464 3900 3568 3941 nos

1983 3977 2191 4032 docuit.
2229 3976 2473 4031 Primum
2497 3977 2743 4047 quidem,
2775 3979 2922 4048 quod
2964 3989 3160 4034 natura
3191 3977 3469 4049 assumpta
3497 3979 3568 4034 de

1981 4068 2172 4122 lumbo
2193 4068 2413 4124 Davidis
2441 4085 2616 4139 genus
2646 4069 2815 4125 ducat
2847 4070 3084 4125 :deinde
3116 4070 3263 4140 quod
3298 4085 3408 4124 non
3439 4086 3566 4124 cor-

1980 4175 2085 4228 pus
2109 4159 2308 4226 solum,
2335 4160 2432 4215 sed
2457 4160 2693 4216 animam
2727 4175 2948 4230 quoque
3001 4161 3299 4230 sumpserit
3337 4162 3566 4216 immor-

1982 4248 2148 4303 talem
2177 4267 2190 4303 :
2218 4258 2276 4306 et
2304 4260 2568 4320 praeterea
2595 4251 2743 4320 quod
2773 4251 2938 4306 morti
2972 4253 3090 4308 hare
3113 4251 3421 4317 tradiderit,
3445 4268 3568 4320 quae

1981 4337 2188 4394 iterum
2237 4356 2464 4397 sumens
2511 4341 2868 4396 exsuscitavit
2937 4342 3082 4396 sicut
3133 4341 3328 4396 voluit.
3390 4342 3569 4412 Ipsius

1980 4431 2130 4484 enim
2166 4447 2272 4485 vox
2296 4440 2380 4487 est
2418 4451 2432 4486 :
2465 4451 2484 4482 ι
2523 4432 2728 4488 Solvite
2759 4433 3024 4502 templum
3057 4433 3181 4498 hoc,
3213 4441 3272 4487 et
3299 4432 3355 4486 in
3389 4432 3570 4490 tribus

1909 4549 1952 4604 υ
1983 4518 2181 4574 diebus
2208 4523 2465 4579 excitabo
2489 4523 2625 4580 illud
2649 4524 2714 4578 ".
2749 4542 2768 4575 ι
2820 4524 3038 4579 Scimus
3093 4531 3279 4579 autem
3319 4523 3565 4578 divinam

1976 4618 2227 4668 naturam
2257 4627 2378 4668 esse
2405 4613 2794 4670 immortalem.
2818 4615 3020 4670 Passus
3041 4615 3188 4669 enim
3213 4623 3298 4669 est
3324 4615 3378 4669 id
3415 4617 3567 4684 quod

1970 4711 2092 4758 erat
2120 4701 2399 4772 passibile,
2435 4715 2492 4761 et
2517 4707 2858 4776 impassibile
2891 4707 3095 4762 mansit
3124 4707 3274 4777 quod
3293 4715 3432 4786 .erat
3463 4707 3568 4761 im-

1968 4795 2249 4864 passibile.
2282 4796 2480 4852 Factus
2511 4799 2717 4867 quippe
2759 4807 2845 4855 est
2891 4799 3058 4854 homo
3104 4799 3250 4854 Deus
3303 4797 3564 4864 Verbum,

1562 4861 1630 4930 τῇ
1656 4859 1872 4960 me]???
1967 4859 2082 4940 non
2105 4893 2166 4940 ut
2197 4886 2509 4954 passibilem
2530 4859 2821 4944 aed-deret
2854 4889 3254 4960 impassibilem
3276 4859 3561 4955 naturam,

1977 4976 2075 5031 sed
2137 4988 2198 5032 ut
2245 4979 2452 5048 125],
2498 4981 2744 5048 passibili
2793 4992 3008 5038 natura
3065 4983 3562 5054 impassibilitatem

1976 5066 2295 5138 largiretur.
2345 5071 2450 5125 Sed
2476 5081 2533 5126 et
2565 5073 2832 5128 Dominus
2857 5075 2976 5144 ipse
3015 5075 3071 5129 in
3113 5077 3285 5130 sacris
3306 5075 3562 5144 Evange-

1975 5158 2065 5212 liis
2083 5158 2192 5213 ait:
2219 5180 2237 5210 ι
2265 5161 2599 5218 Potestatem
2618 5163 2798 5218 habeo
2820 5167 3060 5234 ponendi
3093 5168 3335 5242 animam
3358 5182 3562 5233 meam,

1975 5254 2036 5300 et
2078 5253 2404 5314 potestatem
2451 5250 2630 5306 habeo
2673 5253 2872 5308 iterum
2917 5257 3170 5316 sumendi
3217 5273 3359 5313 eam.
3389 5257 3566 5314 Nemo

1973 5335 2118 5388 tollit
2157 5337 2172 5355 ⁹
2195 5351 2316 5392 eam
2362 5355 2392 5394 a
2426 5355 2514 5394 me
2548 5358 2560 5394 :
2591 5342 2687 5396 sed
2717 5359 2820 5412 ego
2848 5360 2994 5413 pono
3019 5362 3142 5400 eam
3175 5364 3207 5401 a
3239 5347 3470 5416 meipso.
3499 5353 3563 5400 ιιι

1975 5423 2176 5479 iterum
2231 5443 2446 5484 sumam
2480 5431 2652 5488 illam.
2687 5434 2845 5489 Nunc
2873 5451 3007 5496 vero
3040 5446 3334 5508 propterea
3362 5453 3451 5496 me
3473 5437 3564 5494 ὥς

2059 5750 2170 5824 (l6)
2203 5754 2295 5808 καί
2327 5755 2480 5813 addit
2505 5757 2671 5816 idem.
