4072 6430
453 400 589 464 1383

1368 348 1399 448 ’.
1439 383 1926 445 THEUDORETI
1964 380 2301 440 EPISCOPI
2342 376 2707 438 CYBENSIS

3579 360 3746 433 1386'

450 507 570 578 ligit
615 506 795 568 Pater,
831 502 957 570 quia
991 515 1092 569 ego
1130 511 1273 566 pono
1304 494 1541 546 animam
1576 504 1752 543 meam
1785 503 1886 557 pro
1920 487 2035 540 ovi—

2157 503 2210 538 1.6
2235 485 2442 555 ἀγαπᾷ,
2471 485 2553 537 ὅτι
2579 483 2690 548 ἐγὼ
2718 482 2914 553 τίθημι
2941 481 3040 552 τὴν
3084 481 3262 550 ψυχήν
3296 496 3394 547 μου
3437 479 3576 549 ὑπὲρ
3608 481 3720 534 τῶν

455 569 613 651 bus‘.
666 615 682 645 ι
733 594 798 647 Et
852 569 1100 645 iterum:
1147 605 1164 636 ‹
1209 585 1367 638 Nunc
1415 582 1598 635 anima
1643 569 1788 632 mea.
1819 577 2036 632 turbata

452 695 538 738 est
561 688 601 737 '.
640 705 656 735 ι
687 684 754 737 Et
802 693 1059 734 rursum:
1094 674 1344 728 «.Tristis
1385 680 1470 725 est
1503 670 1684 723 anima
1715 683 1835 722 mea
1864 680 2038 734 usque

452 776 520 831 ,ά
555 773 845 828 mortem’.
879 790 897 820 ι
931 770 997 823 Ει
1030 768 1098 821 de
1142 779 1374 832 corpore
1422 762 1553 816 item
1603 760 1737 814 dicit
1773 777 1786 812 :
1819 777 1836 808 ι
1875 757 2038 811 Panis

455 881 622 938 quem
662 879 764 934 ego
783 862 924 916 dabo
960 874 1090 914 caro
1125 873 1246 911 mea
1276 863 1380 918 est,
1427 868 1592 923 quam
1628 867 1730 921 ego
1757 850 1899 904 dabo
1937 862 2038 917 pro

453 955 646 1012 mundi
672 953 785 1009 vita
811 955 854 1006 ⁸.
894 970 912 1002 ι
943 950 1012 1004 Et
1041 964 1166 1002 cum
1203 946 1388 1000 divina
1417 944 1658 998 traderet
1679 939 1957 1012 mysteria,
1984 948 2041 993 et

422 1052 762 1122 ,symbolum
810 1047 1066 1117 fregisset
1115 1052 1171 1098 et
1211 1043 1509 1103 divisisset,
1555 1037 1832 1107 subjecit:
1873 1055 1890 1086 ι
1926 1035 2041 1089 Hoc

424 1123 541 1210 iest
563 1155 768 1210 corpus
798 1153 981 1192 meum
1027 1134 1174 1204 quod
1229 1147 1328 1201 pro
1377 1130 1536 1185 vobis
1563 1128 1836 1197 frangitur
1864 1125 1921 1179 in
1949 1139 2039 1178 re-

455 1235 775 1288 missionem
820 1237 1174 1300 peccatorum
1203 1227 1258 1290 5;
1298 1244 1315 1275 ι
1356 1233 1411 1278 et
1453 1236 1670 1276 rursum
1702 1237 1713 1272 :
1749 1239 1766 1270 ι
1802 1219 1902 1273 Hic
1955 1227 2042 1274 est

456 1323 682 1392 sanguis
711 1335 887 1384 meus,
925 1317 1018 1387 qui
1048 1331 1146 1386 pro
1174 1313 1360 1368 multis
1401 1311 1708 1365 eﬂ‘unditur
1739 1309 1795 1362 in
1845 1307 2040 1362 remis-

414 1482 416 1484 _
459 1417 673 1471 sionem
693 1420 1048 1483 peccatorum
1071 1409 1111 1460 ‘.
1133 1427 1149 1457 ι
1177 1407 1244 1460 Et
1270 1419 1523 1458 rursum:
1555 1421 1572 1452 ι
1599 1401 1713 1454 Nisi
1737 1399 2040 1453 manduca-

456 1507 651 1562 veritis
681 1519 902 1560 carnem
935 1501 1060 1556 Filii
1100 1497 1363 1560 hominis,
1389 1503 1446 1550 et
1476 1494 1733 1549 biberitis
1764 1493 1884 1562 ejus
1909 1507 2040 1545 san-

458 1601 827 1672 guinem,non
859 1592 1136 1649 habebitis
1165 1591 1336 1644 vitam
1366 1589 1422 1641 in
1446 1587 1668 1652 vobis’;
1709 1605 1727 1637 ι
1761 1594 1856 1640 et:
1886 1603 1903 1634 ι
1937 1583 2042 1648 Qui

458 1689 756 1744 manducat
805 1702 981 1740 meam
1014 1698 1259 1745 carnem,
1295 1689 1352 1734 et
1395 1679 1537 1733 bibit
1577 1693 1762 1732 meum
1820 1677 2044 1744 sangui-

457 1799 607 1847 nem,
636 1782 804 1835 habet
824 1780 992 1833 vitam
1013 1785 1275 1831 aeternam
1313 1775 1366 1827 in
1399 1772 1633 1842 seipse“.
1674 1790 1690 1821 ›
1724 1770 1903 1838 Atque
1935 1768 2042 1821 alia

457 1871 775 1943 hujusmodi
805 1869 1019 1924 infinita
1045 1866 1291 1936 reperire
1323 1871 1428 1927 est,
1453 1871 1568 1915 tum
1607 1863 1662 1915 in
1687 1861 1896 1922 Veteri,
1927 1868 2042 1912 tum

458 1965 517 2018 in
541 1964 715 2026 Novo,
744 1963 940 2014 animm
970 1959 1327 2029 corporisque
1357 1954 1782 2023 assumptionem
1817 1953 2045 2006 demon-

458 2054 712 2116 strantia,
738 2060 796 2106 et
824 2051 970 2120 quod
1004 2050 1072 2103 ab
1095 2049 1407 2107 Abrahamo
1427 2056 1483 2100 et
1510 2045 1713 2099 Davide
1745 2045 1846 2098 ista
1874 2057 2046 2112 genus

459 2147 685 2201 ducant.
738 2145 941 2214 Joseph
985 2157 1205 2212 quoque
1251 2141 1320 2194 ab
1363 2137 1668 2191 Arimathia
1709 2135 1936 2189 veniens
1975 2134 2046 2188 ad

459 2237 699 2290 Pilatum
735 2235 894 2304 petiit
922 2248 1126 2302 corpus
1173 2232 1302 2286 Jesu
1342 2249 1354 2282 :
1398 2229 1668 2297 docetque
1715 2244 1816 2282 nos
1857 2240 2047 2280 sacro-

461 2344 586 2382 rum
621 2326 1044 2395 Evangeliorum
1079 2332 1268 2393 aperte
1292 2321 1698 2390 quaternarius,
1738 2333 1848 2387 quo
1887 2325 2047 2386 pacto

462 2418 740 2487 acceperit
785 2432 986 2485 corpus
1022 2424 1079 2471 et
1128 2414 1349 2469 sindoni
1391 2414 1699 2468 involutum
1729 2411 2048 2480 deposuerit

464 2507 521 2562 in
551 2507 910 2560 monimento.

537 2712 652 2782 Ego
698 2710 803 2765 lleo
828 2726 891 2765 ac
926 2711 1106 2782 lugeo,
1151 2710 1364 2779 1252
1388 2707 1534 2778 quod
1567 2722 1690 2776 quae
1720 2706 1926 2760 dudum
1956 2705 2051 2758 ad-

467 2822 666 2863 versus
688 2805 979 2860 Marcionis
1010 2805 1133 2857 tabe
1156 2809 1447 2871 corruptos
1468 2806 1790 2868 argumenta
1821 2795 2047 2866 protuli,

466 2898 862 2966 convictosque
906 2895 1002 2949 Dei
1040 2892 1310 2948 beneﬁcio
1360 2893 1544 2960 plures
1572 2890 1760 2943 decem
1809 2887 2053 2941 millibus

469 2993 538 3045 ad
571 2988 978 3044 sanctissimum
1011 2985 1284 3054 baptisma
1311 2983 1566 3052 perduxi,
1599 2998 1662 3036 ea
1692 2998 1839 3036 nunc
1869 2981 1921 3034 in
1957 2995 2053 3035 eos

469 3083 564 3152 qui
608 3080 735 3135 lidei
767 3087 969 3134 nostra;
1002 3078 1305 3132 creduntur
1341 3085 1532 3129 exorta
1560 3075 1784 3128 haeresis
1807 3073 2052 3142 proferre

471 3180 648 3243 cogat.
689 3171 871 3240 Ecqua
915 3169 1062 3224 enim
1112 3169 1180 3222 de
1223 3167 1309 3220 his
1347 3181 1587 3235 unquam
1625 3165 1767 3233 apud
1796 3164 2054 3218 Ecclesiae

471 3263 726 3318 alumnos
782 3262 996 3316 exstitit
1047 3258 1366 3313 dubitatio?
1416 3258 1526 3312 Aut
1580 3257 1704 3326 quis
1737 3267 2052 3310 sanctorum

473 3355 696 3408 Patrum
727 3353 1036 3408 doctrinam
1071 3351 1230 3404 istam
1271 3364 1380 3402 non
1413 3348 1683 3401 tradidit?
1714 3345 1886 3417 Hujus
1906 3346 2052 3400 enim

473 3445 633 3514 plena
662 3455 791 3499 sunt
821 3443 1000 3514 magni
1029 3442 1214 3496 Basilii
1243 3457 1429 3509 opera,
1471 3441 1698 3510 ejusque
1721 3440 2053 3493 commilito-

478 3551 608 3590 num
663 3535 914 3604 Gregorii
963 3542 1020 3587 et
1076 3531 1470 3602 Amphilochii,
1513 3541 1570 3584 et
1621 3531 1841 3583 illorum
1876 3530 1968 3598 qui
1999 3529 2055 3582 in

475 3624 774 3680 Occidente
818 3623 1070 3678 doctrina
1112 3623 1302 3692 gratiae
1329 3623 1680 3686 .claruerunt,
1705 3622 1921 3675 Damasi
1944 3637 2058 3674 ma-

478 3732 598 3786 gnae
649 3717 855 3780 Romaz,
918 3724 973 3769 et
1023 3714 1298 3769 Ambrosii
1358 3714 1667 3778 Mediolani,
1715 3722 1770 3768 et
1801 3713 2054 3784 Cypriani

478 3806 844 3876 Carthaginis,
875 3806 968 3875 qui
1001 3805 1249 3876 martyrii
1291 3805 1454 3858 etiam
1508 3821 1764 3859 coronam
1817 3820 1918 3873 pro
1973 3805 2058 3857 his

479 3896 830 3968 dogmatibus
853 3895 1088 3964 adeptus
1119 3905 1221 3949 est.
1245 3894 1580 3948 Athanasius
1610 3895 1701 3947 ille
1742 3893 1883 3947 fama
1913 3894 2059 3948 cele-

481 3989 759 4044 berrimus
789 3987 1083 4057 quinquies
1112 4002 1141 4039 a
1174 4001 1335 4056 grege
1367 4001 1466 4039 suo
1496 3985 1761 4054 depulsus
1785 3995 1888 4048 est,
1915 3993 1970 4038 et
2005 3989 2060 4038 in

482 4080 678 4137 exsilio
722 4081 906 4135 vivere
953 4089 1196 4142 coactus,
1239 4087 1293 4132 et
1325 4077 1634 4131 Alexander
1655 4078 1774 4146 ejus
1801 4077 2062 4147 magister

482 4189 584 4243 pro
613 4171 808 4226 iisdem
841 4171 1188 4241 dogmatibus
1234 4169 1555 4224 decertavit.
1605 4169 1949 4233 Eustathius,
2008 4179 2064 4224 et

483 4263 756 4326 Meletius,
789 4273 844 4317 et
878 4263 1189 4327 Flavianus,
1210 4262 1453 4317 Orientis
1475 4262 1702 4325 lumina,
1725 4272 1782 4315 et
1803 4263 2061 4330 Ephraim

486 4352 618 4406 tuba
650 4352 890 4420 Spiritus
921 4351 1182 4422 Syrorum
1216 4360 1434 4422 gentem
1460 4351 1649 4420 gratia:
1683 4351 1904 4405 ﬂuentis
1936 4351 2065 4404 irri-

483 4456 621 4512 gans
671 4441 938 4509 quotidie,
988 4451 1045 4495 et
1101 4442 1341 4496 Joannes
1387 4444 1402 4460 ‘
1450 4448 1507 4494 et
1557 4440 1772 4495 Atticus
1818 4442 2067 4496 veritatis

2141 577 2502 658 προϐατίων
2550 575 2661 627 Καὶ
2701 573 2863 626 πάλιν
2887 588 2899 599 ·
2937 591 2954 623 ι
2989 571 3102 623 Νῦν
3141 574 3176 642 η
3209 571 3354 640 ψυχή
3412 586 3514 639 μου
3557 570 3722 624 τετά-

2142 685 2361 739 ρακται.
2389 686 2407 719 ι
2447 667 2556 720 Καὶ
2591 663 2747 728 αὖθις
2773 684 2784 694 ⁸
2825 683 2844 716 ι
2872 663 3183 735 Περίλυπός
3211 666 3358 716 ἐστιν
3383 662 3417 732 ὴ
3439 661 3584 732 ψυχή
3617 680 3722 732 μου

2139 759 2245 823 ἓως
2271 758 2525 812 Θανάτου.
2551 777 2568 810 ι
2597 759 2706 811 Καὶ
2737 773 2801 809 πε
2814 759 2866 828 pi.
2892 755 2986 808 τοῦ
3017 754 3267 826 σώματος
3296 754 3353 807 δέ
3388 772 3552 823 φησιν
3577 770 3589 783 ·
3621 773 3638 804 ι
3663 747 3729 802 Ὀ

2139 850 2198 903 δὲ
2235 849 2401 919 ἄρτος
2437 849 2497 901 ὃν
2541 847 2652 916 ἐγὼ
2685 847 2861 911 δώσω,
2906 849 2939 918 ἡ
2974 845 3112 918 σάρξ
3144 863 3246 916 μου
3290 847 3460 911 εστὶν,
3496 847 3562 916 ἣν
3611 843 3726 913 ἐγὼ

2141 942 2298 996 δώσω
2325 941 2467 1011 ὑπὲρ
2494 942 2596 1011 τῆς
2628 940 2723 994 τού
2773 941 2978 1010 κόσμου
3001 939 3166 1009 ζωῆς.
3201 957 3220 990 ι
3264 940 3376 992 Καὶ
3406 938 3473 989 τὰ
3514 937 3635 990 θεῖα
3664 937 3724 989 δὲ

2141 1035 2419 1105 παραδοὺς
2462 1033 2774 1102 μυστήρια,
2821 1031 2914 1084 καὶ
2953 1029 3015 1082 τὸ
3065 1028 3335 1098 σύμὸολον
3374 1027 3581 1091 κλάσας
3627 1028 3724 1081 καὶ

2141 1125 2444 1196 διανείμας,
2481 1124 2763 1193 ἐπήγαγε·
2799 1140 2818 1173 ‹
2844 1121 3015 1174 Τοῦτό
3049 1138 3148 1190 μου
3195 1120 3313 1171 ἐστὶ
3345 1119 3406 1172 τὸ
3448 1119 3630 1188 σῶμα,
3661 1119 3724 1170 τὸ

2142 1219 2284 1288 ὑπὲρ
2311 1217 2465 1288 ὑμῶν
2504 1216 2880 1285 θρυπτόμενον
2910 1215 2988 1276 εἰς
3019 1212 3213 1280 ἄφεσιν
3242 1211 3549 1282 ἁμαρτιῶν.
3578 1230 3594 1260 ι
3613 1211 3727 1264 Καὶ

2143 1311 2305 1366 πάλιν
2329 1328 2342 1340 ·
2384 1330 2402 1361 ι
2434 1309 2606 1362 Τοῦτό
2649 1325 2750 1379 μου
2792 1308 2910 1360 ἐστὶ
2945 1306 3006 1358 τὸ
3047 1301 3208 1375 αἷμα,
3243 1304 3304 1356 τὸ
3339 1304 3476 1374 ὑπὲρ
3515 1301 3725 1356 πολλῶν

2143 1403 2510 1473 ὲκχυνόμενον
2565 1404 2646 1464 εἰς
2700 1402 2894 1465 ἄφεσιν
2955 1397 3264 1468 ἁμαρτιῶν.
3311 1415 3330 1447 ι
3374 1398 3486 1449 Καὶ
3533 1391 3722 1456 αὖθις·

2149 1517 2168 1549 ι
2194 1497 2291 1549 “Av
2323 1494 2398 1566 μὴ
2428 1497 2640 1564 φάγητε
2669 1493 2773 1563 τὴν
2801 1493 2982 1562 σάρκα
3001 1489 3098 1544 τοῦ
3130 1488 3261 1542 Υίοῦ
3285 1486 3378 1541 τοῦ
3410 1485 3723 1556 ἀνθρώπου,

2143 1589 2239 1642 καὶ
2271 1587 2432 1655 πίητε
2475 1584 2642 1638 αὑτοῦ
2672 1583 2734 1636 τὸ
2788 1578 2948 1652 αἷμα,
2996 1582 3099 1634 οὐκ
3142 1580 3293 1650 ἔχετε
3328 1579 3472 1649 ζωὴν
3510 1581 3567 1631 ἐν
3601 1580 3729 1631 ἑαυ-

2142 1683 2279 1739 τοῖς.
2317 1699 2336 1730 ι
2376 1678 2515 1731 Καί·
2563 1697 2580 1728 ι
2611 1677 2672 1729 'O
2701 1675 2896 1728 ἐσθίων
2929 1691 3031 1742 μου
3061 1673 3161 1743 τὴν
3193 1673 3393 1742 σάρκα,
3433 1670 3528 1723 καί⁵
3553 1668 3727 1722 πίνων

2150 1790 2250 1843 μου
2284 1771 2345 1823 τὸ
2387 1765 2547 1840 αἷμα,
2597 1768 2710 1838 ἔχει
2764 1766 2906 1836 ζωὴν
2956 1768 3013 1818 ὲν
3061 1764 3242 1833 ἑαυτῷ
3273 1762 3508 1815 αίώνιον.
3549 1780 3568 1812 ι
3616 1762 3730 1814 Καὶ

2147 1865 2312 1935 ἕτερα
2343 1863 2401 1915 δὲ
2453 1859 2681 1914 τοιαῦτα
2727 1857 2896 1927 μυρία
2941 1855 3086 1908 ἔστιν
3139 1855 3339 1924 εὑρεῖν,
3375 1854 3478 1906 κάν
3512 1855 3576 1922 τῇ
3611 1853 3730 1904 Πα-

2148 1957 2300 2026 λαιᾷ,
2330 1956 2429 2010 κάν
2449 1955 2515 2023 τῇ
2545 1953 2745 2020 Καινῇ,
2779 1949 2874 2002 καὶ
2903 1947 2999 2000 τοῦ
3026 1947 3278 2017 σώματος
3304 1946 3396 1998 καὶ
3425 1947 3525 2016 τῆς
3549 1944 3732 2012 ψυχῆς

2147 2045 2432 2099 δεικνύντα
2473 2043 2572 2113 τὴν
2617 2039 2943 2110 πρόσληψιν,
2975 2038 3067 2090 καὶ
3109 2036 3183 2099 ὡς
3231 2035 3290 2102 ἐξ
3335 2035 3587 2105 Ἀϐραὰμ
3635 2034 3731 2086 καὶ

2149 2133 2312 2189 Δαϐὶδ
2345 2133 2493 2186 ἕλκει
2526 2131 2700 2184 ταῦτα
2728 2129 2790 2182 τὸ
2818 2129 2996 2197 γένος.
3041 2127 3151 2180 Καὶ
3185 2125 3382 2194 Ἰωσὴφ
3429 2124 3484 2177 δὲ
3512 2127 3540 2176 6
3579 2123 3732 2193 Ἀριδ

2154 2228 2385 2299 μαθαῖος
2417 2227 2494 2296 τῷ
2523 2224 2742 2291 Πιλάτῳ
2781 2220 3116 2291 προσελθὼν,
3149 2219 3318 2289 ᾔτησε
3349 2216 3410 2268 τὸ
3446 2214 3606 2283 σῶμα
3638 2212 3730 2265 τοῦ
3791 2283 3794 2285 Δ

2162 2317 2358 2388 Ἰησοῦ.
2392 2315 2501 2367 Καὶ
2532 2312 2772 2366 διδάσκει
2801 2310 2949 2379 ἡμᾶς
2976 2307 3272 2378 διαρρήδην
3296 2303 3405 2355 τῶν
3438 2299 3598 2370 ἱερῶν
3628 2299 3735 2350 Εὑ-

2152 2409 2426 2479 αγγελίων
2450 2409 2483 2475 ἡ
2522 2403 2845 2474 τετρακτὺς,
2880 2403 3028 2460 ὅπως
3066 2415 3124 2450 τε
3151 2395 3311 2449 ἔλαϐε
3337 2394 3398 2446 τὺ
3432 2392 3612 2460 σῶμα,
3636 2391 3738 2441 καὶ

2150 2498 2298 2558 ὅπως
2328 2494 2574 2564 ὲνείλησε
2597 2493 2664 2562 τῇ
2692 2489 2908 2553 σινδόνι,
2951 2489 3046 2541 καὶ
3091 2488 3238 2548 ὅπως
3272 2482 3352 2552 τῷ
3392 2481 3550 2549 τάφῳ
3586 2495 3733 2547 παρ-

2152 2585 2374 2641 έδωκεν.

2234 2699 2377 2766 Ἐγὼ
2399 2697 2582 2768 θρηνῶ
2613 2695 2706 2748 καὶ
2743 2693 3024 2764 ὀδύρομαι,
3063 2692 3145 2745 ὅτι
3179 2689 3244 2752 ἃς
3272 2688 3464 2760 πρώην
3489 2687 3604 2746 τοῖς
3633 2682 3731 2736 τοῦ

2153 2790 2481 2861 Μαρκίωνος
2507 2787 2604 2858 τὴν
2651 2787 2832 2856 λύμην
2869 2781 2980 2854 (l7)
3030 2781 3347 2851 δεξαμένοις
3391 2776 3734 2848 προσέφερον

2153 2879 2456 2945 ἀποδείξεις
2501 2877 2616 2948 (καὶ
2645 2877 2861 2938 πλείους
2885 2875 2917 2945 ἢ
2959 2873 3188 2942 μυρίους
3206 2869 3294 2922 διὰ
3321 2872 3420 2939 τῆς
3458 2866 3609 2927 θείας
3633 2866 3738 2933 χά-

2157 2989 2304 3043 ριτος
2332 2969 2526 3030 πείσας
2571 2968 2922 3037 προσήγαγον
2951 2963 3029 3032 τῷ
3059 2961 3309 3028 παναγίῳ
3339 2953 3735 3026 βαπτίσματι),

2155 3064 2358 3124 ταύτας
2393 3061 2487 3113 νῦν
2531 3063 2646 3121 τοῖς
2688 3057 3022 3128 νομισθεῖσιν
3059 3052 3378 3123 όμοπίστοις
3427 3051 3458 3117 ἠ
3503 3049 3742 3113 ἐπισκή-

2083 3197 2125 3254 c
2156 3157 2305 3227 ψασα
2341 3154 2495 3216 νόσος
2521 3152 2855 3224 προσφέρειν
2897 3147 3323 3214 καταναγκάζει.
3355 3143 3453 3204 Τίς
3479 3141 3587 3210 γὰρ
3617 3138 3739 3190 πω-

2161 3265 2289 3301 ποτε
2337 3247 2465 3316 περὶ
2516 3243 2722 3296 τούτων
2768 3245 2880 3304 τοῖς
2933 3241 3036 3308 τῆς
3076 3236 3401 3308 Ἑκκλησίας
3448 3232 3744 3303 τροφίμοις

2157 3343 2571 3412 ἀμφισϐήτησις
2615 3340 2844 3408 γέγονε;
2883 3335 2980 3398 Τίς
3009 3335 3065 3386 δὲ
3109 3332 3217 3385 τῶν
3266 3331 3434 3399 ἁγίων
3477 3327 3745 3395 Πατέρων

2156 3437 2217 3488 οὐ
2265 3435 2421 3504 τήνδε
2450 3432 2548 3502 τὴν
2606 3428 2956 3483 διδασκαλίαν
3005 3427 3377 3496 προσήνεγκε;
3403 3421 3594 3492 Πλήρη
3627 3418 3743 3486 γάρ

2157 3526 2363 3598 ταύτης
2387 3526 2480 3579 καὶ
2502 3525 2570 3578 τὰ
2594 3523 2686 3575 τοῦ
2721 3522 2960 3592 μεγάλου
2989 3517 3272 3571 Βασιλείου
3307 3512 3744 3582 συγγράμματα,

2160 3621 2253 3672 καὶ
2286 3618 2355 3670 τὰ
2399 3616 2507 3668 τῶν
2557 3615 2767 3666 ἐκείνου
2829 3607 3246 3677 συναγωνιστῶν
3292 3598 3748 3680 Γρηγορίουικαὶ

2173 3708 2547 3778 Ἀμφιλοχίου,
2579 3705 2674 3757 καὶ
2702 3703 2809 3755 τῶν
2843 3703 2899 3753 ὲν
2929 3703 2994 3771 τῇ
3027 3699 3186 3751 Δύσει
3227 3694 3642 3765 διαπρεψάντων
3684 3689 3748 3741 ἐν

2161 3806 2226 3872 τῇ
2251 3797 2572 3868 διδασκαλίᾳ
2605 3796 2704 3866 τῆς
2743 3795 2986 3864 χάριτος,
3018 3789 3275 3860 Δαμάσου
3310 3785 3402 3839 τοῦ
3438 3784 3538 3853 τῆς
3568 3781 3744 3851 μεγά-

2161 3871 2260 3962 λης
2294 3890 2534 3960 Ῥώμης,
2573 3888 2666 3940 καὶ
2728 3883 3056 3954 Ἀμϐροσίου
3114 3879 3208 3932 τοῦ
3243 3874 3607 3936 Μεδιολὰνων,
3649 3871 3749 3923 καὶ

2164 3981 2482 4054 Κυπριανοῦ
2513 3979 2608 4031 τοῦ
2666 3974 3037 4047 Καρχηδόνος,
3069 3973 3126 4034 ὃς
3165 3970 3260 4022 καὶ
3302 3967 3396 4019 τοῦ
3441 3963 3749 4035 μαρτυρίου

2163 4077 2254 4128 τὸν
2279 4075 2542 4141 στέφανον
2571 4067 2857 4133 ἀνεδέξατο
2889 4065 3029 4134 ὑπὲρ
3055 4060 3282 4114 τουτωνὶ
3306 4057 3414 4110 τῶν
3435 4055 3748 4124 δογμάτων.

2179 4165 2496 4226 Ἀθανάσιος
2538 4163 2744 4222 ἐκεῖνος
2791 4159 2820 4210 6
2875 4153 3314 4225 πολυθρύλλητος
3347 4148 3606 4207 πεντάκις
3657 4143 3752 4206 ἑξ-

2165 4258 2340 4328 ηλάθη
2369 4256 2468 4324 τῆς
2495 4253 2750 4322 ποίμνης,
2780 4249 2875 4302 καὶ
2917 4249 3015 4315 τὴν
3055 4243 3351 4312 ὑπερορίαν
3390 4241 3557 4291 οἰκεῖν
3581 4238 3757 4304 ἠναγ-

2168 4349 2368 4417 κάσθη.
2392 4347 2504 4400 Καὶ
2530 4343 2879 4410 Ἀλέξανδρος
2896 4339 2952 4390 δὲ
2970 4340 2995 4389 6
3017 4336 3224 4388 ἐκείνου
3240 4327 3559 4389 διδάσκαλος
3605 4327 3755 4396 ὑπὲρ

2167 4443 2374 4496 τούτων
2417 4439 2727 4508 ἠγωνίσατο
2782 4433 2891 4484 τῶν
2949 4428 3256 4496 δογμάτων.
3290 4420 3610 4482 Εὑστάθιος,
3657 4421 3757 4470 καὶ

485 4549 681 4605 magna
717 4550 848 4589 voce
868 4550 1168 4604 praecones,
1199 4541 1361 4603 atque
1385 4533 1472 4587 his
1502 4533 1682 4587 adhuc
1703 4533 2054 4602 antiquiores,

2168 4532 2451 4593 Μελὲτιος,
2472 4528 2565 4580 καὶ
2581 4522 2901 4583 Φλαϐιανὸς,
2925 4519 3026 4588 τῆς
3058 4515 3346 4584 ’Λνατολῆς
3362 4515 3410 4565 oi
3438 4510 3755 4580 φωστῆρες,

486 4627 750 4696 lgnatius,
785 4637 840 4679 et
870 4627 1223 4697 Polycarpus,
1265 4634 1321 4678 et
1347 4625 1602 4686 lrenaeus,
1636 4632 1691 4676 et
1719 4623 1988 4687 Justinus,
2014 4632 2070 4679 et

488 4719 833 4791 Hippolytus,
862 4734 1097 4788 quorum
1131 4715 1382 4785 plerique
1409 4730 1519 4768 non
1555 4715 1716 4768 modo
1753 4715 1897 4769 inter
1931 4730 2072 4784 pon—

491 4812 666 4866 tilices
726 4810 1052 4880 praelucent.
1108 4807 1206 4861 sed
1265 4813 1566 4876 martyrum
1625 4806 1788 4859 etiam
1842 4807 2072 4862 chorum

490 4909 778 4956 exornant.
827 4899 933 4954 Sed
983 4906 1040 4952 et
1086 4896 1182 4963 qui
1203 4910 1353 4949 nunc
1375 4911 1624 4964 magnam
1657 4895 1881 4951 Romam
1914 4900 2072 4968 regit,

491 4999 878 5057 rectorumque
906 4986 1224 5056 dogmatum
1250 4985 1431 5039 radios
1460 4985 1528 5038 ab
1548 4985 1755 5042 Occasu
1800 4988 2071 5058 undiqua-

490 5097 599 5152 que
659 5078 940 5141 diﬂ‘undit,
993 5077 1372 5132 sanctissimus
1422 5077 1555 5141 Leo,
1617 5079 1827 5150 1253
1866 5080 2073 5135 hancce

491 5170 654 5226 nobis
690 5169 818 5223 ﬁdei
851 5167 1097 5238 regulam
1123 5168 1324 5223 litteris
1353 5169 1469 5224 suis
1489 5171 1762 5238 exposuit.
1801 5170 1867 5224 Hi
1888 5185 2080 5225 omnes

492 5265 686 5330 aperte
731 5257 1063 5321 docuerunt,
1095 5257 1242 5326 quod
1282 5274 1427 5312 unus
1461 5259 1534 5312 sit
1559 5259 1732 5314 Filius
1763 5261 2082 5331 unigenitus

492 5352 591 5407 Dei
627 5349 799 5405 Filius
831 5356 887 5402 et
911 5349 1054 5402 Deus
1078 5357 1205 5403 ante
1232 5351 1428 5404 saecula
1448 5365 1515 5404 ex
1543 5351 1704 5406 Patre
1727 5351 2081 5406 inell‘abiliter

491 5444 833 5516 genitus;et
865 5441 1012 5512 quod
1053 5450 1178 5512 post
1225 5441 1661 5497 incarnationem
1695 5443 1864 5497 etiam
1908 5443 2080 5498 Filius

589 5611 606 5640 ί
644 5608 802 5663 Joan.
833 5624 887 5669 ι,
926 5607 1012 5661 l8.
1085 5608 1105 5637 ²
1145 5606 1301 5660 Joan.
1331 5619 1427 5665 xu,
1463 5603 1553 5656 27.
1597 5603 1826 5659 ³Μὶὶῐῐ11.
1853 5620 1999 5671 xm,
2027 5604 2115 5658 58.

495 5677 516 5709 ’
553 5678 711 5734 Joan.
750 5695 824 5743 v1,
851 5678 938 5732 54.
1018 5678 1039 5708 ⁸
1077 5675 1214 5729 ibid.
1256 5674 1344 5727 55.

568 5830 680 5901 {l7}
712 5833 820 5894 τοῖς
847 5829 941 5902 τὴν
970 5831 1154 5901 Μαρκ.
1191 5829 1370 5900 λύμην
1403 5828 1568 5898 Neap.

2172 4627 2264 4678 καὶ
2309 4623 2571 4690 Ἐφραὶμ,
2611 4623 2642 4688 ἡ
2678 4616 2770 4668 τοῦ
2837 4613 3155 4682 Πνεύματος
3203 4607 3364 4678 λύρα,
3399 4605 3427 4655 6
3469 4603 3528 4655 τὸ
3562 4601 3758 4670 Σύρων

2173 4713 2325 4774 ἔθνος
2352 4711 2531 4780 ἄρδων
2565 4706 2838 4776 ὁσημέραι
2873 4706 2986 4765 τοῖς
3009 4703 3105 4768 τῆς
3138 4699 3361 4768 χάριτος
3397 4697 3624 4764 νάμασι,
3653 4693 3754 4742 καὶ

2187 4804 2437 4870 Ἰωάννης
2463 4802 2558 4852 καὶ
2593 4796 2841 4857 Ἀττικὸς
2865 4796 2911 4847 οἱ
2945 4796 3042 4863 τῆς
3070 4790 3327 4861 ἀληθείας
3379 4784 3762 4855 μεγαλόφωνοι

2176 4897 2416 4964 κήρυκες
2440 4908 2451 4918 ·
2487 4891 2580 4944 καὶ
2625 4891 2674 4941 οἱ
2714 4887 2915 4940 τούτων
2943 4884 3326 4955 πρεσϐύτεροι,
3364 4879 3621 4946 Ἰγνάτιος
3663 4876 3764 4927 καὶ

2182 4985 2583 5054 Πολύκαρπος,
2633 4981 2726 5034 καὶ
2789 4980 3109 5049 Εἰρηναῖος,
3161 4973 3253 5026 καὶ
3297 4971 3604 5029 Ἰουστῖνυς,
3663 4965 3767 5018 καὶ

2191 5078 2528 5140 Ἱππόλυτος,
2562 5072 2637 5128 ὧν
2671 5075 2719 5127 οἱ
2760 5074 2977 5134 πλείους
3016 5071 3116 5124 οὐκ
3152 5065 3454 5138 ἀρχιερέων
3501 5062 3758 5134 προλάμ-

2182 5187 2345 5222 πουσι
2385 5170 2566 5238 μόνον,
2605 5166 2740 5219 ἀλλὰ
2777 5165 2870 5218 καὶ
2921 5163 3028 5214 τῶν
3074 5158 3367 5232 μαρτύρων
3400 5152 3763 5222 διακοσμοῦσι

2178 5261 2357 5330 χορόν.
2403 5259 2512 5312 Καὶ
2555 5258 2655 5328 μὲν
2691 5257 2754 5326 δὴ
2789 5255 2883 5307 καὶ
2926 5255 2954 5306 6
2984 5253 3079 5305 νῦν
3113 5252 3212 5321 τὴν
3259 5246 3500 5319 μεγάλην
3540 5244 3768 5314 Ῥώμην

2182 5352 2400 5409 ἰθύνων,
2431 5349 2525 5402 καὶ
2554 5349 2663 5399 τῶν
2718 5345 2898 5416 ὀρθῶν
2950 5343 3237 5412 δογμάτων
3287 5341 3384 5401 τάς
3433 5338 3654 5396 ἀκτῖνας
3698 5337 3771 5387 ἐκ

2179 5445 2276 5512 τῆς
2321 5443 2596 5512 Ἐσπέρας
2628 5440 2863 5492 πάντοσε
2897 5436 3152 5490 ἐκτείνων
3183 5436 3212 5486 6
3241 5431 3542 5501 ἁγιώτατος
3587 5427 3769 5493 Λέων,

2181 5605 2200 5636 ⁸
2222 5608 2380 5662 Joan.
2407 5620 2484 5670 vr,
2511 5603 2580 5658 52
2635 5603 2656 5635 ⁵
2682 5601 2872 5656 Matth.
2898 5578 3044 5665 xxi-1,
3077 5596 3168 5653 26.
3223 5597 3243 5628 ⁸
3264 5593 3458 5648 Matth.
3486 5602 3636 5646 xm:
3671 5585 3772 5640 9.9..
