4072 6426
361 393 475 457 385

323 508 528 562 τοῦτον
575 511 706 582 ἡμῖν
759 510 858 578 τῆς
893 510 1130 573 πίστεως
1162 511 1252 565 τὸν
1308 514 1630 585 χαρακτῆρα
1680 517 1767 570 διὰ

321 597 552 651 οἰκείων
624 600 970 668 γραμμάτων
1033 604 1427 672 προσήνεγκεν.
1486 600 1647 658 Οὗτοι
1713 607 1914 671 πάντες

320 689 520 758 σαφῶς
564 688 1076 757 ἐξεπαίδευσαν,ὼς
1121 686 1204 755 εἷς
1244 692 1372 755 Υἱὸς
1407 695 1436 745 6
1483 696 1778 768 μονογενὴς
1821 699 1913 751 τοῦ

315 781 461 834 Θεοῦ
513 781 638 844 Υἱὸς
708 783 802 835 καὶ
853 783 986 846 Θεὸς
1042 783 1367 855 προαιώνιος
1419 787 1484 838 ἐκ
1549 787 1644 840 τοῦ
1702 790 1920 860 ΙΙατρὸς,

313 873 585 942 ἀρρήτως
612 876 975 945 γεγενημένος
990 893 1014 906 ’-
1053 879 1147 930 καὶ
1195 877 1272 940 ὼς
1309 877 1449 947 μετὰ
1492 878 1591 948 τὴν
1637 880 1909 952 ἐνανθρώ-

314 982 490 1034 πησιν
549 967 644 1018 καὶ
703 966 830 1031 Υἱὸς
885 968 1177 1038 ἀνθρώπου
1241 971 1336 1022 καὶ
1399 970 1682 1042 ἄνθρωπος
1742 974 1911 1044 ἐχρη-

315 1053 587 1119 μάτισεν,
635 1055 737 1108 οὐκ
793 1057 874 1119 είς
928 1056 1091 1110 τοῦτο
1143 1058 1381 1128 τραπεὶς
1435 1059 1747 1132 (ἄτρεπτον
1799 1063 1908 1133 γὰρ

313 1141 436 1211 ἔχει
472 1143 574 1214 τὴν
609 1145 831 1214 φύσιν),
864 1147 1001 1200 ἀλλά
1031 1148 1358 1220 προσλαϐὼν
1385 1151 1445 1204 τὸ
1477 1153 1748 1225 ἡμέτερον
1769 1171 1781 1184 ⁸
1811 1157 1905 1210 καὶ

309 1233 392 1287 ὅτι
422 1236 590 1300 αὐτὸς
651 1239 746 1291 καὶ
785 1239 1003 1308 ἀπαθὴς
1035 1236 1127 1309 ἦν,
1182 1243 1277 1296 καὶ
1321 1243 1591 1308 ἀθάνατος
1625 1247 1701 1310 ὡς
1744 1247 1901 1313 Θεὸς,

310 1328 407 1380 καὶ
440 1325 638 1398 θνητὸς
669 1330 766 1383 καὶ
797 1331 1038 1402 παθητὸς
1065 1333 1142 1396 ὡς
1184 1334 1501 1406 ἅνθρωπος⁹
1535 1338 1677 1408 μετά
1712 1339 1769 1393 δὲ
1803 1340 1903 1411 τὴν

305 1417 639 1483 ἀνάστασιν,
672 1421 768 1473 καὶ
805 1422 947 1475 κατά
998 1423 1058 1475 τὸ
1087 1424 1444 1494 ἀνθρώπειον,
1475 1430 1570 1482 καὶ
1623 1430 1722 1500 τὴν
1760 1431 1902 1486 ἀπά-

307 1508 466 1562 θειαν
497 1511 592 1563 καὶ
623 1511 722 1581 τὴν
755 1512 1058 1568 ἀθανασίαν
1088 1515 1324 1580 ἐδέξατο.
1367 1519 1428 1572 El
1456 1521 1564 1590 γάρ
1601 1521 1696 1574 καί¹
1727 1522 1898 1592 μεμέ-

305 1618 442 1671 νηκε
470 1602 632 1672 σῶμα
659 1603 719 1656 τὸ
742 1603 921 1673 σῶμα,
955 1606 1070 1660 ἀλλ’
1101 1609 1311 1673 ἀπαθές
1335 1611 1452 1663 ἐστι
1479 1613 1573 1665 καὶ
1606 1613 1894 1682 ἀθάνατον,

303 1693 402 1744 καὶ
431 1693 578 1746 θεῖον
603 1693 773 1758 ὅντως
810 1696 971 1765 σῶμα
997 1738 1009 1761 ,
1040 1699 1135 1752 καὶ
1174 1699 1294 1772 θείᾳ
1319 1701 1445 1774 δόξῃ
1474 1702 1891 1775 δεδοξασμένον

303 1783 400 1835 καὶ
444 1782 610 1836 τοῦτο
639 1785 827 1854 σαφῶς
865 1788 1012 1856 ἡμᾶς
1038 1790 1066 1840 6
1107 1791 1376 1860 μακάριος
1417 1792 1620 1857 ἐδίδαξε
1657 1795 1887 1859 Παῦλος.

307 1892 325 1921 ι
371 1872 567 1942 Ἠμῶν
607 1873 716 1944 γὰρ
739 1915 755 1938 ,
797 1877 961 1946 φησὶ,
994 1878 1054 1931 τὸ
1086 1880 1390 1952 πολίτευμα
1423 1884 1481 1935 ἐν
1515 1882 1762 1954 οὐρανοῖς

302 1960 486 2031 ἀρχει,
503 1961 565 2026 ἐξ
582 1957 643 2017 οὗ
663 1965 758 2018 καὶ
782 1967 1010 2037 Σωτῆρα
1032 1958 1449 2042 ἀπεκδεχόμεθα
1470 1972 1672 2043 Κύριον
1688 1975 1893 2044 Ἰησοῦν

299 2051 563 2122 Χριστὸν,
597 2054 658 2117 ὃς
693 2060 1163 2128 μετασχηματίσει
1191 2061 1251 2116 τὸ
1276 2063 1435 2135 σῶμα
1480 2066 1582 2134 τῆς
1621 2067 1890 2120 ταπεινώ-

302 2159 441 2207 σεως
481 2145 642 2214 ἡμῶν
671 2148 751 2211 είς
771 2147 831 2201 τὸ
861 2149 1118 2217 γενέσθαι
1144 2154 1276 2206 αὐτὸ
1313 2155 1638 2226 σύμμορφον
1666 2158 1746 2226 τῷ
1781 2159 1885 2210 σώ-

305 2249 436 2304 ματι
474 2237 578 2303 τῆς
607 2236 768 2306 δόξης
807 2238 994 2294 αὑτοῦ.
1029 2261 1047 2292 ι
1084 2244 1193 2296 Καὶ
1213 2245 1316 2297 οὐκ
1341 2240 1464 2298 εἷπε
1490 2245 1564 2314 τῇ
1601 2247 1752 2316 δόξῃ
1785 2253 1892 2304 αὐ·-

297 2326 425 2392 τοῦ,
458 2327 599 2382 ἀλλὰ
629 2328 709 2394 τῷ
732 2330 958 2400 σώματι
980 2333 1090 2402 τῆς
1123 2333 1309 2402 δόξης
1333 2339 1542 2393 αὐτοῦ.
1590 2341 1698 2393 Καὶ
1727 2341 1891 2404 αὐτὸς

294 2415 351 2469 δὲ
377 2420 406 2471 6
445 2418 654 2490 Κύριος
683 2420 858 2474 εἰπὼν
887 2425 999 2487 τοῖς
1033 2425 1352 2492 ἀποστόλοις
1371 2443 1383 2456 ·
1413 2446 1432 2480 ι
1459 2429 1582 2482 Εἰσί
1609 2447 1754 2495 τινες
1777 2430 1887 2486 τῶν

295 2499 397 2559 ὧδε
425 2507 704 2573 ἑστώτων,
746 2511 945 2576 οἵτινες
971 2516 1032 2566 οὐ
1067 2515 1141 2586 μὴ
1171 2517 1461 2584 γεύσονται
1506 2519 1757 2587 θανάτου,
1780 2523 1886 2585 ἓως

295 2597 362 2651 ἂν
396 2600 553 2655 ἴδωσι
594 2601 686 2654 τὸν
738 2603 864 2658 Υίὺν
911 2605 1005 2658 τοῦ
1042 2607 1334 2678 ἀνθρώπου
1386 2611 1684 2682 ἐρχόμενον
1717 2614 1776 2666 ἐν
1812 2618 1878 2686 τῇ

291 2686 415 2760 δόξῃ
437 2690 537 2742 τοῦ
564 2691 797 2762 Ιῐατρδς,
831 2695 1142 2766 παρέλαϐεν
1178 2698 1376 2761 αὐτοὺς
1408 2701 1548 2769 μετά
1571 2701 1629 2765 ἒξ
1667 2701 1880 2784 ἡμέρας

292 2781 368 2842 είς
399 2780 532 2852 ὅρος
574 2782 775 2852 ὑψηλὸν
803 2783 945 2849 λίαν,
997 2788 1092 2840 καὶ
1137 2789 1536 2862 μετεμορφώθη
1567 2780 1878 2864 ἔμπροσθεν

291 2869 493 2934 αὐτῶν,
532 2872 628 2924 καὶ
656 2873 875 2940 ἐγένετο
919 2875 979 2928 τὺ
1015 2877 1307 2947 πρόσωπον
1339 2881 1505 2934 αὑτοῦ
1535 2881 1610 2945 ὡς
1644 2886 1673 2936 6
1703 2885 1873 2954 ἥλιος,

291 2965 382 3016 καὶ
408 2964 478 3016 τὰ
508 2965 702 3034 ἱμάτια
722 2967 890 3020 αὐτοῦ
923 2967 1158 3041 λαμπρά
1187 2970 1262 3034 ὼς
1287 2971 1346 3025 τὸ
1375 2973 1511 3041 φῶς.
1545 2974 1782 3043 Ἐδίδαξε
1817 2977 1876 3032 δέ

287 3051 374 3107 διὰ
399 3055 614 3109 τούτων
653 3057 752 3127 τῆς
771 3058 1031 3133 δευτέρας
1056 3064 1381 3133 ἐπιφανείας
1404 3067 1497 3121 τὸν
1523 3069 1741 3140 τρόπον.
1767 3073 1875 3126 Καὶ

287 3145 360 3210 ὡς
405 3146 788 3222 ἀπερίγραφκ
851 3151 949 3223 μὲν
996 3155 1029 3226 ἡ
1077 3155 1345 3226 ληφθεῖσα
1394 3159 1557 3230 φύσις
1605 3163 1707 3217 οὐκ
1756 3163 1870 3218 ἐστι

1644 411 2004 477 EPISTULA
2046 422 2259 486 CXLV.

3461 455 3596 524 1386

1809 521 1918 573 τῶν
1949 535 1988 586 Α
2021 525 2260 585 hominis
2299 541 2354 586 et
2395 533 2560 592 homo
2593 543 2920 611 appelletur.
2951 565 3061 606 non
3085 554 3142 609 in
3166 556 3272 614 hoc
3297 576 3601 622 conversus

2021 615 2208 684 (habet
2266 623 2413 677 enim
2467 637 2719 684 naturam
2773 635 3221 718 immutabilem),
3399 670 3466 709 eo
3509 674 3594 711 as-

2016 721 2235 780 sumpto
2269 717 2413 784 quod
2449 732 2699 778 nostrum
2726 737 2845 782 erat
2875 748 2888 783 :
2937 717 3194 806 quodque
3237 741 3597 812 impassibilis

2016 797 2133 866 ipse
2159 809 2215 854 et
2247 803 2574 865 immortalis
2604 823 2724 868 erat
2756 826 2817 871 ut
2845 797 3010 886 Deus,
3051 797 3386 888 etmortaiis
3422 840 3598 905 passi-

2014 889 2252 962 bilisque
2289 906 2347 950 ut
2370 899 2535 957 homo
2560 919 2574 969 ;
2603 917 2728 974 post
2749 916 3212 973 resurrectionem
3232 937 3386 990 vero,
3425 928 3594 983 etiam

2013 985 2318 1041 secundum
2366 990 2666 1062 hominem,
2717 999 3214 1069 impassibilitatem
3261 1013 3594 1073 immortali-

2011 1079 2290 1144 tatemque
2329 1081 2560 1138 sortitus
2600 1095 2701 1141 est.
2750 1089 2867 1145 Etsi
2907 1095 3054 1149 enim
3106 1114 3308 1171 corpus
3364 1099 3588 1173 mansit,

2007 1171 2251 1220 attamen
2305 1168 2644 1240 impassibile
2677 1185 2764 1234 est
2814 1190 2870 1236 et
2919 1168 3263 1256 immortale,
3317 1211 3383 1252 ac
3442 1168 3590 1254 divi;

2005 1270 2136 1310 num
2189 1273 2383 1316 revera
2435 1280 2680 1337 corpus,
2761 1281 2817 1328 et
2891 1275 3078 1334 divina
3142 1283 3316 1352 gloria
3386 1291 3594 1360 gloriﬁ-

2004 1354 2209 1401 catum.
2266 1349 2336 1407 Et
2386 1352 2492 1409 hoc
2541 1370 2730 1427 aperte
2776 1377 2878 1419 nos
2911 1365 3103 1424 docuit
3131 1349 3326 1429 beatus
3361 1349 3584 1436 Pvaulus.

2012 1452 2031 1485 ι
2066 1436 2266 1493 Nostra
2309 1443 2479 1511 enim,
2523 1447 2724 1518 inquit,
2772 1460 3120 1515 conversatio
3172 1463 3227 1517 in
3276 1469 3430 1524 cmlis
3483 1481 3585 1537 est,

2003 1527 2150 1583 unde
2198 1530 2364 1585 etiam
2393 1533 2731 1595 Salvatorem
2762 1556 3147 1614 exspectamus
3176 1554 3468 1612 Dominum
3497 1562 3590 1616 Je-

2001 1633 2121 1673 sum
2175 1621 2474 1693 Christum,
2518 1632 2613 1700 qui
2657 1634 2977 1694 reformabit
3018 1658 3221 1714 corpus
3253 1648 3586 1711 humilitatis

1999 1721 2217 1780 nostra,
2271 1726 2330 1770 ut
2379 1719 2662 1779 conforme
2718 1725 2809 1781 ﬁat
2845 1732 3062 1801 corpori
3095 1736 3283 1806 gloria:
3320 1741 3438 1810 ejus
3474 1744 3514 1800 ³.
3555 1765 3572 1796 ι

1998 1803 2068 1860 Et
2100 1822 2210 1860 non
2243 1807 2381 1863 dixit
2410 1811 2595 1882 gloria:
2627 1816 2768 1886 ejus,
2819 1820 2914 1874 sed
2949 1803 3161 1895 corpori
3206 1803 3391 1899 gloria:
3441 1836 3575 1905 ejus.

1797 1885 1895 1938 ὑπ·
1925 1897 1965 1950 Β
1996 1895 2064 1950 Et
2116 1897 2382 1954 Dominus
2428 1902 2566 1971 ipse,
2610 1885 2736 1980 cum
2772 1907 3001 1968 dixisset
3035 1885 3296 1986 apostolis
3325 1940 3338 1975 :
3387 1943 3404 1974 ι
3436 1885 3579 1987 έιιηι

1995 1986 2218 2054 quidam
2259 1990 2327 2044 de
2363 1991 2454 2046 hic
2485 1995 2779 2063 stantibus,
2817 2002 2911 2070 qui
2952 2020 3060 2058 non
3096 2011 3396 2078 gustabunt
3424 1986 3574 2070 mor-

1997 2085 2127 2144 tem,
2184 2081 2360 2137 donec
2393 2084 2618 2142 videant
2661 2090 2864 2146 Filium
2894 2094 3137 2154 hominis
3172 2103 3484 2162 venientem
3517 2109 3575 2170 in

1993 2170 2165 2239 gloria
2207 2173 2384 2228 Patris
2435 2176 2499 2242 ‘°,
2539 2197 2556 2228 ›
2617 2188 2742 2248 post
2798 2199 2892 2238 sex
2920 2186 3038 2244 dies
3070 2182 3366 2264 assumpsit
3392 2214 3490 2256 eos
3516 2200 3574 2259 in

1994 2271 2232 2316 montem
2254 2265 2532 2320 excelsum
2567 2270 2746 2336 valde,
2779 2283 2834 2327 et
2864 2278 3281 2350 transfiguratus
3317 2296 3402 2343 est
3432 2291 3574 2349 'ante

1991 2350 2236 2419 illos;et
2269 2355 2412 2412 facta
2445 2369 2529 2414 est
2571 2359 2740 2418 facies
2782 2368 2902 2436 ejus
2952 2369 3096 2427 sicut
3150 2376 3251 2442 sol,
3297 2388 3354 2434 et
3403 2384 3574 2441 vesti-

1989 2452 2174 2498 menta
2195 2446 2316 2516 ejus
2347 2447 2529 2504 lucida
2564 2452 2709 2508 sicut
2736 2455 2828 2511 lux
2867 2459 2931 2513 “.
2961 2461 3065 2517 Per
3086 2464 3202 2520 haec
3248 2479 3435 2526 autem
3486 2489 3572 2530 se—

1986 2534 2150 2587 cundi
2177 2535 2448 2592 adventus
2476 2540 2698 2595 modum
2733 2547 2994 2612 ostendit,
3033 2559 3090 2605 et
3123 2557 3269 2623 quod
3310 2575 3419 2614 non
3459 2562 3571 2618 cir—

1985 2624 2319 2694 cumscripta
2350 2629 2574 2696 quidem
2617 2642 2814 2689 natura
2849 2651 3127 2712 assumpta
3171 2661 3281 2701 non
3319 2659 3404 2704 est
3439 2652 3568 2721 (hoc

1981 2716 2130 2768 enim
2158 2717 2328 2773 solius
2354 2719 2667 2780 Divinitatis
2711 2728 2925 2801 1254
2973 2741 3057 2788 est
3103 2716 3567 2816 proprium),-di:.

1978 2805 2122 2861 vina:
2172 2815 2354 2865 tamen
2412 2812 2602 2883 gloria;
2645 2819 2970 2886 splendores
3024 2805 3263 2895 emittet,
3319 2805 3562 2894 et'lucis

1980 2895 2164 2951 radios
2188 2898 2452 2966 vibrabit,
2483 2904 2768 2960 oculorum
2790 2909 2962 2964 aciem
2985 2917 3394 2990 praestringens.
3421 2922 3560 2980 Cum

1977 2986 2082 3042 hac
2122 2989 2294 3059 gloria
2348 2996 2637 3051 ascendit:
2684 3000 2763 3054 sic
2819 3001 3001 3072 ipsum
3053 3010 3232 3080 angeli
3264 3022 3560 3072 venturum

1977 3079 2256 3138 dixerunt.
2295 3085 2520 3142 Illorum
2551 3089 2699 3144 enim
2733 3107 2836 3147 vox
2858 3108 2980 3151 est:
3023 3116 3042 3149 ι
3068 3079 3169 3156 Hic
3207 3105 3303 3174 qui
3343 3122 3559 3163 assum.

1975 3181 2104 3240 plus
2125 3182 2208 3228 est
2231 3191 2262 3229 a
2300 3177 2458 3233 vobis
2495 3179 2550 3233 in
2584 3183 2809 3247 malum,
2845 3185 2926 3240 sic
2966 3191 3151 3245 veniet
3199 3199 3560 3264 quemadmov

287 3235 461 3303 (τοῦτο
494 3242 602 3313 γὰρ
662 3243 830 3315 μόνης
861 3245 962 3316 τῆς
1008 3246 1261 3320 θεότητος
1313 3251 1500 3318 ῐδιον),
1538 3254 1637 3318 τὰς
1667 3255 1726 3309 δὲ
1769 3259 1870 3328 τῆς

1978 3235 1993 3240 -
2629 3235 2659 3237 τί
2846 3235 2924 3240 --ν
2979 3235 3151 3245 νν---ν-
3200 3235 3554 3264 ιιυυιυυιυιην*

1978 3263 2106 3318 dum
2160 3267 2378 3323 vidistis
2415 3285 2544 3324 eum
2577 3285 2800 3330 euntem
2831 3277 2886 3333 in
2923 3282 3121 3337 caelum
3162 3285 3224 3340 ".
3257 3305 3276 3338 ι
3322 3289 3390 3346 Et
3428 3306 3554 3348 cum

283 3329 426 3398 θείας
450 3333 615 3405 δόξης
644 3337 846 3407 ἀφήσει
876 3341 1271 3413 μαρμαρυγὰς,
1303 3345 1398 3396 καὶ
1432 3347 1610 3414 φωτὸς
1642 3349 1870 3414 ἀκτῖνας

282 3423 582 3496 ἐκπέμψει,
624 3427 722 3498 τῆς
752 3428 987 3500 ὀπτικῆς
1026 3432 1337 3503 αἰσθήσεως
1364 3436 1768 3507 ὑπερϐαίνουσα
1800 3440 1868 3493 τὰ

281 3513 476 3585 μέτρα.
532 3517 688 3570 Μετά
740 3518 951 3590 ταύτης
1005 3521 1282 3596 ἀνελήφθη
1314 3526 1412 3596 τῆς
1455 3527 1651 3598 δόξης⁶
1693 3530 1868 3597 οὕτως

281 3603 440 3657 αὐτὸν
489 3605 701 3678 ἔφασαν
752 3610 906 3680 ἥξειν
961 3613 1014 3666 οἱ
1061 3614 1317 3683 ἄγγελοι·
1353 3618 1532 3671 αὐτῶν
1584 3623 1694 3694 γάρ
1748 3625 1867 3678 ἐστι

280 3696 427 3766 φωνή
450 3715 464 3726 ·
499 3717 518 3748 ί
551 3693 719 3762 Οὗτος
741 3702 769 3753 ὁ
800 3701 1130 3774 ἀναληφθεὶς
1163 3707 1256 3775 ἀφ’
1294 3708 1449 3778 ὑμῶν
1479 3711 1560 3774 εἰς
1583 3693 1674 3766 τὸν
1698 3715 1865 3786 οὐρα-

277 3785 364 3838 νὸν
417 3787 600 3852 οὕτως
653 3790 957 3858 ἐλεύσεται,
997 3795 1057 3848 ὃν
1117 3799 1322 3868 τρόπον
1364 3801 1662 3858 ἐθεάσασθε
1702 3808 1865 3861 αὑτὸν
1934 3819 1941 3826 '

278 3881 645 3950 πορευόμενον
685 3884 766 3947 είς
819 3883 911 3938 τὸν
953 3886 1202 3956 οὐρανόν.
1245 3907 1264 3940 ι
1299 3890 1409 3944 Καὶ
1439 3895 1552 3953 τοῖς
1598 3893 1764 3958 θείοις
1805 3897 1864 3951 δὲ

275 3969 596 4035 ἀποστόλοις
648 3976 836 4044 ὀφθεὶς
883 3979 1021 4048 μετὰ
1054 3981 1154 4051 τὴν
1189 3982 1507 4045 ἀνάστασιν,
1541 3985 1634 4037 καὶ
1673 3989 1863 4058 χεῖρας

274 4060 455 4126 αὐτοῖς
502 4065 596 4117 καὶ
645 4066 811 4130 πόδας
857 4067 1144 4134 ὑπέδειξεο
1196 4071 1274 4141 τῷ
1321 4073 1378 4126 δὲ
1418 4073 1590 4144 Θωμᾷ
1638 4078 1732 4129 καὶ
1760 4080 1861 4149 τὴν

273 4153 538 4228 πλευρὰν,
565 4160 659 4211 καὶ
685 4158 796 4211 τῶν
824 4160 971 4230 ἥλων
1004 4163 1097 4215 καὶ
1125 4163 1225 4234 τῆς
1255 4162 1455 4234 λόγχης
1482 4164 1581 4228 τάς
1607 4166 1856 4231 ὠτειλάς.

272 4244 368 4298 Διὰ
394 4248 509 4318 γὰρ
538 4247 602 4318 δὴ
628 4248 857 4313 τούτους
896 4249 1024 4316 τοὺς
1057 4253 1318 4325 ἄντικρυς
1351 4257 1720 4327 ἀρνουμένους
1759 4262 1860 4330 τῆς

273 4339 472 4406 σαρκὸς
501 4337 598 4410 τὴν
626 4339 918 4411 ἀνάληψιν,
940 4344 1037 4396 καὶ
1063 4344 1251 4413 μέντοι
1282 4349 1377 4401 καὶ
1408 4348 1534 4410 τοὺς
1564 4348 1777 4415 ἄλλους,
1806 4351 1856 4406 οἳ

273 4430 406 4495 μετά
429 4430 534 4500 τὴν
559 4431 854 4486 ἀνάστασιν
878 4435 957 4497 είς
983 4433 1237 4505 θεότητός
1260 4453 1394 4504 φασι
1419 4439 1856 4511 μεταϐεϐλῆσθαι

271 4514 426 4582 φύσιν
453 4520 557 4587 τὴν
608 4519 704 4571 τοῦ
743 4520 998 4591 σώματος
1040 4523 1225 4591 φύσιν,
1261 4523 1528 4592 ἐφύλαξεν
1565 4529 1856 4603 ἀκεραίους

268 4604 370 4659 τῶν
393 4608 545 4678 ἥλων
584 4611 680 4664 καὶ
718 4612 819 4682 τῆς
863 4613 1066 4684 λόγχης
1091 4617 1222 4678 τοὺς
1268 4615 1491 4680 τύπους.
1539 4620 1651 4673 Καὶ
1683 4621 1854 4678 τᾶλλα
1885 4609 1932 4668 D

270 4693 498 4768 σώματα
523 4697 717 4769 μώμου
757 4700 960 4764 παντὸς
985 4703 1217 4773 ἐγείρων
1244 4703 1529 4777 ἐλεύθερα,
1555 4707 1634 4780 τῷ
1653 4711 1854 4784 ὀἰκείῳ

268 4785 480 4858 σώματι
515 4792 588 4845 τὰ
623 4791 732 4845 τῶν
766 4792 1111 4864 παθημάτων
1162 4801 1367 4868 σημεῖα
1415 4801 1732 4868 κατέλιπεν,
1765 4805 1855 4860 ἵνα

267 4880 358 4932 καὶ
387 4883 517 4946 τοὺς
543 4883 914 4955 ἀρνουμένους
942 4886 1034 4940 τοῦ
1067 4887 1320 4960 σώματος
1345 4891 1442 4964 τὴν
1465 4895 1732 4967 ἀνάληψιν
1764 4898 1854 4954 διά

263 4969 371 5023 τῶν
397 4974 748 5044 παθημάτων
797 4977 1188 5048 πλανωμένους
1209 4981 1404 5055 ἐλέγξῃ
1437 5024 1452 5048 ,
1490 4987 1586 5040 καὶ
1612 4992 1740 5053 τοὺς
1772 4993 1853 5056 εἰς

266 5057 458 5129 ἑτέραν
492 5063 655 5133 φύσιν
688 5066 1125 5138 μεταϐεϐλῆσθαι
1153 5069 1212 5122 τὸ
1241 5061 1402 5142 σῶμα
1426 5076 1746 5144 νομίζοντας
1769 5082 1847 5134 δι-

266 5145 398 5220 δάξῃ
433 5150 522 5204 διὰ
558 5152 654 5206 τοῦ
700 5153 875 5208 τύπου
902 5155 1010 5208 τῶν
1040 5156 1208 5228 ἥλων,
1244 5158 1320 5224 ὡς
1357 5161 1450 5216 ἐπὶ
1497 5165 1605 5216 τῶν
1629 5168 1847 5222 οἰκείων

265 5243 634 5315 χαρακτήρων
691 5248 1027 5319 μεμένηκεν.
1076 5251 1140 5305 Εἰ
1167 5251 1229 5306 δέ
1269 5269 1352 5316 τις
1383 5253 1658 5325 ἀπόδειξιν
1700 5258 1846 5329 ἔχειν

266 5331 434 5388 οίεται
459 5335 555 5388 τοῦ
584 5337 658 5409 μὴ
690 5340 1062 5410 μεμενηκέναι
1080 5343 1240 5414 σῶμα
1271 5346 1410 5416 μετὰ
1427 5347 1524 5419 τὴν
1545 5349 1844 5408 ἀνάστασιν

265 5407 356 5475 τοῦ
406 5427 609 5497 Κυρίου
659 5429 721 5482 τὸ
771 5430 963 5501 σῶμα,
1014 5433 1091 5497 ώς
1146 5437 1549 5509 κεκλεισμένων
1597 5441 1706 5498 τῶν
1749 5443 1842 5497 θυ-

271 5511 374 5579 ρῶν
397 5518 532 5590 πρὸς
555 5521 683 5584 τοὺς
713 5522 960 5594 μαθητὰς
989 5525 1275 5590 εἰσελθεῖν,
1297 5530 1700 5604 ἀναμνησθήτω
1724 5536 1842 5600 πῶς

265 5600 355 5655 ἐπὶ
381 5605 658 5684 θαλάσσης
691 5613 910 5668 ἐϐάδισε
934 5614 1126 5687 θνητὸν
1151 5618 1290 5690 ἔχων
1323 5600 1416 5675 ἔτι
1436 5600 1510 5678 1:6—
1538 5600 1718 5699 σώμα,
1747 5631 1842 5684 καὶ¹

337 5759 357 5790 ³
393 5761 630 5838 Philipp.
692 5785 773 5834 ιιι,
808 5768 898 5835 20,
936 5770 1026 5825 21.

1135 5773 1177 5804 ¹⁰
1218 5773 1548 5848 Matth.,xvt,
1582 5781 1672 5838 ΞΒ.

266 5836 418 5903 seqq.

576 5929 848 5993 PATROL.
899 5931 1015 5994 Gn.
1056 5933 1372 6000 LXXXIII.

1769 5787 1810 5818 ¹⁹
1849 5789 2040 5846 Matth.
2079 5810 2210 5860 xvu,
2252 5796 2274 5850 1
2329 5812 2479 5869 seqq.

1971 3352 2174 3410 divinis
2199 3373 2391 3414 rursus
2416 3364 2681 3431 apostolis
2721 3369 3066 3436 apparuisset
3120 3382 3246 3443 post
3297 3394 3552 3440 resurre-

1969 3443 2230 3511 ctionem,
2259 3456 2315 3502 et
2341 3464 2537 3506 manus
2572 3453 2680 3510 illis
2709 3465 2766 3510 et
2797 3459 2966 3527 pedes
2995 3464 3012 3481 '
3037 3466 3296 3534 ostendit,
3325 3469 3549 3530 Thomas

1967 3552 2100 3593 vero
2122 3540 2291 3596 etiam
2318 3543 2484 3611 latus,
2525 3553 2581 3601 et
2630 3550 2912 3606 clavorum
2963 3569 3030 3609 ac
3072 3557 3278 3614 lancea:
3329 3563 3550 3619 cicatri-

1965 3642 2060 3684 ces
2089 3631 2152 3685 “.
2187 3631 2419 3703 Propter
2441 3635 2576 3692 istos
2606 3639 2776 3706 enim,
2833 3643 2929 3712 qui
2973 3653 3162 3715 aperte
3213 3663 3414 3722 negant
3460 3671 3550 3711 as-

1965 3722 2337 3791 sumptionem
2381 3729 2586 3795 carnis,
2639 3739 2696 3785 et
2736 3731 2874 3788 alios
2924 3735 3110 3804 simul,
3162 3741 3257 3810 qui
3297 3748 3549 3816 corporis

1965 3820 2215 3868 naturam
2251 3829 2376 3885 post
2395 3822 2859 3880 resurrectionem
2898 3841 3220 3885 conversam
3270 3833 3438 3892 fuisse
3490 3839 3546 3894 in

1963 3904 2272 3962 divinitatis
2308 3919 2556 3966 naturam
2597 3913 2810 3980 dicunt,
2852 3917 3061 3990 integra
3101 3925 3339 3978 servavit
3363 3928 3547 3984 clavo-

1963 4010 2085 4049 rum
2115 4004 2173 4052 et
2209 3999 2412 4054 lanceae
2444 4003 2707 4073 vestigia:
2742 4015 2799 4060 et
2831 4021 2958 4061 cum
2982 4009 3088 4063 alia
3117 4025 3348 4083 corpora
3395 4019 3544 4076 omni

1961 4085 2085 4141 labe
2129 4087 2304 4144 libera
2362 4093 2586 4157 excitet,
2641 4096 2697 4150 in
2736 4101 2961 4169 preprio
2995 4099 3226 4172 corpore
3250 4107 3541 4166 vulnerum

1961 4177 2115 4245 signa
2149 4181 2395 4250 reliquit,
2433 4193 2494 4238 ut
2531 4201 2627 4240 eos
2665 4189 2760 4256 qui
2809 4194 3062 4260 corporis
3109 4199 3542 4267 assumptionem

1960 4280 2162 4340 negant
2194 4287 2380 4328 errare
2416 4278 2708 4332 convincat
2745 4296 2813 4334 ex
2844 4283 3188 4352 vulneribus,
3229 4296 3284 4341 et
3318 4305 3413 4345 eos
3446 4293 3541 4362 qui

1959 4360 2014 4414 in
2036 4363 2270 4418 alter-am
2309 4374 2567 4422 naturam
2601 4385 2806 4440 corpus
2844 4389 3174 4431 conversum
3209 4378 3380 4435 fuisse
3434 4399 3540 4452 pu-

1960 4459 2096 4516 tant,
2118 4467 2183 4507 ex
2212 4455 2494 4510 clavorum
2528 4459 2779 4530 vestigiis
2805 4462 2999 4518 doceat
3018 4463 3074 4518 in
3096 4468 3332 4537 propriae
3351 4469 3541 4527 formae

1958 4543 2104 4598 notis
2139 4547 2527 4614 permansisse.
2557 4550 2713 4617 Quod
2750 4552 2795 4606 si
2832 4553 2957 4623 quis
2985 4555 3351 4615 demonstrari
3379 4578 3540 4632 posse

1958 4643 2133 4703 putet,
2171 4652 2374 4709 corpus
2405 4640 2623 4697 Domini
2654 4653 2780 4714 post
2823 4647 3287 4705 resurrectionem
3339 4668 3540 4724 corpus

1956 4741 2069 4782 non
2101 4731 2492 4799 permansisse,
2523 4735 2672 4804 quod
2702 4735 2888 4806 januis
2914 4739 3118 4796 clausis
3145 4741 3211 4798 ad
3239 4743 3542 4816 discipulos

1955 4819 2030 4875 sit
2074 4820 2377 4892 ingressus,
2435 4829 2752 4884 meminerit
2800 4847 2912 4902 quo
2957 4834 3122 4890 modo
3179 4852 3346 4909 super
3386 4856 3542 4896 mare

1956 4914 2189 4970 mortale
2217 4916 2400 4973 adhuc
2425 4917 2640 4976 habens
2659 4936 2866 4994 corpus
2891 4925 3225 4994 ambularit;
3263 4932 3541 4999 quomodo

1954 5001 2088 5057 item
2127 5012 2292 5061 natus
2307 5006 2381 5061 sit
2399 5007 2737 5078 virginitatis
2757 5012 3036 5081 signacula
3059 5031 3288 5072 servans
3310 5019 3536 5086 intacta;

1949 5096 2008 5142 et
2062 5093 2341 5158 quomodo
2383 5094 2577 5150 itidem
2622 5097 3002 5156 insidiantium
3059 5118 3202 5174 saepe
3247 5123 3442 5165 manus
3467 5111 3538 5166 ab

1948 5177 2060 5234 illis
2081 5180 2486 5255 circumseptus
2511 5189 2766 5243 evaserit.
2814 5189 2884 5246 Et
2923 5191 3134 5263 1255
3163 5197 3298 5264 quid
3352 5199 3537 5254 Domi.

1949 5285 2083 5324 num
2105 5270 2252 5338 dico,
2288 5275 2386 5343 qui
2417 5289 2529 5331 non
2553 5279 2731 5333 solum
2763 5279 2951 5348 homo,
2988 5300 3180 5339 verum
3201 5287 3367 5342 etiam
3391 5290 3537 5346 Deus

1947 5369 2068 5417 erat
2091 5373 2218 5420 ante
2244 5367 2462 5433 saecula,
2491 5371 2582 5424 cui
2610 5370 2771 5428 facile
2797 5384 2918 5431 erat
2947 5375 3162 5432 efﬁcere
3190 5379 3375 5434 omnia
3412 5395 3535 5451 quae

1948 5452 2158 5508 vellet?
2199 5455 2392 5512 Dicant
2424 5474 2532 5529 qua
2561 5462 2774 5518 ratione
2814 5463 3072 5522 llabacuc
3115 5483 3182 5522 ex
3231 5469 3420 5526 Iudaea
3477 5471 3533 5531 in

1951 5542 2277 5615 Babylonem
2309 5552 2576 5620 temporis
2613 5565 2895 5611 momento
2930 5556 3235 5625 transierit,
3270 5567 3327 5614 et
3359 5560 3533 5616 fovea:

1949 5645 2141 5705 aperta
2190 5643 2512 5710 penetrarit,
2558 5644 2880 5716 Danielique
2916 5647 3100 5704 cibum
3138 5649 3404 5719 intulerit,
3441 5663 3532 5708 at»

2569 5801 2610 5832 ¹²
2643 5800 2765 5858 Act.
2791 5819 2829 5868 ι,
2867 5804 2954 5859 Η.
3054 5805 3097 5838 ¹³
3130 5803 3287 5866 Joan.
3325 5822 3416 5873 xx,
3457 5805 3527 5869 20

3047 5966 3126 6029 44
