4072 6446
417 396 553 465 1387

1445 381 1934 446 THEODO-RETI
1975 379 2317 441 EPISCOPI
2353 379 2721 442 CYRENSIS

3541 377 3692 445 1388

418 521 524 575 que
577 501 778 556 iterum
832 494 1167 564 incorruptis
1218 491 1387 546 fovea:
1420 491 1718 560 signaculis
1752 488 2040 554 redierit”

2150 491 2292 544 έντοι
2325 491 2443 553 πῶς
2475 490 2742 562 ἐγεννήθη
2769 491 2868 561 τῆς
2899 489 3200 561 παρθενίας
3224 489 3478 562 ἀκήρατα
3515 492 3698 559 φυλά-

419 595 526 646 Sed
566 605 714 645 mera
758 594 842 642 est
885 584 1096 639 insania
1139 581 1552 637 Dominicorum
1607 580 1999 634 miraculorum

419 684 615 740 modos
649 679 903 736 scrutari.
943 677 1084 732 lllud
1120 686 1304 731 autem
1364 683 1630 745 praeterea
1688 674 2000 744 intelligen-

422 776 575 837 dum,
642 781 765 842 post
808 767 1275 824 resurrectionem
1337 772 1525 818 nostra
1581 763 1745 818 etiam
1773 778 2003 833 corpora

424 862 858 936 incorruptibilia
891 860 1006 914 fore
1037 867 1092 913 et
1121 855 1473 919 immortalia,
1503 865 1832 924 terrenoque
1864 869 2004 924 pon-

424 958 556 1012 dere
579 953 832 1024 deposito
871 953 1011 1006 levia
1040 950 1226 1004 futura
1261 957 1318 1002 et
1363 946 1641 1001 sublimia.
1676 945 1834 1012 Quod
1887 945 2007 1014 qui-

423 1051 549 1106 dem
583 1056 771 1118 aperte
804 1056 861 1100 et
879 1043 1146 1114 explicate
1172 1057 1273 1096 nos
1299 1040 1518 1094 divinus
1543 1038 1744 1092 Paulus
1763 1037 2004 1092 edocuit.

434 1163 452 1194 ι
487 1141 805 1198 Seminatur
859 1136 1028 1201 enim,
1093 1134 1189 1195 ait,
1225 1133 1280 1186 in
1308 1131 1682 1200 corruptione,
1728 1138 1919 1199 surget
1953 1129 2008 1182 in

430 1231 896 1300 incorruptione;
933 1227 1238 1281 seminatur
1291 1225 1347 1276 in
1387 1221 1726 1286 inﬁrmitate,
1750 1230 1936 1290 surget
1955 1221 2011 1275 in

429 1323 674 1386 virtute;
710 1319 1014 1374 seminatur
1047 1316 1100 1369 in
1133 1312 1493 1384 ignobilitate,
1519 1319 1706 1380 surget
1735 1311 2009 1380 ingloria;

433 1412 736 1466 seminatur
785 1423 984 1477 corpus
1034 1406 1288 1468 animale,
1351 1410 1540 1472 surget
1594 1417 1795 1471 corpus
1847 1403 2012 1472 spiri-

2108 583 2202 646 ξας
2232 583 2301 635 τὰ
2347 583 2656 654 σήμαντρα,
2707 584 2802 636 καὶ
2835 579 2902 638 αὖ
2947 582 3112 636 πάλιν
3160 582 3278 646 πῶς
3307 582 3418 636 τῶν
3462 583 3700 637 ἐπιδου-

2107 674 2374 727 λευόντων
2403 674 2667 739 πολλάκις
2691 675 2789 738 τὰς
2820 678 3008 746 χεῖρας
3031 673 3288 744 διέφυγεν
3322 675 3414 726 ὑπ’
3463 675 3698 728 ἐκείνων

2109 763 2550 835 κεκυκλωμένος.
2589 767 2700 819 Καὶ
2733 767 2784 819 τί
2839 767 2984 834 λέγω
3031 765 3124 818 τὸν
3186 765 3487 835 Δεσπότην,
3523 765 3583 828 ὃς
3626 766 3698 818 οὺ

2107 857 2276 927 μόνον
2307 856 2594 930 ἄνθρωπος
2619 853 2711 928 ἦν,
2754 859 2892 912 ἀλλά
2919 860 3014 912 καὶ
3047 857 3182 921 Θεὸς
3212 857 3564 928 προαιώνιος,
3597 858 3702 910 καὶ

2111 950 2294 1022 ῥᾴδιον
2323 947 2391 1021 ἧν
2422 950 2573 1022 αὐτῷ
2593 951 2772 1005 πάντα
2799 955 2972 1006 ποιεῖν
2997 952 3032 1006 ἃ
3057 951 3338 1022 ﬁctile-rat;
3365 949 3705 1004 Εἰπάτωσαν

2113 1040 2230 1104 πῶς
2263 1043 2292 1094 ὁ
2323 1042 2647 1113 Ἀμδακοὺμ
2673 1044 2736 1096 ἐκ
2766 1045 2866 1114 τῆς
2899 1042 3159 1106 Ἰουδαίας
3192 1044 3272 1106 εἰς
3305 1041 3603 1096 Βαϐυλῶνα
3638 1042 3704 1092 ἐν

2112 1133 2316 1202 ἀκαρεῖ
2341 1132 2437 1186 τοῦ
2467 1132 2662 1204 χρόνου
2699 1133 2922 1204 μετέϐη,
2950 1133 3043 1185 καί⁸
3074 1130 3226 1202 διέϐη
3260 1132 3356 1183 τοῦ
3391 1130 3598 1184 λάκκου
3634 1131 3706 1182 τδ

2115 1224 2406 1295 κάλυμμα,
2435 1227 2531 1278 καὶ
2564 1224 2642 1295 τῷ
2687 1225 2890 1296 Δανιὴλ
2917 1225 3282 1294 προσενήνοχε
3330 1220 3431 1292 τὴν
3468 1219 3706 1291 τροφὴν,

2117 1318 2212 1370 καὶ
2246 1314 2405 1380 αὖθις
2447 1317 2722 1386 ἐπανῆλθε
2768 1316 2842 1387 μὴ
2884 1315 3205 1386 διαφθείρας
3237 1313 3333 1367 τοῦ
3380 1313 3584 1367 λάκκου
3630 1312 3712 1364 τὰ

2119 1411 2428 1482 σήμαντρα.
2463 1409 2626 1462 Ἀλλά
2655 1407 2824 1479 μανία
2848 1406 3046 1477 σαφὴς,
3078 1407 3173 1459 καὶ
3205 1405 3313 1458 τῶν
3356 1403 3712 1456 Δεσποτικῶν

435 1505 580 1559 tuale
618 1501 679 1553 "*.
717 1521 734 1552 ›
776 1500 844 1554 Ει
890 1499 996 1552 alio
1041 1498 1200 1551 loco:
1271 1515 1288 1547 ι
1321 1494 1640 1565 Rapiemur,
1701 1495 1899 1564 inquit,
1958 1494 2014 1548 in

2119 1501 2416 1571 θαυμάτων
2447 1501 2574 1564 τοὺς
2609 1501 2848 1572 τρόπους
2876 1499 3197 1574 ἀνερευνᾷν.
3223 1497 3498 1568 Προσήκει
3518 1495 3581 1548 -δὲ
3611 1493 3716 1547 καὶ

436 1594 679 1648 nubibus
730 1592 784 1644 in
837 1605 986 1653 aera,
1026 1588 1078 1642 in
1127 1601 1418 1642 occursum
1453 1585 1670 1639 Domini
1699 1587 1762 1638 η.
1797 1606 1816 1637 ι
1858 1585 2015 1652 Quod

2119 1592 2278 1646 τοῦτο
2326 1593 2463 1663 πρὸς
2510 1593 2623 1656 τοῖς
2675 1590 2989 1663 εἰρημένοις
3025 1590 3256 1654 εἰδέναι,
3305 1587 3382 1650 ὡς
3416 1585 3554 1658 μετά
3606 1584 3718 1655 τὴν

436 1688 480 1740 si
513 1698 742 1754 corpora
772 1690 1085 1736 sanctorum
1119 1679 1261 1732 levia
1309 1677 1466 1742 ﬁunt,
1514 1686 1571 1732 ct
1621 1693 1841 1731 sursum
1899 1687 2008 1733 ten-

2144 1684 2420 1738 ινάστασιν
2453 1685 2547 1738 καὶ
2581 1685 2651 1737 τά
2697 1683 2946 1754 ἡμέτερα
2998 1680 3228 1752 σώματα
3272 1679 3524 1749 ἄφθαρτα
3552 1677 3720 1731 ἔσται

435 1774 644 1838 dentia,
701 1782 756 1826 et
811 1786 994 1826 aerem
1047 1769 1206 1823 facile
1238 1767 1540 1839 trajiciunt,
1567 1767 1881 1822 mirandum
1906 1783 2018 1822 non

2144 1777 2218 1830 cal.
2248 1775 2516 1842 ἀθάνατα,
2550 1776 2645 1831 καὶ⁵
2668 1775 2763 1830 τοῦ
2788 1775 3024 1845 γεώδους
3050 1773 3504 1842 ἀπαλλαττόμενα
3532 1770 3722 1839 κοῦφα

435 1875 522 1921 est
554 1866 600 1920 si
627 1879 828 1934 corpus
853 1860 1220 1925 Dominicum,
1258 1859 1403 1930 quod
1436 1859 1714 1929 Unigeniti
1745 1859 2024 1914 divinitati

2144 1867 2341 1936 γίνεται
2370 1869 2464 1919 καὶ
2513 1867 2803 1937 μετάρσια.
2846 1866 2956 1919 Καὶ
2988 1864 3147 1918 τοῦτο
3195 1863 3493 1934 διαρρήδην
3526 1861 3725 1931 σαφῶς

436 1967 521 2013 est
552 1959 791 2021 unitum,
819 1963 943 2026 post
979 1953 1445 2009 resurrectionem
1480 1952 1793 2006 immortale
1817 1951 2022 2008 factum

2144 1957 2279 2028 ἡμᾶς
2310 1956 2550 2023 ἐδίδαξεν
2580 1959 2608 2010 ὁ
2637 1956 2778 2020 θεῖος
2808 1956 3040 2020 Παῦλος.
3075 1974 3092 2006 ι
3115 1955 3406 2026 Σπείρεται
3434 1953 3543 2025 γὰρ
3563 1994 3578 2018 ,
3613 1968 3730 2022 φη-

451 2052 466 2069 ⁶
489 2051 674 2122 januis
698 2048 901 2105 clausis
925 2047 1233 2117 ingressum
1263 2045 1353 2099 sit.

2144 2046 2242 2112 τὶν,
2269 2049 2326 2100 ἐν
2357 2047 2874 2120 φθορᾷ,·ἐγείρεται
2905 2049 2962 2101 ἐν
3005 2045 3318 2118 ἀφθαρσίᾳ·
3348 2045 3631 2114 σπείρεται
3658 2046 3730 2096 ἐν

439 2143 712 2212 ἀσθενείᾳ,
745 2141 1020 2210 ἐγείρεται
1050 2142 1106 2190 ἐν
1140 2137 1388 2207 δυνάμει·
1423 2137 1706 2208 σπείρεται
1738 2137 1794 2188 ἐν
1825 2136 2040 2207 ἀτιμίᾳ,
2067 2137 2340 2208 ἐγείρεται
2365 2140 2422 2192 ἐν
2443 2137 2601 2211 δόξῃ·
2646 2139 2929 2210 σπείρεται
2974 2137 3135 2208 σῶμα
3163 2137 3414 2208 ψυχικὸν,
3444 2137 3732 2208 ἐγείρεται

443 2237 600 2306 σῶμα
644 2232 1025 2304 πνευματικόν.
1061 2251 1077 2283 ι
1117 2231 1225 2284 Ka‘t
1257 2231 1492 2301 ἀλλαχοῦ
1525 2247 1537 2260 ·
1573 2251 1591 2283 ι
1615 2230 2082 2301 Ἀρπαγησόμεθα
2106 2233 2166 2284 ἐν
2189 2233 2442 2298 νεφέλαις
2480 2235 2560 2298 εἰς
2586 2235 2746 2306 ἀέρα,
2774 2237 2854 2298 εἰς
2888 2233 3193 2303 ἀπάντησιν
3217 2231 3312 2285 τοῦ
3348 2233 3575 2304 Κυρίου.
3610 2250 3626 2283 ι
3657 2232 3733 2283 Εἰ

441 2327 498 2380 δὲ
530 2329 598 2379 τὰ
643 2327 750 2378 τῶν
782 2326 956 2393 ἁγίων
1009 2321 1239 2393 σώματα
1273 2321 1449 2391 κοῦφα
1487 2323 1697 2389 γίνεται
1729 2323 1824 2375 καὶ
1867 2324 2156 2392 μετάρσια,
2191 2325 2287 2378 καὶ
2324 2325 2525 2398 ῥᾳδίως
2557 2325 2651 2379 τὸν
2683 2325 2822 2395 ἀέρα
2861 2325 3128 2396 διαπερᾷ·
3167 2324 3228 2377 οὐ
3263 2324 3345 2377 δεῖ
3392 2322 3729 2394 θαυμάζειν,

444 2423 496 2474 εἰ
526 2421 588 2474 τὸ
613 2417 945 2472 Δεσποτικὺν
978 2416 1160 2488 σῶμα,
1191 2416 1252 2470 τὸ
1283 2419 1348 2488 τῇ
1393 2416 1608 2488 θεότητι
1629 2415 1725 2468 τοῦ
1756 2417 2096 2485 Μονογενοῦς
2133 2419 2434 2490 ἡνωμένον,
2471 2421 2608 2491 μετά
2643 2420 2742 2491 τὴν
2775 2419 3072 2474 ἀνάστασιν
3113 2417 3478 2489 γεγενημένον
3516 2416 3732 2470 ἀθάνα-

445 2530 537 2566 τον
577 2509 984 2580 κεκλεισμένων
1011 2508 1119 2562 τῶν
1154 2507 1336 2578 θυρῶν
1369 2506 1706 2577 εἰσελήλυθε.

517 2605 814 2659 lnnumera
868 2616 1035 2672 porro
1085 2601 1190 2656 alia
1230 2609 1345 2654 tum
1393 2599 1738 2670 prophetica,
1770 2607 1884 2652 tum
1906 2613 2035 2668 apo—

2205 2605 2316 2659 Καί
2340 2606 2544 2677 μυρίας
2571 2605 2626 2659 δὲ
2659 2606 2851 2677 ἑτέρας
2880 2605 2974 2659 καὶ
2997 2602 3340 2677 προφητικάς
3371 2602 3465 2656 καὶ
3489 2602 3734 2654 ἀποστο-

448 2695 642 2751 stolica
701 2691 1017 2748 testimonia
1071 2691 1128 2745 in
1166 2697 1423 2760 promptu
1467 2699 1588 2744 erat
1617 2689 1904 2760 proferre:
1940 2691 2036 2744 sed

2144 2697 2292 2760 λικάς
2328 2698 2636 2770 μαρτυρίας
2686 2698 3031 2768 παραγαγεῖν
3069 2695 3317 2758 εὐπετές.
3380 2693 3526 2746 Ἀλλ’
3561 2693 3735 2762 ἀρκεῖ

451 2787 731 2844 sufﬁciunt
759 2801 881 2856 qua:
914 2785 1060 2839 dicta
1090 2791 1239 2848 sunt,
1269 2790 1331 2836 ut
1363 2781 1511 2853 quod
1546 2782 1745 2836 docere
1784 2782 2039 2836 volumus

2144 2789 2231 2843 καὶ
2262 2788 2332 2842 τά
2360 2789 2626 2860 εἰρημένα
2651 2787 2822 2854 δεῖξαι
2843 2788 2938 2842 τὸν
2963 2788 3059 2859 τῆς
3083 2784 3738 2858 ἡμετέραςδιδασκαλίας

451 2877 832 2934 ostendamus.
858 2875 1152 2931 Credimus
1196 2874 1344 2929 enim
1380 2874 1437 2928 in
1473 2889 1642 2927 unum
1688 2873 1931 2936 Patrem,
1982 2872 2038 2926 in

2144 2878 2361 2932 σκοπόν.
2416 2878 2755 2949 Πιστεύομεν
2809 2879 2918 2950 γὰρ
2967 2879 3046 2942 εἰς
3075 2879 3174 2932 ἕνα
3224 2879 3467 2949 Πατέρα,
3522 2881 3601 2943 εἰς
3631 2878 3740 2931 ἕνα

455 2986 626 3027 unum
687 2969 912 3034 Filium,
971 2968 1028 3021 in
1082 2981 1252 3020 unum
1305 2965 1571 3035 Spiritum
1626 2975 1927 3019 sanctum:
1983 2975 2040 3019 et

2144 2969 2290 3035 Υἱδν,
2324 2970 2405 3033 εἰς
2447 2968 2505 3022 ἓν
2557 2968 2783 3039 Πνεῦμα
2821 2970 3008 3038 ἅγιον·
3053 2969 3149 3023 καὶ
3192 2968 3565 3039 ὁμολογοῦμεν
3599 2970 3740 3038 μίαν

455 3063 786 3119 conﬁtemur
807 3074 973 3114 unam
998 3057 1366 3122 divinitatem,
1397 3073 1560 3111 unam
1584 3057 2038 3121 dominationem,

2144 3057 2395 3127 θεότητα,
2445 3057 2574 3127 μίαν
2626 3057 2944 3128 κυριότητα,
2996 3059 3127 3130 μίαν
3156 3059 3369 3125 οὐσίαν,
3416 3062 3564 3128 τρεῖς
3593 3059 3730 3110 ὑπο.

461 3171 626 3212 unam
670 3151 985 3217 essentiam,
1019 3159 1132 3206 tres
1155 3151 1498 3223 hypostascs.
1524 3150 1802 3221 Unigeniti
1833 3149 2040 3220 1256

2147 3151 2390 3212 στάσεις.
2435 3150 2503 3203 Ἦ
2530 3150 2639 3220 γὰρ
2669 3148 3086 3221 ἐνανθρώπησις
3127 3150 3222 3204 τοῦ
3253 3149 3590 3220 Μονογενοῦς
3639 3149 3743 3202 τδν

461 3261 697 3315 namque
726 3242 1034 3299 incarnatio
1066 3241 1355 3296 Trinitatis
1379 3257 1669 3296 numerum
1709 3257 1820 3296 non
1869 3241 2042 3304 auxit,

2146 3243 2245 3312 τῆς
2279 3242 2510 3313 Τριάδος
2531 3244 2634 3297 οὐκ
2669 3243 2907 3315 ηὔξησεν
2941 3243 3197 3314 ἀριθμὸν,
3233 3245 3326 3298 καὶ
3365 3244 3598 3315 τετράδα
3631 3243 3744 3314 τὴν

462 3353 566 3393 nec
592 3313 726 3391 fecit
750 3343 810 3390 ut
843 3334 1086 3389 Trinitas
1106 3341 1252 3388 esset
1278 3333 1644 3403 quaternitas,
1671 3333 1767 3388 sed
1792 3348 2040 3403 perman-

2151 3333 2360 3406 Τριάδα
2398 3313 2724 3407 πεποίηκεν,
2769 3313 2906 3390 ἀλλά
2946 3313 3259 3406 μεμένηκεν
3307 3334 3405 3390 καὶ
3442 3313 3579 3408 μετὰ
3631 3313 3742 3406 τὴν

463 3428 535 3483 sit
558 3427 800 3481 Trinitas
831 3425 996 3480 etiam
1024 3433 1148 3494 post
1183 3423 1617 3479 incarnationem
1640 3423 1902 3478 Trinitas.
1936 3422 2045 3477 llo-

465 3518 671 3574 minem
722 3523 904 3572 autem
954 3516 1158 3570 factum
1207 3515 1496 3571 credentes
1552 3516 1898 3586 unigenitum
1950 3515 2046 3570 Dei

467 3609 689 3676 Filium,
738 3617 994 3664 naturam
1046 3623 1208 3678 quam
1256 3608 1556 3679 assumpsit
1605 3623 1717 3662 non
1762 3623 2046 3679 negamus,

467 3703 561 3759 sed
586 3701 936 3765 conﬁtemur,
962 3707 1023 3754 ut
1052 3699 1312 3766 diximus,
1347 3707 1402 3755 et
1430 3715 1552 3755 eam
1577 3715 1699 3770 quae
1725 3700 2046 3770 assumpsit,

467 3803 524 3850 et
573 3809 694 3848 eam
744 3808 862 3863 quae
894 3800 1174 3861 assumpta
1205 3798 1308 3846 est.
1360 3791 1502 3848 Unio
1534 3791 1682 3846 enim
1709 3806 1774 3846 ea
1805 3806 1930 3860 qua:
1953 3805 2074 3844 na-'

472 3896 723 3942 turarum
767 3892 926 3938 erant
957 3883 1178 3954 propria
1202 3899 1311 3938 non
1335 3883 1604 3938 confudit.
1635 3881 1853 3936 Etenim
1879 3881 1926 3935 si
1957 3896 2052 3936 aer

471 3976 623 4031 omni
648 3992 713 4031 ex
739 3982 895 4046 parte
926 3975 1107 4030 lucem
1129 3975 1410 4045 excipiens
1434 3990 1530 4030 aer
1549 3988 1672 4028 esse
1693 3987 1804 4026 non
1824 3971 2050 4038 desinit,

471 4083 650 4137 neque
702 4067 842 4121 lucis
887 4067 1018 4121 item
1070 4073 1322 4120 naturam
1381 4063 1708 4134 corrumpit,
1751 4064 1850 4120 sed
1878 4065 2055 4122 oculis

472 4157 694 4230 quidem
742 4157 924 4212 lucem
968 4157 1266 4224 cernimus,
1311 4165 1459 4212 tactu
1489 4171 1622 4210 vero
1651 4171 1834 4211 aerem
1862 4157 2056 4229 digno-

473 4249 713 4315 scimus;
753 4257 847 4302 aut
886 4247 1119 4318 frigidus
1154 4247 1324 4312 enim,
1357 4253 1454 4301 aut
1481 4245 1711 4311 calidus,
1748 4254 1844 4300 aut
1868 4247 2056 4301 humi—

474 4341 597 4405 dus,
623 4348 718 4394 aut
736 4340 916 4394 siccus
938 4339 1152 4394 accedit
1179 4357 1192 4392 :
1222 4349 1484 4394 extrema:
1511 4337 1583 4391 sit
1603 4336 1900 4394 dementias
1919 4353 2054 4394 con-

473 4431 746 4487 fusionem
788 4431 1064 4502 appellare
1093 4429 1401 4486 divinitatis
1437 4429 1906 4500 humanitatisque
1927 4446 2057 4485 con-

470 4525 831 4596 junctionem.
874 4523 932 4578 Si
963 4523 1111 4578 enim
1146 4537 1429 4578 conserva:
1455 4529 1511 4575 et
1541 4530 1787 4592 tempore
1815 4523 2058 4590 aequales

475 4623 532 4671 ct
568 4623 768 4671 creatae
815 4622 1027 4669 natura:
1057 4613 1227 4669 unita:
1257 4624 1312 4668 et
1337 4612 1745 4684 quodammodo
1778 4614 2058 4683 permistte

461 4700 700 4778 integrae
730 4714 1077 4777 permanent,
1107 4713 1165 4760 et
1205 4705 1328 4760 luce
1380 4704 1673 4759 recedente
1723 4714 1910 4759 manet
1955 4719 2056 4776 per

476 4815 596 4856 sese
638 4800 783 4854 aeris
811 4807 1009 4852 natura
1042 4814 1055 4850 :
1095 4798 1269 4851 multo
1295 4811 1427 4851 sane
1453 4804 1537 4849 est
1566 4795 1780 4864 aequius
1803 4803 2058 4850 naturam

477 4888 642 4955 illam,
674 4905 796 4960 qua:
821 4887 1006 4943 omnia
1029 4885 1298 4950 condidit,
1337 4893 1550 4941 natura:
1571 4900 1733 4956 quam
1789 4901 1856 4940 ex
1900 4885 2061 4941 nobis

475 4981 710 5052 sumpsit
762 4981 1110 5049 conjunctam
1170 4985 1228 5032 et
1280 4977 1512 5045 unitam,
1561 4986 1618 5032 et
1660 4976 1837 5047 ipsam
1857 4993 2058 5048 puram

477 5071 843 5144 permansisse
885 5068 1158 5133 conﬁteri,
1187 5078 1243 5123 et
1265 5084 1429 5139 quam
1459 5070 1758 5140 assumpsit
1786 5070 2056 5125 sinceram

479 5163 730 5219 similiter
757 5175 1132 5215 conservasse.
1166 5159 1302 5215 Nam
1330 5167 1389 5216 et
1410 5175 1608 5214 aurum
1633 5160 1747 5231 igni
1776 5161 2056 5218 admotum

475 5254 620 5325 ignis
668 5251 894 5323 quidem
948 5250 1189 5306 colorem
1250 5260 1306 5307 et
1352 5252 1465 5305 vim
1516 5252 1713 5324 agendi
1741 5254 2055 5324 participat,

481 5344 759 5415 prepriam
813 5351 994 5396 tamen
1053 5352 1302 5396 naturam
1338 5357 1448 5396 non
1491 5344 1716 5408 amittit,
1747 5345 1843 5399 sed
1868 5361 1976 5400 una
2003 5353 2062 5400 et

476 5450 673 5490 aurum
701 5443 906 5499 manet,
946 5441 1002 5488 et
1031 5434 1171 5506 ignis
1194 5451 1347 5490 more
1368 5435 1499 5506 agit.
1519 5433 1614 5491 Sic
1639 5445 1694 5490 et
1714 5435 2062 5492 Dominicum

477 5543 699 5597 corpus,
755 5541 954 5597 corpus
996 5527 1222 5598 quidem
1251 5536 1356 5594 est,
1384 5526 1482 5582 sed
1525 5527 1865 5596 impassibile
1893 5537 1950 5584 et
1974 5529 2063 5583 in-

477 5618 859 5691 ccrruptibile,
915 5627 971 5673 et
1024 5619 1356 5684 immortale,
1403 5627 1459 5673 et
1491 5618 1862 5687 Dominicum,
1898 5629 1954 5676 et
1981 5621 2063 5678 di-

552 5800 596 5834 “
632 5800 653 5854 ι
693 5799 822 5854 Cor.
848 5815 938 5868 xv,
963 5798 1053 5868 42,
1085 5799 1174 5855 45.
1230 5798 1272 5830 ¹⁵
1305 5798 1327 5854 l
1361 5797 1554 5853 Thess.
1581 5813 1654 5867 tv,
1690 5797 1776 5856 l6.

2149 3424 2566 3496 ἐνανθρώπησιν
2604 3428 2774 3499 Τριὰς
2821 3429 2854 3498 ἡ
2913 3427 3104 3498 Τριάς.
3169 3428 3620 3499 Ἐνανθρωπῆσαι
3681 3429 3745 3482 δὲ

2151 3516 2506 3580 πιστεύοντες
2540 3517 2631 3570 τὸν
2660 3519 2922 3589 μονογενῆ
2962 3519 3091 3573 Υίδν
3111 3519 3206 3572 τοῦ
3230 3520 3388 3583 Θεοῦ,
3412 3521 3512 3574 οὐκ
3541 3521 3746 3591 ἀρνού-

2155 3607 2296 3678 μεθα
2349 3609 2414 3679 ἣν
2443 3607 2604 3662 ἔλαϐε
2641 3608 2824 3676 φύσιν,
2862 3609 2979 3662 ἀλλ’
3013 3609 3408 3680 ὁμολογοῦμεν,
3459 3610 3536 3673 ὼς
3572 3611 3744 3680 ἔφην,

2152 3698 2248 3751 καὶ
2277 3696 2374 3767 τὴν
2398 3696 2693 3764 λαϐοῦσαν,
2718 3699 2811 3752 καὶ
2832 3699 2930 3769 τὴν
2960 3699 3279 3771 ληφθεῖσαν.
3316 3703 3380 3754 Ἠ
3414 3702 3522 3772 γὰρ
3544 3702 3748 3767 ἒιρωσις

2120 3791 2215 3853 ,οὐ
2262 3789 2483 3859 συνέχεε
2510 3789 2578 3843 τά
2610 3789 2721 3843 τῶν
2747 3790 2962 3859 φύσεων
3000 3791 3137 3846 ίδια.
3173 3793 3237 3845 Εἰ
3284 3793 3394 3864 γὰρ
3424 3793 3454 3844 ὁ
3485 3794 3595 3866 ἀὴρ
3619 3793 3747 3858 ὅλος

2153 3875 2222 3928 δι’
2256 3875 2379 3929 ὅλου
2413 3876 2474 3929 τὸ
2505 3877 2622 3945 φῶς
2649 3878 3026 3949 εἰσδεχόμενος
3055 3880 3157 3933 ούκ
3193 3881 3458 3934 ἀπόλλυσι
3487 3883 3550 3936 τὸ
3597 3879 3748 3936 εἶναι

2156 3968 2287 4040 ἀὴρ,
2321 3966 2444 4022 οὔτε
2471 3970 2578 4039 μὴν
2601 3968 2697 4023 τοῦ
2728 3969 2906 4040 φωτὸς
2931 3971 3234 4043 διαφθείρει
3263 3977 3362 4044 τὴν
3397 3973 3584 4043 φύσιν,
3607 3973 3749 4029 ἀλλά

2153 4063 2267 4123 τοῖς
2304 4061 2402 4131 μὲν
2433 4059 2736 4132 ὀφθαλμοῖς
2773 4061 2992 4133 ὁρῶμεν
3024 4063 3084 4116 τὸ
3116 4064 3255 4133 φῶς,
3305 4069 3371 4136 τῇ
3405 4065 3463 4119 δὲ
3499 4067 3609 4137 ἁφῇ
3651 4066 3749 4119 τὸν

2156 4151 2294 4222 ἀέρα
2323 4151 2692 4222 γινώσκομεν·
2725 4152 2757 4223 ἢ
2790 4153 2896 4224 γὰρ
2935 4153 3144 4225 ψυχρὸς
3194 4157 3346 4226 ἡμῖν,
3382 4156 3414 4227 ἢ
3447 4157 3669 4228 θερμὸς,
3711 4159 3747 4230 ἢ

2160 4242 2348 4314 ὑγρὸς,
2381 4241 2416 4312 ἢ
2457 4241 2620 4314 ξηρὸς
2649 4244 3041 4313 προσπελάζει·
3071 4245 3256 4308 ἀνοίας
3278 4247 3514 4319 ἐσχάτης
3546 4248 3753 4317 σύγχυ-

2159 4349 2245 4386 σιν
2275 4333 2572 4387 ἀποκαλεῖν
2597 4335 2695 4406 τὴν
2723 4336 2823 4407 τῆς
2854 4337 3105 4408 θεότητος
3128 4339 3223 4392 καὶ
3252 4338 3352 4409 τῆς
3382 4339 3753 4410 ἀνθρωπότη-

2159 4443 2251 4490 τος
2282 4425 2499 4480 ἕνωσιν.
2531 4428 2596 4481 Εἰ
2622 4429 2732 4500 γὰρ
2765 4430 2819 4483 αἰ
2849 4431 3130 4501 ὁμόδουλοι
3179 4432 3276 4486 καὶ
3326 4434 3616 4504 ὁμόχρονοι
3651 4435 3753 4487 καὶ

2161 4519 2380 4573 κτισταὶ
2428 4519 2623 4588 φύσεις
2671 4519 2980 4592 ἐνούμεναι,
3024 4523 3118 4576 καὶ
3155 4525 3318 4576 οἱονεὶ
3344 4524 3754 4595 κεραννύμεναι

2164 4611 2416 4682 ἀκέραιοι
2443 4611 2782 4683 διαμένουσι,
2833 4615 2930 4668 καὶ
2958 4614 3053 4668 τοῦ
3097 4616 3278 4684 φωτὸς
3329 4617 3752 4687 ὑποχωροῦντος

2169 4702 2319 4773 μένει
2342 4703 2466 4758 καθ’
2488 4703 2660 4776 αὐτὴν
2691 4704 2785 4759 τοῦ
2814 4705 2976 4778 ἀέρος
3003 4708 3037 4777 ἡ
3067 4707 3251 4775 φύσις,
3275 4707 3456 4779 πολλῷ
3479 4708 3754 4778 δήπουθεν

2165 4794 2529 4867 δικαιότερον,
2563 4797 2663 4868 τὴν
2696 4797 2766 4850 τά
2804 4798 2983 4852 πάντα
3023 4799 3440 4872 τεκτηναμένην
3479 4799 3642 4871 φύσιν
3683 4806 3755 4874 τῇ

2166 4885 2227 4952 ἐξ
2273 4888 2428 4958 ἡμῶν
2478 4887 2748 4962 ληφθείσῃ
2803 4890 3169 4960 συναφθεῖσάν
3204 4908 3264 4944 τε
3318 4891 3414 4946 καὶ
3457 4892 3758 4947 ἐνωθεῖσαν

2170 4981 2352 5052 φύσει,
2385 4981 2481 5036 καὶ
2509 4982 2682 5054 αὐτὴν
2729 4984 3010 5054 ἀκραιφνῆ
3039 4985 3414 5056 μεμενηκέναι
3443 4985 3755 5055 ὁμολογεῖν,

2167 5073 2263 5127 καὶ
2299 5075 2369 5145 ῆν
2402 5073 2597 5129 ἔλαϐεν
2628 5074 2890 5140 ὡσαύτως
2935 5077 3202 5148 ἀκεραίαν
3236 5077 3587 5147 διαφυλάξαι.
3643 5079 3753 5131 Καὶ

2167 5167 2277 5238 γὰρ
2305 5168 2402 5222 καί⁵
2427 5170 2455 5222 ὁ
2487 5167 2687 5240 χρυσὸς
2714 5169 2791 5240 τῷ
2834 5169 2970 5240 πυρὶ
3003 5169 3354 5241 προσομιλῶν
3398 5168 3760 5241 μεταλαμϐά-

2166 5276 2248 5314 νει
2279 5260 2378 5331 μὲν
2405 5260 2504 5332 τῆς
2546 5259 2641 5314 τοῦ
2671 5262 2842 5332 πυρὸς
2874 5262 2965 5315 καὶ
2994 5262 3162 5334 χρόας
3191 5246 3286 5316 καὶ
3326 5261 3628 5336 ἐνεργείας,
3655 5263 3756 5333 τὴν

2167 5352 2226 5406 δέ
2265 5352 2472 5405 οἰκείαν
2497 5353 2598 5406 οὐκ
2631 5353 2894 5407 ἀπόλλυσι
2923 5352 3106 5423 φύσιν,
3145 5352 3282 5408 ἀλλά
3315 5353 3409 5407 καὶ
3445 5353 3595 5424 μένει
3617 5371 3774 5424 χρυί

2171 5440 2286 5506 σὸς,
2316 5443 2410 5496 καὶ
2443 5441 2659 5515 ἐνεργεῖ
2697 5443 2766 5498 τά
2802 5446 2992 5517 πυρός.
3021 5445 3180 5499 Οὕτω
3203 5446 3298 5500 καὶ
3332 5446 3393 5500 τὸ
3419 5447 3755 5498 Δεσποτικδν

2172 5532 2353 5603 σῶμα,
2394 5535 2555 5606 σῶμα
2589 5537 2684 5608 μὲν
2713 5536 2881 5603 ἔστιν,
2917 5536 3032 5591 ἀλλ’
3059 5537 3289 5604 ἀπαθὲς,
3330 5537 3633 5609 ἄφθαρτον,
3661 5536 3758 5590 καὶ

2171 5621 2458 5694 ἀθάνατον,
2507 5625 2601 5679 καὶ
2633 5627 2982 5693 Δεσποτικδν,
3040 5627 3136 5680 καλ⁵
3191 5624 3356 5692 θεῖον,
3395 5627 3490 5680 καὶ
3519 5627 3586 5697 τῇ
3635 5623 3757 5696 θείᾳ
