4072 6420
336 374 481 442 1389

1649 378 2009 441 EPISTULA
2046 382 2293 445 CXLVI.

3463 376 3598 440 1390

331 491 466 565 δόξῃ
486 490 893 562 δεδοξασμένο..
924 491 999 545 Ού
1022 490 1131 562 γὰρ
1165 490 1495 563 κεχώρισται
1515 491 1612 561 τῆς
1642 491 1913 562 θεότητος,

2024 491 2230 559 vinum,
2260 503 2317 549 et
2351 493 2537 548 divina
2567 493 2741 566 gloria
2770 492 3155 566 glorificatum.
3189 491 3308 547 Non
3334 493 3479 549 enim
3508 510 3596 550 se-

328 580 458 634 οὐδὲ
483 579 646 636 ἄλλου
692 581 835 644 τινός
866 582 1042 646 ἐστιν,
1089 579 1203 634 ἀλλ’
1240 580 1403 634 αὐτοῦ
1443 581 1535 633 τοῦ
1575 578 1915 647 Μονογενοῦς

330 670 472 725 Υἱοῦ
503 669 598 724 τοῦ
647 670 806 724 Θεοῦ.
860 670 996 725 Οὐδὲ
1022 670 1131 742 γάρ
1169 670 1357 743 ἕτερον
1398 673 1528 742 ἡμῖν
1585 672 1915 726 ἐπιδείκνυσι

330 764 656 834 πρόσωπον,
710 763 826 816 ἀλλ’
858 761 1020 816 αὐτὸν
1049 761 1142 815 τὸν
1192 762 1473 833 Μονογενῆ
1512 762 1611 833 τὴν
1638 762 1916 834 ἡμετέραν

329 853 723 924 περικείμενον
750 853 935 923 φύσιν.

408 941 629 1015 Ταύτην
670 947 835 1015 ἡμεῖς
871 944 973 1016 τὴν
1024 944 1374 1000 διδασκαλίαν
1421 943 1772 1015 διατελοῦμεν
1815 960 1916 1014 κη-

327 1033 646 1106 ρύττοντες.
689 1036 753 1088 Oi
779 1034 837 1088 δὲ
868 1036 969 1105 τὴν
1001 1035 1143 1107 ὑπὲρ
1175 1034 1333 1106 ἡμῶν
1371 1034 1746 1105 γεγενημένην
1775 1035 1917 1087 οἰκο-

329 1127 532 1198 νομίαν
557 1126 882 1197 ἀρνούμενοι
924 1128 1236 1199 αἱρετικοὺς
1267 1129 1417 1197 ἡμᾶς
1446 1126 1916 1197 προσηγόρευσαν,

330 1218 669 1288 προσόμοιόν
696 1235 750 1271 τι
776 1219 898 1281 ταῖς
937 1216 1157 1287 γυναιξὶ
1197 1220 1317 1281 ταῖς
1353 1216 1672 1280 ἀκολάστως
1703 1216 1918 1269 ποιοῦν-

327 1327 450 1372 τες.
479 1310 588 1364 Καὶ
614 1309 725 1381 γάρ
749 1312 955 1364 ἐκεῖναι
993 1310 1234 1382 δημοσία⁸
1274 1308 1556 1363 πωλοῦσαι
1603 1307 1701 1379 τὴν
1729 1307 1880 1379 ὤραν
1901 1347 1917 1373 ,

334 1406 450 1465 τοῖς
476 1405 774 1473 έταιρικοῖς
800 1403 1031 1457 ὀνείδεσι
1052 1403 1156 1467 τὰς
1195 1401 1482 1474 σώφρονας
1509 1401 1916 1472 περιϐάλλουσι,

328 1497 433 1549 καὶ
462 1494 531 1547 τὰ
555 1496 656 1565 τῆς
689 1494 895 1559 οἰκείας
916 1494 1204 1564 ἀσελγείας
1234 1494 1475 1566 ὀνόματα
1498 1497 1617 1558 ταῖς
1636 1493 1734 1565 τὴν
1760 1492 1919 1547 ἀσέλ-

327 1603 495 1654 γειαν
524 1585 976 1657 βδελυττομέναις
1002 1585 1368 1656 περιτιθέασι.
1418 1585 1591 1639 Τοῦτο
1632 1584 1781 1654 καὶὴ
1820 1585 1917 1638 Δί-

329 1678 545 1746 γυπτία
588 1678 879 1748 πεποίηκε.
913 1677 1024 1747 Τὴν
1052 1678 1163 1748 γὰρ
1206 1680 1305 1748 τῆς
1339 1678 1572 1747 αίσχρᾶς
1623 1675 1921 1747 ἐπιθυμίας

328 1768 583 1823 δουλείαν
618 1767 984 1840 ἀσπασαμένη
1006 1806 1022 1832 ,
1066 1768 1164 1822 καὶ
1215 1765 1314 1839 τὴν
1347 1766 1731 1838 ἀνδραποδώδη
1759 1766 1920 1821 κολα-

2021 590 2270 651 paratum
2300 593 2384 639 est
2408 600 2440 640 a
2470 585 2780 651 divinitate,
2816 599 2995 655 neque
3037 583 3264 640 alterius
3294 583 3597 655 cujuspiam

2017 682 2121 736 est,
2145 673 2241 728 sed
2263 674 2435 745 ipsius
2464 676 2732 749 unigeniti
2762 676 2886 732 Filii
2915 677 3033 731 Dei.
3066 676 3179 731 Nec
3199 674 3347 731 enim
3373 674 3599 729 alteram

2019 762 2181 817 nobis
2238 765 2462 821 exhibet
2509 783 2802 837 personam
2862 766 3075 838 1257
3102 766 3198 821 sed
3242 764 3599 837 Unigenitum

2021 852 2200 923 ipsum
2235 865 2420 913 nostra
2446 857 2696 913 indutum
2722 867 2939 913 natura.

2094 944 2245 1000 llane
2296 963 2398 1004 nos
2451 948 2761 1005 doctrinam
2815 950 3115 1020 praedicare
3158 947 3459 1020 pergimus.
3492 945 3597 1014 Qui

2018 1049 2153 1089 mro
2209 1037 2408 1092 factam
2460 1054 2562 1109 pro
2620 1039 2784 1094 nobis
2846 1039 3310 1110 dispensationem
3360 1045 3597 1108 negant,

2019 1126 2315 1183 hzereticos
2341 1145 2441 1184 nos
2475 1130 2844 1200 appellarunt,
2888 1130 3121 1201 impuris
3149 1129 3477 1185 mulieribus
3526 1129 3597 1182 si-

2020 1219 2150 1274 mile
2177 1223 2191 1241 ‘
2223 1220 2432 1291 aliquid
2466 1221 2799 1279 factita‘ntes.
2850 1223 2964 1278 Illas
3008 1237 3266 1292 namque,
3309 1236 3433 1275 cum
3482 1220 3598 1274 for-

2017 1324 2164 1365 mam
2210 1327 2364 1367 suam
2410 1316 2661 1370 venalem
2711 1315 2970 1381 habeant,
3019 1311 3602 1384 meretriciis.probris

2020 1410 2199 1458 castas
2241 1413 2460 1471 vexant,
2508 1414 2567 1462 et
2615 1407 3062 1477 intemperantia:
3110 1422 3223 1462 suae
3273 1404 3499 1460 nomina
3532 1403 3602 1458 iis

2020 1510 2142 1563 qua:
2162 1495 2379 1551 illarum
2410 1497 2888 1569 intemperantiam
2911 1498 3259 1553 detestantur
3287 1496 3601 1567 imponunt.

2022 1584 2136 1639 Hoc
2158 1586 2409 1660 Egyptia
2446 1589 2597 1657 fecit,
2633 1606 2755 1661 quae
2782 1591 2961 1661 turpis
2985 1589 3247 1646 desiderii
3277 1587 3601 1644 servitutem

2018 1677 2292 1746 amplexa,
2323 1694 2448 1733 cum
2484 1679 2673 1735 servili
2723 1679 3038 1735 adulatione
3083 1692 3337 1750 aggressa
3388 1682 3600 1733 castum

2021 1776 2190 1834 esset,
2221 1785 2326 1824 nec
2357 1771 2625 1836 inescare,
2661 1771 3070 1842 voluptatisque
3120 1768 3331 1840 laqueis
3379 1766 3602 1822 irretire

330 1863 495 1916 κείαν
534 1860 978 1934 προσενεγκοῦσα
1026 1861 1104 1933 τῷ
1136 1860 1395 1933 σώφρονι,
1435 1858 1556 1916 εἶτα
1614 1862 1688 1934 μὴ
1730 1860 1915 1914 δελεά-

2024 1859 2313 1930 potuisset,
2361 1861 2528 1917 alieni
2563 1862 2667 1917 tori
2711 1862 3029 1933 prmdonem
3054 1860 3363 1932 appellabat
3393 1865 3603 1913 amato-

333 1971 504 2018 σασα,
552 1954 691 2026 μηδὲ
733 1956 855 2018 ταῖς
898 1956 1000 2025 τῆς
1038 1953 1373 2025 ἡδυπαθείας
1401 1953 1777 2026 περιπείρασα
1812 1953 1919 2007 πά-

330 2062 490 2115 γαις,
525 2044 811 2114 ἀλλοτρίας
845 2044 1007 2117 εὐνῆς
1032 2043 1298 2098 ἀπεκάλει
1324 2043 1525 2116 λῃστὴν
1572 2046 1672 2115 τῆς
1706 2059 1920 2114 σωφρο-

331 2137 507 2207 σύνης
534 2136 626 2190 τὸν
652 2136 913 2208 ἐραστήν.
962 2135 1103 2189 Ἀλλ’
1138 2130 1285 2190 οὗτοι
1317 2136 1415 2206 μὲν
1444 2134 1676 2189 δώσουσι
1701 2133 1778 2206 τῷ
1798 2133 1918 2204 Θεῷ

328 2224 438 2288 τὰς
467 2223 720 2290 εὐθύνας,
762 2228 860 2279 καὶ
890 2224 998 2280 τῶν
1027 2224 1167 2279 κατὰ
1190 2225 1292 2296 τῆς
1320 2226 1555 2288 πίστεως
1587 2223 1915 2297 μηχανημά-

327 2333 447 2369 των
472 2356 489 2382 ,
532 2316 629 2371 καὶ
664 2314 771 2371 τῶν
812 2315 937 2371 καθ’
987 2316 1145 2389 ἡμῶν
1173 2317 1643 2388 σκευωρημάτων.
1691 2315 1834 2385 Ἐγὼ
1857 2314 1915 2369 δὲ

327 2410 465 2473 τοὺς
515 2410 867 2483 ύπηγμένους
924 2413 1045 2475 ταῖς
1111 2409 1509 2480 γεγενημέναις
1543 2408 1916 2479 ψευδολογίαις

236 2526 243 2533 ι
330 2502 669 2572 παρακαλῶ,
699 2502 934 2573 θατέραν
961 2503 1086 2555 ταῖν
1113 2501 1302 2554 ἀκοαίν
1330 2498 1441 2567 (18)
1469 2497 1547 2570 τῷ
1579 2515 1916 2569 κατηγορου-

332 2593 491 2664 μένῳ
512 2593 826 2662 φυλάττειν,
864 2594 960 2647 καὶ
998 2592 1076 2665 μὴ
1122 2592 1221 2657 τὰς
1253 2592 1348 2646 δύο
1378 2593 1491 2656 τοῖς
1520 2591 1918 2665 κατηγοροῦσιν

331 2684 583 2755 ὑπέχειν.
626 2683 784 2738 Οὕτω
818 2684 927 2755 γὰρ
963 2684 1055 2737 τὸν
1095 2683 1238 2737 θεῖον
1263 2680 1615 2754 πληρώσουσι
1646 2682 1829 2753 νόμον,
1862 2682 1922 2747 ὃς

329 2777 641 2848 διαρρήδην
688 2776 824 2848 βοᾷ·
875 2794 895 2829 ι
949 2775 1145 2848 Ἀκοὴν
1178 2775 1415 2847 ματαίαν
1444 2774 1506 2828 οὐ
1547 2774 1827 2846 παραδέξῃ
1850 2789 1864 2803 ο
1896 2790 1915 2825 ι

335 2869 465 2922 καί·
517 2887 537 2919 ι
570 2868 767 2939 Κρίσιν
786 2868 1004 2922 δικαίαν
1041 2867 1256 2939 κρίνετε
1290 2865 1394 2921 ἀνά
1422 2866 1586 2937 μέσον
1610 2864 1806 2936 ἀνδρὸς
1829 2865 1923 2920 καὶ

332 2959 442 3012 ἀνά
481 2959 644 3030 μέσον
664 2957 759 3013 τοῦ
786 2959 1016 3031 πλησίον
1054 2957 1241 3013 αὑτοῦ.
1269 2976 1287 3008 ι
1319 2956 1417 3010 Διὰ
1446 2956 1556 3029 γὰρ
1580 2955 1648 3027 δὴ
1671 2954 1875 3010 τούτων
1895 2956 1924 3010 ό

2023 1971 2139 2009 rem
2183 1954 2558 2010 continentiae.
2602 1954 2806 2009 Verum
2842 1954 2901 2008 hi
2930 1953 3043 2010 Deo
3079 1951 3303 2023 quidem
3332 1951 3601 2006 rationem

2021 2044 2274 2110 reddent,
2327 2055 2442 2100 tum
2488 2044 2557 2101 de
2602 2045 2670 2101 iis
2720 2061 2843 2117 quae
2878 2054 3071 2100 contra
3099 2043 3263 2099 ﬁdem
3304 2042 3601 2097 machinati

2021 2147 2173 2204 sunt,
2213 2145 2330 2193 tum
2361 2139 2429 2194 de
2467 2138 2685 2193 insidiis
2718 2154 2856 2210 quas
2886 2147 3081 2193 contra
3120 2152 3225 2193 nos
3257 2141 3604 2191 struxerunt.

2021 2229 2136 2302 Ego
2167 2246 2299 2286 vero
2330 2230 2454 2286 illos
2482 2231 2757 2296 obtestor,
2786 2231 2882 2301 qui
2913 2229 3133 2303 jactatis
3180 2229 3237 2284 in
3292 2242 3396 2283 nos
3453 2240 3605 2281 men-

2021 2322 2197 2378 daciis
2250 2323 2488 2394 permoti
2510 2332 2660 2390 sunt,
2691 2331 2753 2377 ut
2780 2338 2878 2379 reo
2898 2323 3125 2377 alteram
3153 2335 3342 2376 aurem
3367 2327 3606 2382 servent,

2021 2430 2126 2469 nec
2147 2414 2339 2470 ambas
2378 2414 2688 2471 accusatori
2733 2414 2974 2471 tradant.
3022 2413 3126 2487 .Sic
3171 2412 3320 2468 enim
3365 2409 3609 2466 divinam

2022 2506 2200 2577 legem
2237 2506 2566 2577 implebunt,
2600 2521 2723 2576 quae
2761 2505 2967 2562 diserte
2999 2504 3200 2560 clamat
3230 2521 3243 2557 :
3283 2522 3302 2554 ι
3332 2500 3454 2558 Non
3483 2515 3609 2557 sus.

2022 2595 2198 2665 cipies
2228 2595 2569 2651 auditionem
2614 2610 2810 2651 vanam
2846 2595 2923 2660 ¹⁶;
2958 2613 2977 2644 ι
3009 2602 3064 2647 et
3096 2609 3109 2645 :
3144 2610 3162 2643 ι
3194 2591 3412 2647 Iustum
3456 2587 3609 2660 judi-

2020 2687 2167 2741 cium
2210 2687 2457 2758 judicate
2505 2685 2652 2741 inter
2685 2685 2865 2740 virum
2896 2693 2952 2741 et
2982 2682 3293 2755 proximum
3332 2680 3453 2752 ejus
3485 2674 3548 2732 ¹¹¹.
3583 2699 3604 2732 ι

2021 2778 2320 2848 Propterea
2367 2777 2520 2834 enim
2570 2777 2755 2833 divina
2808 2776 2897 2832 lex
2949 2774 3203 2847 praecipit
3244 2789 3356 2830 non
3380 2768 3611 2828 credere

2021 2868 2317 2925 calumniis
2350 2868 2406 2924 in
2443 2868 2725 2934 absentes,
2760 2864 2857 2922 sed
2890 2863 3257 2937 prmsentibus
3309 2860 3421 2917 reis
3456 2858 3609 2932 judi-

2023 2975 2150 3016 care
2159 3002 2172 3015 .

335 3048 483 3112 θεῖος
526 3049 692 3121 νόμος
716 3050 1012 3121 ιιταρεγγυᾶ⁵
1047 3048 1123 3121 μὴ
1170 3047 1449 3103 πιστεύειν
1518 3051 1636 3112 ταῖς
1675 3047 1816 3102 κατά
1884 3047 1994 3104 τῶν
2052 3052 2303 3108 ἀπόντων
2375 3052 2647 3118 διαϐολαῖς
2738 3050 2874 3106 ἀλλὰ
2923 3047 3158 3122 παροῦσι
3204 3050 3314 3111 τοῖς
3373 3060 3613 3115 κατηγο-

334 3142 623 3214 ρουμένοις
670 3142 912 3208 δικάζειν
934 3149 1043 3217 (l9)
1063 3182 1076 3196 .

659 3256 862 3325 PMG”.
888 3288 958 3297 —
995 3257 1241 3326 Ἰωάννῃ
1288 3258 1602 3328 οἰκονόμῳ.

426 3369 584 3440 Ἐμοὶ
626 3369 728 3441 μὲν
770 3370 973 3441 ἡσυχία
1008 3370 1286 3441 θυμήρης,
1326 3370 1422 3423 καὶ
1466 3369 1583 3439 βίος
1627 3368 1924 3441 φροντίδων

336 3457 649 3534 ἐλεύθερος.
698 3461 797 3515 Διά
828 3479 913 3515 τοι
962 3459 1123 3515 τοῦτο
1163 3462 1259 3515 καὶ
1302 3460 1397 3515 τοῦ
1428 3460 1795 3531 μοναστηρίου
1827 3459 1925 3530 τὴν

337 3548 555 3603 αὔλειον
585 3549 982 3620 ἁνῳκοδόμησα
1007 3547 1198 3621 θύραν,
1232 3548 1330 3603 καὶ
1359 3548 1471 3602 τῶν
1497 3547 1794 3618 γνωρίμων
1824 3545 1926 3610 τὰς

342 3638 640 3710 συντυχίας
667 3639 922 3692 ὲκκλίνω.
960 3638 1180 3711 Ἐπειδὴ
1207 3639 1266 3692 δὲ
1289 3638 1642 3710 καινοτομίαν
1664 3637 1808 3693 κατά
1828 3639 1927 3710 τῆς

340 3732 708 3803 εὐαγγελικῆς
736 3733 976 3797 πίστεως
1004 3730 1273 3786 κινεῖσθαι
1299 3730 1623 3802 μεμάθηκα,
1653 3733 1757 3786 οὐκ
1782 3732 1929 3786 ἀκίν-

339 3827 499 3881 δυνον
546 3824 918 3896 ὑπολαμϐάνω
948 3827 1048 3896 τὴν
1094 3826 1332 3896 σιωπήν.
1369 3825 1433 3878 Εί
1472 3824 1582 3896 γὰρ
1635 3823 1927 3894 ἀνθρώπου

344 3914 658 3987 βασιλεύειν
705 3915 967 3987 λαχόντος
1010 3915 1166 3990 παρά
1212 3932 1378 3971 τινων
1430 3914 1817 3986 ὑϐρισθέντος,
1864 3917 1927 3971 ού

343 4007 490 4063 κατά
510 4007 618 4061 τῶν
642 4007 947 4080 ὐϐρικότων
973 4008 1158 4078 μόνον,
1183 4007 1320 4062 ἀλλά
1342 4006 1436 4062 καὶ
1458 4006 1601 4061 κατά
1621 4006 1730 4062 τῶν
1757 4025 1929 4080 παρα-

339 4099 725 4171 τετυχηκότων
773 4099 893 4169 μὲν,
938 4099 1141 4170 ἥκιστα
1185 4098 1244 4152 δὲ
1290 4099 1417 4162 τοὺς
1456 4099 1929 4170 πεπαρῳνηκότας

342 4190 715 4262 ἀμυναμένων
744 4189 993 4253 κίνδυνος
1021 4190 1373 4263 έπῃώρηται,
1405 4189 1566 4243 ποίαν
1601 4189 1704 4243 οὐκ
1738 4188 1804 4242 ἂν
1843 4189 1927 4242 δι-

343 4273 519 4345 καίως
553 4282 779 4336 κόλασιν
812 4282 1108 4335 ὑποσταῖεν
1143 4283 1192 4335 oi
1220 4280 1323 4345 τὰς
1351 4281 1494 4335 κατά
1533 4280 1630 4336 τοῦ
1668 4281 1807 4335 Θεοῦ
1833 4281 1929 4336 καὶ⁵

345 4373 602 4444 Σωτῆρος
626 4372 895 4447 ήμῶν[τε]
927 4372 1276 4445 τολμημένας
1307 4372 1652 4443 βλασφημίας
1680 4373 1928 4445 παρορᾷν

345 4459 702 4536 ἀνεχόμενοι;
754 4464 926 4519 Τοῦτό
987 4482 1055 4537 με
1104 4463 1167 4517 τὸ
1218 4463 1338 4527 δέος
1385 4464 1479 4517 ἐπὶ
1522 4462 1619 4518 τοῦ
1662 4465 1928 4536 παρόντος

346 4555 629 4625 ἠνάγκασε
681 4554 890 4627 γράψαι
934 4556 1053 4621 νῦν,
1089 4555 1184 4609 καὶ
1218 4553 1456 4626 δηλῶσαι
1503 4554 1540 4609 ἀ
1582 4555 1735 4628 παρά
1762 4572 1927 4610 τινων

346 4648 792 4719 καινοτομεῖσθαι
823 4647 1147 4719 μεμάθηκα.

415 4737 612 4792 Πολλοὶ
636 4737 768 4811 γὰρ,
807 4737 885 4804 ὥς
914 4739 1067 4803 τινές
1087 4756 1273 4810 φασιν,
1301 4741 1361 4794 ὲν
1400 4742 1466 4811 τῇ
1502 4740 1655 4795 πόλει
1679 4739 1929 4812 θρυλλοῦ-

347 4844 452 4895 σιν,
483 4830 559 4893 ὼς
580 4829 974 4902 πρεσϐυτέρων
1013 4830 1176 4884 τινῶν
1221 4830 1718 4903 προσευξαμένων,
1746 4832 1841 4887 καὶ
1868 4832 1931 4885 τὸ

347 4918 577 4992 σύνηθες
606 4920 762 4985 τέλος
792 4919 1218 4974 ἐπιτεθεικότων
1242 4924 1310 4993 τῇ
1346 4926 1651 4996 προσευχῇ,
1684 4926 1784 4978 καὶ
1818 4924 1929 4977 τῶν

348 5010 448 5083 μὲν
479 5011 802 5082 εἰρηκότων,
833 5012 916 5066 ὅτι
948 5011 1035 5065 σοὶΙ
1064 5012 1265 5082 πρέπει
1287 5011 1438 5081 δόξα,
1472 5017 1567 5068 καὶ
1600 5014 1679 5086 τῷ
1707 5016 1931 5087 Χριστῷ

345 5119 464 5167 σου,
500 5102 594 5155 καὶ
625 5101 703 5174 τῷ
730 5103 870 5175 ἀγίῳ
897 5120 991 5156 σου
1018 5102 1302 5174 Πνεύματι
1324 5120 1339 5133 ο
1377 5102 1487 5157 τῶν
1513 5105 1593 5169 δὲ,
1625 5104 1814 5175 χάριτι
1835 5106 1932 5159 καὶ

344 5192 541 5265 φιλανθ
551 5194 733 5268 ρωπίᾳ
746 5195 841 5249 τοῦ
854 5194 1092 5267 Χριστοῦ
1118 5208 1236 5258 σου,
1255 5192 1375 5266 μεθ’
1391 5187 1452 5248 οὗ
1475 5197 1560 5249 σοὶ
1581 5197 1783 5266 πρέπει
1800 5195 1929 5262 δόξα

347 5286 448 5339 σὺν
469 5282 547 5354 τῷ
578 5284 718 5357 ἁγίῳ
758 5302 852 5339 σου
877 5284 1180 5356 Πνεύματι,
1213 5283 1532 5356 ἐπέσκηψεν
1555 5286 1584 5338 ὁ
1614 5284 1930 5354 σοφώτατος

344 5375 743 5446 ἀρχιδιάκονος,
793 5376 870 5449 μὴ
903 5377 1102 5450 χρῆναι
1140 5377 1321 5448 λέγειν
1367 5377 1460 5431 τὸν
1488 5375 1725 5449 Χριστὸν
1744 5416 1761 5442 ,
1792 5376 1930 5433 ἀλλὰ

343 5465 439 5518 τὸν
464 5466 746 5539 Μονογινῆ
776 5465 1038 5535 δοξάζειν.
1069 5467 1133 5521 El
1163 5467 1220 5522 δὲ
1246 5466 1406 5522 τοῦτο
1423 5466 1645 5539 ἀληθὲς,
1672 5466 1928 5539 οὐδεμίαν

419 5604 464 5635 ¹⁶
496 5603 668 5660 Exod.
705 5620 823 5671 xut.
849 5603 901 5659 l.
974 5605 1017 5638 ¹⁷
1051 5605 1214 5662 Deut.
1240 5619 1280 5671 ι,
1314 5604 1402 5660 16.

423 5739 536 5813 (εδ)
566 5738 666 5813 τὴν
697 5741 868 5813 ἀκοήν
898 5739 1067 5813 Neap.

2383 3252 2612 3310 CXLVI.
2629 3280 2700 3292 —
2713 3248 2915 3305 Joanm'
2970 3224 3254 3301 weattomo.

2097 3363 2228 3419 Mihi
2255 3363 2478 3434 quidem
2512 3370 2666 3435 grata
2683 3369 2771 3417 est
2800 3358 2981 3431 quies,
3008 3364 3067 3412 et
3100 3357 3212 3411 vita
3240 3355 3391 3412 curis
3412 3354 3610 3411 libera.

2026 3457 2323 3527 Propterea
2373 3454 2591 3526 1258
2642 3468 2776 3509 sane
2833 3459 2889 3508 et
2941 3449 3262 3506 monasterii
3312 3447 3613 3503 atriensem

2020 3548 2247 3618 ianuam
2265 3544 2537 3611 obstruxi,
2564 3553 2624 3601 et
2643 3543 2947 3600 amicorum
2967 3538 3387 3610 eongressiones
3402 3535 3609 3592 devito.

2028 3638 2137 3696 Sed
2161 3648 2455 3710 postquam
2484 3642 2677 3693 contra
2709 3632 3084 3706 evangelicam
3113 3629 3277 3686 ﬁdem
3318 3643 3409 3685 res
3441 3643 3614 3684 novas

2012 3730 2239 3787 moveri
2283 3728 2475 3794 didici,
2526 3726 2778 3799 periculo
2822 3734 3015 3782 carere
3038 3722 3321 3778 silentium
3350 3735 3463 3776 non
3493 3721 3612 3776 exi-

2027 3824 2215 3881 stimo.
2255 3823 2476 3880 Etenim
2535 3823 2585 3878 si
2614 3819 2834 3877 mortali
2874 3834 3003 3891 rege
3047 3816 3248 3889 injuria
3270 3830 3372 3887 per
3397 3814 3617 3885 aliquos

2028 3918 2249 3983 affecto,
2299 3932 2410 3972 non
2465 3916 2536 3971 iis
2581 3912 2748 3970 modo
2786 3911 2884 3984 qui
2924 3909 3185 3983 injuriam
3217 3907 3489 3971 fecerunt,
3518 3906 3613 3961 sed

2028 4007 2099 4063 iis
2138 4006 2305 4063 etiam
2347 4005 2443 4076 qui
2477 4010 2781 4077 praesentes
2810 4016 2936 4057 cum
2963 4007 3152 4056 essent
3175 3996 3474 4069 iniuriosos
3505 3997 3614 4051 mi-

2028 4100 2180 4155 nime
2231 4098 2575 4168 repulerunt,
2624 4093 2913 4164 impendet
2938 4090 3271 4162 periculum,
3306 4101 3471 4158 quam
3493 4101 3614 4157 pre—

2029 4209 2157 4249 nam
2205 4207 2318 4246 non
2354 4190 2557 4246 merito
2592 4183 2969 4248 sustinebunt,
2999 4182 3096 4253 qui
3135 4180 3314 4235 illatas
3350 4178 3408 4233 in
3440 4178 3613 4233 Deum

2027 4290 2086 4339 et
2142 4280 2485 4339 Salvatorem
2541 4286 2794 4333 nostrum
2841 4270 3218 4343 blaSphemias
3256 4277 3615 4325 contemnere

2027 4390 2141 4430 non
2185 4371 2482 4428 dubitant?
2529 4370 2632 4425 Hic
2680 4382 2768 4423 me
2810 4366 2980 4421 timor
3005 4363 3063 4418 in
3090 4375 3336 4432 praesens
3367 4358 3615 4415 scribere

2030 4465 2317 4537 compulit,
2341 4472 2400 4521 et.
2427 4463 2810 4519 demonstrare
2831 4472 2955 4530 quae
2990 4471 3021 4512 a
3056 4452 3341 4510 nonnullis
3359 4451 3611 4507 innovari

1960 4582 2005 4639 ι)
2032 4557 2285 4633 cognovi.

2105 4734 2262 4791 Multi
2295 4733 2468 4798 enim,
2496 4741 2559 4788 ut
2580 4730 2805 4803 quidam
2832 4725 3127 4789 adimant,
3149 4722 3208 4778 in
3228 4720 3368 4777 urbe
3388 4720 3619 4791 iactant,

2036 4826 2186 4899 quod
2214 4822 2554 4897 presbyteris
2574 4819 2909 4894 quibusdam
2934 4814 3249 4879 orantibus,
3285 4822 3344 4868 et
3382 4810 3621 4868 orationi

2037 4918 2260 4974 solitum
2294 4916 2458 4972 linem
2510 4912 2957 4986 apponentibus,
3015 4905 3440 4974 dicentibuscnte
3499 4900 3624 4957 aliis

2036 5009 2261 5080 quidem
2291 5026 2305 5062 :
2345 5008 2488 5075 Quia
2532 5016 2588 5062 te
2619 5006 2781 5061 decet
2807 5001 3004 5074 gloria,
3037 5007 3097 5055 et
3123 4996 3406 5054 Christum
3439 5003 3620 5057 tuum,

2035 5110 2094 5157 et
2114 5107 2367 5157 sanctum
2410 5108 2568 5155 tuum
2602 5096 2914 5168 Spiritum;
2954 5090 3081 5147 aliis
3130 5104 3267 5145 vero
3299 5105 3313 5144 :
3342 5085 3532 5143 Gratia
3564 5094 3623 5140 et

2034 5191 2381 5264 benignitate
2429 5189 2638 5247 Christi
2689 5187 2792 5253 tui,
2842 5200 2968 5242 cum
3015 5199 3129 5256 quo
3156 5191 3213 5238 te
3258 5180 3422 5237 decet
3448 5175 3621 5250 gloria

2035 5298 2161 5340 cum
2217 5290 2410 5337 sancto
2460 5287 2558 5336 tuo
2606 5278 2841 5351 Spiritu,
2879 5275 3157 5333 mandarit
3177 5267 3624 5343 sapientissimus

2035 5371 2488 5439 archidiaconus,
2521 5386 2637 5427 non
2662 5378 2921 5441 oportere
2946 5366 3230 5423 Christum
3272 5360 3479 5424 dicere,
3522 5354 3620 5412 sed

2035 5464 2391 5539 Unigenitum
2417 5463 2745 5538 gloriﬁcare.
2767 5467 2784 5484 '
2807 5459 2968 5530 Quod
2990 5458 3214 5533 quidem
3233 5454 3281 5513 si
3300 5465 3495 5511 verum
3510 5459 3619 5517 est,

427 5798 541 5881 {'19)
578 5798 693 5866 li'oc
740 5798 849 5865 δικῖ
899 5798 1268 5880 supplendum.
1313 5813 1433 5862 erat
1474 5821 1505 5861 ο
1537 5803 1773 5863 Vindnb.
1832 5799 2158 5859 Sirmondus
2183 5798 2462 5856 omiserat.
