4072 6470
430 393 557 462 1391

1435 393 1924 455 THEODORETI
1963 389 2301 452 EPISCOPI
2339 390 2706 452 CYRENSIS

3553 393 3687 457 1392

427 527 649 568 omnem
696 520 926 582 superat
958 508 1181 564 modum
1214 507 1530 577 impietatis.
1563 511 1671 561 Aut
1693 509 1840 561 enim
1872 507 2007 561 duos

2116 506 2370 569 ἀσεϐείας
2402 505 2708 576 ὑπερϐολὴν
2739 505 3073 559 καταλείπει.
3106 508 3173 558 Ἢ
3193 508 3298 576 γὰρ
3315 509 3395 569 είς
3422 509 3516 561 δύο
3535 511 3688 572 υἱοὺς

431 604 485 658 in
521 604 662 657 tilios
688 601 889 657 dividit
933 615 1104 655 unum
1163 599 1458 654 Dominum
1517 607 1768 651 nostrum
1821 597 2006 651 Jesuin

429 694 732 758 Christum,
780 701 836 745 et
888 691 1238 761 Unigenitum
1269 689 1493 758 quidem
1525 689 1832 758 legitimum
1859 695 2010 757 putat

431 800 552 839 esse
582 783 753 838 ﬁlium
789 793 845 838 et
875 782 1203 846 naturalem,
1234 779 1516 835 Christum
1538 795 1666 834 vero
1692 779 2007 849 adoptivum

430 884 488 929 et
534 874 786 937 nothum,
842 888 906 926 ac
955 871 1183 941 proinde
1239 871 1526 941 indignum
1561 869 1956 940 gloriﬁcatione
1994 887 2005 921 :

431 974 527 1019 aut
581 966 1001 1020 insolescentem
1043 979 1194 1018 nunc
1259 962 1494 1017 haeresin
1553 960 1799 1015 stabilire
1846 974 2010 1012 cona-

438 1061 550 1108 tur.
601 1054 678 1108 Ae
717 1054 977 1124 quidem,
1026 1055 1074 1109 si
1119 1054 1239 1108 dira
1288 1061 1586 1122 tempestas
1627 1051 2003 1116 incumberet,

431 1146 809 1216 suspicaretur
847 1145 1077 1224 fortasse
1108 1145 1402 1215 quispiam,
1450 1145 1600 1198 illum
1637 1144 1864 1198 haeresis
1903 1158 2004 1196 au-

431 1248 646 1292 ctorum
696 1237 942 1307 potentia
994 1236 1343 1297 deterritum,
1395 1235 1786 1303 blasphemiam
1821 1231 2007 1286 indul-

431 1345 558 1401 gere
582 1329 840 1398 tempori.
875 1329 1170 1397 Postquam
1205 1335 1387 1380 autem
1425 1325 1472 1380 is
1507 1326 1600 1394 qui
1636 1323 1851 1394 1259
1887 1324 2006 1380 bla-

431 1423 756 1492 sphematur
796 1420 1100 1489 increpavit
1147 1429 1342 1473 ventos
1389 1427 1446 1472 et
1473 1431 1644 1481 mare,
1679 1417 2008 1487 jactatisque

431 1513 694 1568 Eeelesiis
744 1510 1194 1580 tranquillitatem
1237 1509 1411 1572 dedit,
1462 1516 1517 1562 et
1565 1517 1710 1562 terra
1757 1508 2006 1576 marique

431 1603 802 1672 apostolorum
851 1600 1054 1670 ubique
1099 1599 1476 1669 promulgatur
1530 1597 1866 1667 prafdieatio,
1913 1613 2006 1653 ec-

431 1706 592 1760 quem
638 1691 820 1744 loeum
873 1689 1038 1742 habet
1087 1687 1468 1758 blasphemia?
1517 1687 1732 1741 Etenim
1759 1702 1861 1741 nec
1892 1687 2004 1752 isti,

431 1783 524 1852 qui
555 1797 718 1836 unam
751 1780 934 1836 carnis
973 1776 1390 1847 divinitatisque
1441 1787 1694 1831 naturam
1744 1793 2006 1847 perverse

431 1888 578 1927 nunc
611 1870 997 1927 ecclesiasticis
1022 1869 1370 1940 dogmatibus
1407 1868 1677 1935 inserunt,
1725 1869 2002 1924 Christum
2039 1841 2081 1900 Β

430 1961 720 2017 Dominum
747 1961 957 2016 laudari
1000 1967 1210 2026 vetant,
1259 1967 1425 2029 atque
1468 1958 1576 2013 hoc
1617 1958 1776 2013 facile
1817 1968 1901 2014 est
1937 1974 2004 2014 ex

431 2053 498 2108 iis
542 2053 635 2123 qui
677 2053 828 2106 illiue
862 2052 1148 2106 redierunt
1196 2065 1547 2121 cognoscere.
1572 2048 1877 2120 Oportebat
1903 2067 1999 2106 au-

430 2153 541 2198 tem
601 2143 776 2207 illum,
820 2144 915 2213 qui
963 2142 1147 2196 ordini
1196 2150 1455 2212 praeesset
1498 2143 1892 2210 ecclesiastico,
1923 2145 2006 2201 di-

427 2235 610 2290 vinam
647 2251 808 2291 nosse
843 2235 1204 2305 Scripturam,
1240 2242 1296 2288 et
1329 2250 1396 2288 ex
1454 2249 1517 2288 ea
1571 2233 1804 2302 discere,
1857 2237 2002 2306 quod

427 2324 889 2394 quemadmodum
921 2323 1266 2393 unigenitum
1297 2321 1493 2376 Filium
1520 2338 1643 2377 cum
1671 2325 1830 2379 Patre
1869 2340 2003 2380 con-

423 2415 661 2486 iungunt
693 2413 942 2468 veritatis
971 2410 1272 2483 prmeones,
1307 2413 1387 2467 sic
1428 2413 1594 2467 etiam
1644 2413 1848 2469 Christi
1905 2431 2006 2470 no-

428 2522 556 2561 men
620 2521 719 2577 pro
761 2505 885 2560 Filii
937 2505 1161 2560 nomine
1206 2514 1556 2576 usurpantes,
1604 2523 1749 2561 nunc
1782 2508 2002 2577 quidem

429 2609 556 2651 cum
602 2596 783 2661 Patre,
835 2609 983 2649 nunc
1023 2601 1206 2648 autem
1238 2609 1362 2649 eum
1397 2595 1606 2666 Spiritu
1641 2605 1830 2650 saneto
1875 2613 2007 2653 con-

431 2697 726 2742 numerant
769 2705 782 2741 :
825 2687 953 2758 quia
997 2686 1260 2741 nimirum
1304 2688 1446 2743 alius
1480 2705 1592 2743 non
1637 2697 1722 2743 est
1752 2688 2006 2745 Christus

433 2794 598 2848 quam
639 2777 956 2848 unigenitus
996 2779 1095 2835 Dei
1135 2779 1325 2835 Filius.
1374 2779 1562 2848 Itaque
1602 2779 2005 2835 divinissimum

433 2867 662 2922 Paulum
693 2867 887 2922 audire
915 2867 1064 2931 licet,
1087 2867 1386 2922 Corinthiis
1407 2868 1630 2938 quidem
1650 2869 2002 2937 scribentem,

434 2958 528 3012 sed
569 2958 759 3012 orbem
791 2965 1060 3012 terrarum
1088 2958 1375 3013 docentem
1403 2976 1416 3011 :
1450 2978 1466 3009 ι
1501 2959 1654 3014 Unus
1677 2961 1823 3015 Deus
1852 2961 2007 3016 Pater

431 3063 499 3100 ex
527 3061 636 3114 quo
668 3045 872 3112 omnia,
901 3054 956 3099 et
985 3061 1127 3101 unus
1158 3047 1423 3102 Dominus
1443 3047 1602 3102 Jesus
1621 3049 1873 3104 Christus
1905 3051 1998 3116 ¹⁸,›

429 3137 796 3205 eumdemque
825 3145 880 3191 et
903 3136 1205 3203 Christum,
1234 3146 1289 3193 et
1329 3138 1535 3204 Jesum,
1584 3147 1640 3195 et
1692 3141 2002 3208 Dominum,

431 3237 488 3283 ct
513 3227 829 3284 Creatorem
863 3229 1108 3282 omnium
1146 3229 1534 3299 appellantem.
1557 3231 1638 3284 Ad
1663 3231 2006 3286 Thessaloni-

431 3334 624 3374 censes
679 3325 863 3373 autem
909 3319 1158 3374 scribens
1193 3318 1272 3375 sic
1307 3319 1422 3373 ait:
1461 3339 1479 3371 ι
1507 3321 1628 3391 Ipse
1649 3330 1831 3376 autem
1862 3324 2008 3378 Deus

425 3419 489 3470 .et
517 3411 679 3466 Pater
703 3419 914 3477 noster,
943 3418 999 3465 et
1031 3411 1299 3467 Dominus
1326 3421 1514 3467 noster
1555 3413 1714 3469 Jesus
1755 3413 2009 3471 Christus

432 3502 636 3573 dirigat
677 3502 823 3558 viam
871 3512 1118 3558 nostram
1147 3503 1214 3558 ad
1245 3519 1342 3558 vos
1379 3505 1445 3560 ".
1476 3523 1494 3558 ι
1532 3505 1594 3561 In
1615 3507 1855 3561 secunda
1876 3523 2008 3562 vero

435 3595 504 3650 ad
539 3593 764 3650 eosdem
793 3595 1055 3665 Epistola,
1089 3595 1255 3650 etiam
1291 3596 1571 3652 Christum
1605 3599 1750 3653 Patri
1793 3614 2007 3669 praepo-

429 3686 564 3751 suit,
618 3701 732 3741 non
776 3686 1028 3741 ordinem
1071 3686 1370 3752 invertens,
1409 3688 1503 3744 sed
1530 3689 1734 3746 docens
1757 3690 2008 3745 ordinem

430 3773 718 3828 nominum
782 3773 1147 3829 differentiam
1205 3775 1530 3847 dignitatum
1574 3789 1632 3834 et
1685 3789 2007 3833 naturarum

430 3880 541 3920 non
569 3862 789 3919 docere.
853 3863 944 3918 Sie
1002 3873 1183 3920 autem
1237 3867 1527 3936 loquitur:
1597 3887 1615 3920 ‹
1652 3869 1772 3938 ipse
1825 3880 2008 3924 autem

429 3957 701 4014 Dominus
731 3963 922 4012 noster
965 3955 1122 4012 Jesus
1146 3956 1418 4025 Christus,
1449 3967 1507 4014 et
1535 3961 1748 4030 1260
1781 3960 1921 4015 Deus
1953 3970 2010 4016 et

431 4050 594 4106 Pater
638 4057 844 4114 noster,
889 4049 982 4120 qui
1031 4049 1222 4105 dilexit
1251 4067 1372 4118 nos,
1405 4062 1463 4108 et
1495 4051 1649 4106 dedit
1683 4053 2010 4108 consolatio-

431 4156 557 4196 nem
591 4147 871 4207 teternam,
913 4149 968 4196 et
989 4156 1140 4211 spem
1172 4143 1372 4198 bonam
1401 4144 1455 4197 in
1503 4143 1699 4213 gratia,
1755 4145 2009 4199 exhorte-

431 4237 522 4286 tur
549 4231 714 4286 corda
753 4241 959 4296 vestra,
1009 4239 1065 4287 et
1105 4233 1396 4289 conﬁrmet
1446 4233 1503 4286 in
1550 4233 1698 4289 omni
1741 4249 1909 4304 opere
1953 4241 2008 4289 et

431 4335 684 4378 sermone
727 4323 873 4378 bono
930 4323 997 4377 ³⁸.
1027 4343 1046 4376 ι
1078 4323 1194 4379 Sub
1224 4324 1388 4378 linem
1425 4339 1554 4378 vero
1598 4329 1615 4346 ‘
1648 4323 1909 4394 Epistolas
1940 4326 2008 4380 ad

431 4411 726 4479 Romanos,
751 4430 875 4470 cum
895 4415 963 4470 de
983 4415 1311 4485 quibusdam
1333 4409 1731 4482 admonuisset,
1753 4416 2005 4487 subjecit:

2116 597 2326 667 μερίζει
2345 597 2434 648 τὸν
2464 597 2559 649 ἕνα
2592 597 2796 665 Κύριον
2821 598 2976 667 ἡμῶν
3033 596 3240 666 Ἰησοῦν
3279 599 3514 666 Χριστὸν
3534 641 3546 660 ,
3589 601 3687 652 καὶ

2110 688 2202 740 τὸν
2235 689 2497 758 μονογενῆ
2527 689 2623 756 μὲν
2646 689 2774 741 Υἱὺν
2803 689 3179 759 ὑπολαμϐάνει
3224 692 3448 761 γνήσιόν
3495 709 3553 745 τε
3588 695 3689 746 καὶ

2115 779 2274 847 φύσει
2298 781 2686 850 γεγενημένον,
2714 782 2806 834 τὸν
2825 782 2880 834 δὲ
2913 783 3147 851 Χριστὸν
3175 783 3486 852 εἱσποίητόν
3515 803 3572 837 τε
3591 788 3691 840 καὶ

2113 870 2289 932 νόθον,
2325 871 2419 922 καὶ
2444 870 2531 923 διὰ
2563 870 2722 925 τοῦτο
2741 872 3049 940 δοξολογίας
3083 873 3300 938 ἀνάξιον
3319 890 3332 904 ο
3360 875 3392 944 ἢ
3426 879 3690 948 πειρᾶται

2109 955 2398 1026 κρατύνειν
2455 957 2556 1028 τὴν
2593 958 2688 1012 νῦν
2734 961 3157 1030 είσκωμάσασαν
3210 963 3441 1032 αἵρεσιν.
3497 967 3605 1018 Καὶ
3636 969 3686 1018 εί

2113 1047 2211 1116 μὲν
2248 1047 2598 1117 παγχάλεπος
2629 1050 2881 1102 ἐπέκειτο
2907 1051 3112 1104 κλύδων
3132 1095 3146 1118 ,
3180 1055 3441 1108 ἐτόπασεν
3481 1057 3543 1110 ἄν
3573 1075 3682 1119 τις,

2109 1138 2270 1190 αὐτὸν
2299 1139 2575 1192 δεδοικότα
2621 1139 2720 1210 τὴν
2766 1141 3082 1195 δυναστείαν
3129 1141 3236 1196 τῶν
3274 1149 3688 1216 γεγεννηκότων

2106 1227 2205 1298 τὴν
2236 1230 2466 1299 αἵρεσιν,
2501 1229 2578 1300 τῷ
2605 1231 2783 1304 καιρῷ
2812 1233 2910 1302 τὴν
2953 1233 3298 1304 βλασφημίαν
3339 1237 3680 1307 χαρίζεσθαι.

2119 1320 2338 1391 Ἐπειδὴ
2369 1321 2425 1374 δὲ
2463 1321 2493 1371 6
2534 1323 3026 1395 βλασφημούμενος
3065 1328 3364 1397 ἐπετίμησε
3418 1333 3530 1393 τοῖς
3559 1331 3689 1384 ἀνέ-

2111 1425 2232 1479 μοις
2267 1412 2362 1464 καὶ
2394 1414 2459 1482 τῇ
2501 1412 2763 1487 θαλάττῃ,
2807 1417 2899 1468 καὶ
2929 1419 3052 1480 ταῖς
3089 1418 3519 1490 χειμαζομέναις
3556 1424 3685 1475 Ἐκ-

2107 1499 2357 1568 κλησίαις
2387 1503 2627 1587 παρέσχε
2676 1505 2952 1577 γαλήνην,
2993 1508 3086 1561 καὶ
3131 1511 3406 1581 πανταχοῦ
3452 1513 3554 1581 γῆς
3590 1515 3688 1567 καὶ
3788 1549 3790 1551 ›

2108 1591 2378 1663 θαλάττης
2395 1595 2456 1646 τὸ
2479 1596 2585 1648 τῶν
2603 1597 2919 1650 ἀποστόλων
2941 1601 3372 1668 καταγγέλλεται
3399 1605 3684 1674 κήρυγμα,

2110 1684 2266 1737 ποίαν
2295 1683 2406 1755 ἔχει
2435 1685 2620 1756 χώραν
2651 1688 2683 1757 ἡ
2710 1687 3066 1759 βλασφημία;
3127 1691 3288 1744 Ἀλλὰ
3325 1693 3432 1763 γὰρ
3477 1695 3599 1747 οὐδὲ
3634 1698 3687 1748 οἱ

2108 1774 2205 1846 τὴν
2241 1775 2369 1845 μίαν
2397 1777 2558 1844 φύσιν
2582 1779 2784 1851 σαρκὸς
2815 1779 2909 1831 καὶ
2955 1780 3204 1850 θεότητος
3248 1785 3358 1846 τοῖς
3389 1784 3690 1855 ἐκκλησια-

2113 1870 2316 1930 στικοῖς
2349 1867 2444 1921 νῦν
2466 1868 2652 1932 κακῶς
2676 1871 3146 1940 κατασπείραντες
3168 1873 3452 1942 δόγμασιν,
3477 1877 3691 1947 ἀπηγό-

2111 1976 2312 2030 ρευσαν
2341 1960 2434 2014 τὸν
2457 1962 2736 2032 Δεσπότην
2769 1963 3054 2032 ὑμνεῖσθαι
3075 1966 3312 2034 Χριστόν
3333 1982 3344 1994 ·
3377 1968 3473 2020 καὶ
3503 1968 3690 2038 ῥᾴδιον

2111 2051 2243 2105 αὐτὸ
2261 2051 2420 2105 τοῦτο
2443 2053 2782 2123 καταμαθεῖν
2808 2054 2920 2125 (20)
2945 2055 3095 2127 παρὰ
3113 2056 3221 2110 τῶν
3251 2057 3460 2111 ἐκεῖθεν
3515 2060 3692 2111 ἐπαν-

2111 2145 2466 2216 εληλυθότων.
2535 2146 2733 2218 Ἐχρῆν
2789 2148 2847 2200 δὲ
2895 2149 3055 2202 αὐτὸν
3103 2149 3204 2219 τῆς
3224 2150 3687 2220 ὲκκλησιαστικῆς

2112 2239 2549 2308 προστατεύοντα
2598 2240 2806 2304 τάξεως
2842 2242 2940 2310 τὴν
2991 2241 3143 2294 θείαν
3181 2242 3381 2294 εἰδέναι
3435 2240 3686 2312 Γραφὴν,

2109 2329 2206 2381 κει)⁹
2247 2328 2436 2398 μαθεῖν
2491 2330 2555 2383 ἐκ
2588 2329 2793 2396 ταύτης
2818 2370 2832 2392 ,
2873 2331 2955 2383 ὅτι
3001 2331 3250 2401 καθάπερ
3299 2331 3390 2383 τὸν
3423 2331 3689 2401 μονογενῆ

2114 2418 2242 2471 Υίδν
2270 2418 2347 2488 τῷ
2388 2419 2564 2488 Πατρ)⁵
2606 2419 2985 2472 συντάττουσιν
3019 2421 3066 2472 οἱ
3095 2420 3194 2488 τῆς
3221 2419 3477 2490 ἀληθείας
3509 2422 3575 2488 κῆ
3588 2437 3687 2487 ρυ-

2112 2527 2227 2572 κες,
2273 2507 2414 2561 οὕτω
2461 2507 2524 2578 δὴ
2561 2508 2724 2561 πάλιν
2768 2508 2868 2580 τὴν
2897 2508 2990 2562 τοῦ
3027 2509 3266 2582 Χριστοῦ
3311 2510 3687 2579 προσηγορίαν

2111 2600 2234 2654 ἀντὶ
2271 2599 2371 2669 τῆς
2391 2599 2517 2664 Υἱὸς
2548 2600 2815 2666 τιθέντες,
2848 2601 2977 2654 ποτὲ
3013 2601 3112 2670 μὲν
3144 2602 3222 2671 τῷ
3244 2602 3439 2674 Πατρὶ,
3473 2600 3603 2653 ποτὲ
3629 2600 3688 2652 δὲ

2110 2692 2187 2762 τῷ
2215 2691 2492 2761 Πνεύματι
2519 2691 2597 2761 τῷ
2619 2693 2872 2763 παναγίῳ
2895 2693 3318 2762 συναριθμοῦσιν
3334 2709 3347 2721 ·
3373 2692 3560 2762 ἐπειδὴ
3585 2694 3689 2746 οὐκ

2111 2783 2270 2842 ἄλλος
2300 2783 2448 2834 ἐστὶν
2471 2784 2498 2834 6
2521 2783 2756 2853 Χριστὸς
2800 2783 2949 2852 παρὰ
2981 2783 3074 2836 τὸν
3125 2783 3386 2853 μονογενῆ
3429 2783 3554 2835 Υἱὸν
3587 2781 3687 2836 τοῦ

2111 2872 2268 2925 Θεοῦ.
2305 2874 2414 2926 Καὶ
2453 2873 2598 2926 ἔστιν
2627 2873 2857 2926 ἀκοῦσαι
2891 2873 2983 2926 τοῦ
3017 2873 3294 2927 θειοτάτου
3330 2873 3541 2926 Παύλου
3577 2875 3692 2926 Κο-

2115 2963 2342 3034 ρινθίοις
2377 2965 2474 3035 μὲν
2503 2964 2936 3028 ἐπιστέλλοντος,
2969 2965 3068 3034 τὴν
3099 2965 3156 3018 δὲ
3191 2964 3515 3034 οἰκουμένην
3547 2964 3692 3017 διδά-

2115 3071 2336 3118 σκοντος
2360 3095 2374 3120 ,
2401 3057 2483 3108 ὅτι
2525 3073 2542 3106 ‹
2577 3052 2670 3116 Εἷς
2701 3054 2834 3117 Θεὸς
2873 3055 2901 3106 6
2949 3056 3170 3126 Πατὴρ,
3203 3054 3263 3120 ἐξ
3293 3046 3356 3107 οῦ
3387 3055 3453 3108 τὰ
3485 3055 3687 3119 πάντα,

2114 3145 2210 3196 καὶ
2239 3142 2320 3208 εἷς
2348 3144 2552 3214 Κύριος
2597 3144 2804 3212 Ἰησοῦς
2847 3145 3102 3213 Χριστὸς,
3131 3146 3198 3198 δι’
3225 3139 3286 3198 οὗ
3313 3145 3382 3197 τὰ
3423 3144 3626 3203 πάντα,
3667 3162 3682 3192 ι

2112 3235 2208 3288 καὶ
2235 3234 2328 3286 τὸν
2359 3234 2520 3286 αὐτὸν
2547 3233 2641 3286 καὶ
2669 3233 2924 3304 Χριστὸν,
2949 3233 3042 3286 καὶ
3071 3233 3302 3303 Ἰησοῦν,
3336 3233 3432 3286 καὶ
3456 3234 3687 3302 Κύριον,

2111 3326 2204 3379 καὶ
2231 3324 2338 3377 τῶν
2361 3324 2497 3376 ὅλων
2535 3324 2876 3393 Δημιουργδν
2908 3323 3284 3394 ὀνομάζοντος.
3335 3325 3444 3377 Καὶ
3472 3324 3688 3376 Θεσσα-

2107 3415 2378 3469 λονικεῦσι
2405 3416 2728 3487 δὲιγράφων
2765 3416 2940 3480 οὕτως
2976 3415 3079 3487 ἔφη
3102 3433 3115 3446 ’
3158 3435 3177 3467 ι
3207 3415 3380 3478 Αὐτὸς
3409 3415 3465 3467 δὲ
3494 3417 3520 3466 6
3549 3415 3691 3480 Θεὸς

2108 3506 2202 3560 καὶ
2229 3503 2417 3575 Πατὴρ
2445 3504 2622 3574 ἡμῶν,
2643 3505 2737 3557 καὶ
2757 3506 2784 3557 ὁ
2808 3504 3010 3574 Κύριος
3039 3503 3195 3575 ἡμῶν
3230 3503 3436 3572 Ἰησοῦς
3453 3503 3692 3573 Χριστὸς

2109 3593 2434 3648 κατευθύναι
2476 3595 2577 3663 τὴν
2612 3594 2727 3647 ὁδὸν
2769 3593 2926 3664 ἡμῶν
2975 3594 3110 3665 πρὸς
3137 3595 3300 3663 ὑμᾶς.
3346 3611 3362 3644 ο
3414 3595 3501 3646 Ἐν
3531 3593 3587 3645 δὲ
3619 3597 3689 3665 τῇ

2112 3685 2346 3753 δευτέρᾳ
2377 3685 2442 3753 τῇ
2468 3685 2606 3754 πρὸς
2637 3683 2863 3746 τούτους
2892 3682 3219 3754 Ἐπιστολῇ,
3259 3682 3354 3735 καὶ
3385 3683 3690 3753 προτέταχε

2108 3773 2199 3826 τὸν
2242 3773 2477 3843 Χριστὸν
2525 3772 2617 3825 τοῦ
2667 3774 2900 3842 Πατρδς,
2932 3773 2994 3825 οὐ
3022 3774 3122 3844 τὴν
3163 3773 3317 3840 τάξιν
3340 3773 3689 3843 ἀνατρέπων,

2109 3864 2245 3919 ἀλλὰ
2274 3863 2564 3927 διδάσκων,
2588 3863 2719 3933 ὼςὴ
2754 3863 2906 3929 τάξις
2939 3863 3048 3916 τῶν
3078 3863 3359 3934 ὀνομάτων
3392 3865 3491 3916 οὐκ
3523 3865 3691 3929 ἀξιωο

2113 3959 2296 4028 μάτων
2325 3957 2419 4007 καὶ
2463 3954 2679 4024 φύσεων
2717 3955 2958 4008 διδάσκει
2997 3956 3284 4026 διαφοράν.
3326 3955 3568 4023 Λέγειδὲ
3598 3956 3691 4010 οὖ·-

2107 4062 2218 4109 τως
2242 4061 2255 4074 ·
2317 4063 2335 4095 ε
2373 4044 2545 4108 Αὐτὸς
2581 4044 2636 4097 δὲ
2660 4047 2688 4098 ὁ
2733 4043 2938 4116 Κύριος
2983 4045 3142 4116 ἡμῶν
3182 4046 3389 4116 Ἰησοῦς
3428 4047 3686 4116 Χριστὸς,

2109 4139 2203 4191 καὶ
2233 4138 2262 4190 6
2290 4136 2421 4200 Θεὸς
2443 4136 2535 4190 καὶ
2561 4135 2749 4207 Πατὴρ
2774 4137 2932 4207 ἡμῶν
2959 4175 2974 4200 ,
2999 4139 3027 4189 6
3057 4139 3351 4205 ἀγαπήσας
3388 4139 3560 4207 ἡμᾶς,
3593 4141 3691 4192 καὶ

2108 4231 2230 4292 δοὺς
2259 4228 2606 4300 παράκλησιν
2644 4227 2883 4292 αἰώνιον,
2916 4227 3010 4279 καὶ
3038 4227 3228 4279 ἐλπίδα
3261 4226 3470 4295 ἀγαθὴν
3500 4229 3559 4278 ὲν
3587 4227 3690 4296 χά-

2113 4335 2240 4390 ριτι,
2265 4319 2646 4390 παρακαλέσαι
2694 4317 2847 4388 ὑμῶν
2891 4316 2990 4380 τὰς
3024 4316 3273 4387 καρδίας,
3305 4318 3400 4370 καὶ
3435 4317 3691 4388 στηρίξαι

2109 4415 2166 4466 ὲν
2191 4413 2350 4466 παντὶ
2377 4411 2523 4483 ἔργῳ
2551 4411 2644 4464 καὶ
2667 4410 2812 4480 λόγῳ
2838 4409 3051 4480 ἀγαθῷ.
3091 4428 3110 4461 ι
3149 4411 3239 4462 Ἐν
3269 4409 3326 4462 δέ
3350 4427 3412 4478 γε
3440 4409 3517 4479 τῷ
3543 4410 3690 4464 τέλει

439 4524 458 4558 σ
485 4505 724 4563 Obsecro
745 4523 876 4580 ergo
898 4523 1014 4573 vos,
1039 4509 1255 4572 fratres,
1288 4524 1388 4577 per
1424 4508 1716 4562 Dominum
1757 4520 2006 4562 nostrum

2113 4503 2208 4574 τῆς
2247 4503 2383 4573 πρὸς
2447 4500 2750 4572 Ῥωμαίους
2798 4500 3144 4571 Ἐπιστολῆς,
3174 4501 3297 4555 τινά
3347 4501 3692 4572 παραινέσας

429 4597 617 4654 Jesum
646 4597 950 4663 Christum,
987 4607 1043 4653 et
1088 4614 1188 4668 per
1226 4598 1551 4654 eharitatem
1607 4601 1782 4654 sancti
1833 4600 2009 4670 Spiri—

427 4701 521 4747 'tus
548 4693 614 4746 “.
645 4710 663 4743 ι
696 4691 852 4760 Quod
883 4692 929 4746 si
953 4691 1233 4746 Christum
1262 4691 1430 4745 alium
1469 4691 1782 4762 quempiam
1815 4692 2008 4746 scivis-

433 4790 518 4838 set
559 4797 680 4838 esse
723 4798 886 4853 quam
922 4781 1148 4846 Filium,
1182 4781 1409 4862 minime
1444 4781 1597 4834 illum
1625 4781 2012 4850 praeposuisset

431 4874 662 4945 Spiritui
703 4883 914 4930 saneto.
971 4871 1054 4926 Ad
1095 4871 1412 4927 Corinthios
1461 4887 1594 4927 vero
1634 4873 1902 4938 scribens,
1953 4873 2008 4928 in

453 4978 550 5035 pso
571 4965 846 5036 prooemio
871 4961 1044 5018 solius
1075 4961 1280 5016 Christi
1309 4976 1511 5016 nomen
1534 4961 1720 5032 posuit
1746 4980 1758 5016 :
1807 4964 2009 5035 quippe

469 5057 576 5112 uod
631 5057 810 5112 solum
865 5053 1141 5110 sullieeret
1190 5053 1260 5109 ad
1320 5053 1507 5108 ﬁdeles
1563 5055 2006 5124 permovendos:

446 5147 730 5203 «Obsecro
783 5154 966 5202 autem
1009 5161 1129 5210 vos,
1175 5144 1395 5211 fratres,
1427 5159 1527 5216 per
1561 5160 1763 5201 nomen
1791 5146 2008 5202 Domini

434 5237 604 5294 nostri
638 5235 769 5292 Jesu
808 5235 1036 5304 Christi,
1063 5244 1126 5290 ut
1153 5235 1390 5306 idipsum
1437 5236 1636 5292 dicatis
1667 5253 1859 5294 omnes
1879 5241 1945 5294 ".
1982 5259 2001 5292 ι

435 5328 503 5381 Et
525 5326 608 5381 bis
630 5325 698 5380 ad
726 5340 822 5380 eos
844 5323 1093 5382 scribens
1126 5338 1417 5396 utramque
1456 5327 1745 5395 epistolam
1777 5328 1882 5383 hoc
1903 5329 2008 5383 line

432 5415 746 5472 conclusit:
789 5434 807 5466 ι
844 5413 1032 5470 Gratia
1073 5415 1288 5470 Domini
1315 5416 1488 5470 nostri
1514 5417 1644 5472 Jesu
1691 5416 1916 5483 Christi,
1951 5426 2008 5472 et

428 5503 672 5559 eharitas
703 5503 799 5559 Dei
821 5512 880 5560 et
906 5503 1104 5570 Patris,
1125 5511 1182 5558 et
1206 5505 1632 5560 communicatio
1661 5507 1834 5560 sancti
1885 5505 2009 5577 Spi-

2109 4596 2471 4666 ὲπεισήγαγεν
2495 4611 2510 4625 ο
2549 4613 2568 4646 ι
2603 4593 2915 4665 Παρακαλῶ
2946 4610 3040 4647 ουν
3093 4595 3269 4664 ὑμᾶς,
3315 4595 3557 4665 ἀδελφοὶ,
3599 4597 3690 4649 διὰ

2107 4687 2204 4742 τοῦ
2240 4687 2446 4757 Κυρίου
2475 4686 2636 4756 ἡμῶν
2671 4685 2842 4755 Ἰησοῦ
2876 4685 3114 4758 Χριστοῦ
3139 4725 3154 4749 ,
3194 4687 3288 4739 καὶ
3317 4687 3406 4739 διὰ
3437 4688 3534 4757 τῆς
3553 4688 3692 4756 ἀγά-

2117 4795 2226 4850 πης
2250 4777 2344 4831 τοῦ
2369 4776 2508 4831 Πνεύ
2519 4793 2703 4846 ματος.
2721 4795 2737 4826 ι
2764 4778 2826 4829 Et
2850 4777 2904 4828 δὲ
2931 4777 3087 4830 ἄλλον
3115 4777 3238 4830 τινὰ
3268 4777 3422 4849 παρὰ
3444 4777 3537 4830 τὸν
3560 4778 3692 4833 Υίὸν

2107 4873 2377 4943 ἠπίστατο
2403 4872 2495 4924 τὸν
2543 4870 2800 4940 Χριστὸν,
2848 4871 2950 4924 οὐκ
2999 4871 3065 4924 ἂν
3100 4870 3264 4926 αὐτὸν
3295 4870 3561 4942 προέταξε
3593 4870 3695 4924 τοῦ

2107 4962 2376 5030 παναγίου
2403 4961 2737 5033 Πνεύματος.
2767 4962 3072 5032 Κορινθίοις
3098 4964 3154 5017 δὲ
3185 4965 3433 5036 γράφων,
3459 4967 3515 5017 ἐν
3541 4965 3695 5036 αὐτῷ

2108 5070 2174 5123 γε
2199 5051 2276 5123 τῷ
2300 5051 2588 5124 προοιμίῳ,
2618 5052 2781 5124 μόνου
2805 5053 2899 5106 τοῦ
2935 5054 3175 5124 Χριστοῦ
3214 5054 3275 5107 τὸ
3305 5054 3478 5124 ὄνομα
3508 5053 3694 5107 τέθει-

2109 5162 2224 5209 κεν,
2255 5145 2332 5209 ὼς
2355 5143 2562 5216 ἀρκοῦν
2585 5146 2679 5198 καὶ
2711 5146 2869 5216 μόνον
2899 5148 3025 5210 τοὺς
3052 5148 3408 5208 πιστεύοντας
3439 5146 3695 5199 καταιδέ-

2112 5253 2239 5291 σαι·
2277 5255 2296 5289 ι
2345 5235 2661 5306 Παρακαλῶ
2703 5232 2797 5290 οὖν
2832 5238 2998 5305 ὑμᾶς,
3038 5236 3279 5306 ἀδελφοὶ,
3323 5236 3412 5291 διὰ
3446 5236 3540 5289 τοῦ
3573 5237 3691 5288 ὀνό-

2116 5343 2284 5399 ματος
2309 5327 2404 5380 τοῦ
2428 5328 2634 5401 Κυρίου
2659 5328 2818 5400 ἡμῶν
2855 5327 3030 5400 Ἰησοῦ
3065 5328 3326 5400 Χριστοῦ,
3359 5328 3446 5381 ἵνα
3471 5327 3534 5380 τὸ
3562 5329 3694 5382 αὐτὸ

2114 5418 2311 5489 λέγητε
2341 5419 2560 5484 πάντες.
2596 5438 2613 5472 ι
2652 5420 2762 5473 Καὶ
2786 5419 2868 5484 δὶς
2888 5419 2945 5472 δὲ
2970 5422 3154 5484 αὐτοῖς
3176 5419 3512 5485 ἐπιστείλας,
3536 5418 3696 5472 τοῦτο

2115 5511 2228 5574 τοῖς
2261 5511 2584 5582 γράμμασιν
2641 5511 2914 5565 ὲντέθεικε
2975 5511 3162 5576 τέλοςο
3213 5531 3232 5564 ι
3283 5511 3349 5566 ’Π
3394 5512 3557 5584 χάρις
3597 5511 3695 5563 τοῦ

499 5656 543 5688 ¹⁸
578 5658 601 5712 l
635 5657 766 5713 Cor.
790 5673 904 5723 νιιι,
935 5657 988 5712 6.
1060 5657 1102 5689 "
1141 5658 1162 5713 Ι
1195 5657 1390 5714 Thess.
1432 5673 1512 5723 ιιι,
1551 5655 1640 5710 ll.
1720 5659 1765 5689 ὀ
1805 5657 1849 5712 ll
1887 5658 2007 5715 The.

2110 5663 2284 5730 ",45.
2355 5643 2836 5736 ﬂammae.
2909 5667 3244 5738 "ICOI'.I,
3285 5669 3371 5724 ιο.

505 5789 616 5859 (20)
647 5792 840 5861 μαθεῖν
867 5792 1036 5862 Neap.
