4072 6416
278 416 421 481 1393

1582 420 1949 479 EPISTULA
1979 420 2222 481 CXLVI.

3396 411 3534 479 1304

274 530 484 601 Κυρίου
514 527 672 599 ἡμῶν
702 527 881 599 Ἰησοῦ
904 527 1164 599 Χριστοῦ,
1191 529 1286 583 καὶ
1315 528 1349 601 ἡ
1377 527 1566 598 ἀγάπη
1581 528 1684 593 ,τοῦ
1720 526 1855 581 Θεοῦ

1959 530 2099 585 ritus
2128 529 2199 585 sit
2223 543 2347 584 cum
2377 527 2635 583 omnibus
2656 525 2815 582 vobis
2837 525 2916 593 ’3;
2952 544 2971 577 ι
3004 526 3410 596 praeposuitque
3431 526 3540 582 hoc

274 624 372 677 καὶ
409 622 657 692 Πατρὸς,
694 621 792 675 καὶ
830 623 865 693 ή
902 623 1158 676 κοινωνία
1202 621 1301 677 τοῦ
1324 622 1492 690 ’ἁγίου
1536 621 1856 690 Πνεύματος

274 714 363 784 εῐη
401 711 540 784 μετὰ
567 712 786 766 πάντων
816 713 994 784 ὑμῶν.
1031 732 1049 765 ι
1097 714 1207 767 Καὶ
1238 713 1591 786 προτέθεικεν
1620 713 1856 767 ἐνταῦθα

272 806 336 858 ού
367 805 532 875 μόνον
553 803 649 858 τοῦ
668 805 808 858 Πνεύ
818 822 1007 877 ματος,
1030 804 1165 861 ἀλλὰ
1195 806 1289 860 καὶ
1309 804 1473 859 αὑτοῦ
1501 804 1594 859 τοῦ
1618 805 1852 877 Πατρὸς,

273 895 375 963 τὴν
404 894 497 949 τοῦ
534 896 776 966 Χριστοῦ
807 882 1202 967 προσηγορίαν.
1236 897 1411 950 Τοῦτο
1458 896 1517 950 δὲ
1553 897 1612 949 ἐν
1650 896 1858 959 πάσαις

273 988 397 1051 ταῖς
467 987 819 1057 Ἐκκλησίαις
870 987 974 1057 τῆς
1030 988 1299 1059 μυστικῆς
1350 989 1467 1041 ἐστι
1497 986 1857 1058 -λειτουργίας

275 1077 586 1149 προοίμιον.
610 1079 890 1150 Προσήκει
912 1077 1091 1132 τοίνυν
1116 1079 1258 1133 κατά
1286 1078 1377 1132 τὸν
1403 1077 1708 1153 θαυμάσιον
1731 1077 1858 1132 τοῦ·

275 1188 368 1224 τον
386 1170 572 1239 νόμον,
601 1170 695 1223 καὶ
725 1170 790 1222 ὲκ
806 1169 915 1222 τῶν
949 1168 1231 1240 μυστικῶν
1254 1168 1651 1240 ἀπολειφθῆναι
1674 1185 1858 1241 γραμ-

281 1259 470 1329 μάτων
508 1258 569 1311 τὸ
609 1258 935 1311 σεπτότατον
975 1257 1145 1327 ὄνομα
1171 1256 1267 1310 τοῦ
1294 1257 1429 1311 Θεοῦ
1462 1258 1557 1312 καλ¹
1604 1258 1858 1330 Σωτῆρος

274 1349 436 1422 ἡμῶν
475 1347 648 1419 Ἰησοῦ
680 1346 939 1419 Χριστοῦ.
984 1347 1145 1402 Ἀλλά
1163 1348 1273 1420 γὰρ
1304 1350 1556 1419 περιττὸν
1581 1350 1708 1420 περὶ
1727 1349 1853 1403 τούο

273 1455 370 1494 του
401 1439 685 1510 μηκύνειν.
719 1440 991 1493 Ἐκαστον
1014 1438 1124 1510 γὰρ
1153 1439 1481 1509 Ἐπιστολῆς
1515 1440 1803 1511 προοίμιον
1826 1441 1856 1494 6

276 1531 417 1594 θεῖος
477 1531 796 1596 ’Δπόστολος
848 1530 977 1601 τῇδε
1030 1533 1096 1602 τῇ
1151 1531 1495 1602 προσηγορίᾳ
1544 1531 1855 1602 λαμπρύνει

275 1620 371 1674 νῦν
406 1620 507 1691 μὲν
549 1618 725 1688 λέγων
750 1637 765 1651 ·
802 1637 821 1671 ι
863 1618 1075 1683 Παῦλος
1124 1618 1311 1683 δοῦλος
1369 1618 1544 1689 Ἰησοῦ
1591 1620 1852 1689 Χριστοῦ,

276 1708 473 1779 κλητὸς
501 1708 830 1772 ἀπόστολος’
858 1727 878 1760 ι
915 1706 1010 1762 νῦν
1040 1707 1126 1760 δέ’
1162 1726 1181 1759 ι
1221 1706 1438 1771 Παῦλος
1478 1707 1678 1778 κλητὸς
1716 1708 1877 1773 ἀπόυ,

278 1800 464 1862 στολος
486 1799 658 1870 Ἰησοῦ
682 1798 920 1869 Χριστοῦ
940 1814 954 1830 ·
983 1819 1002 1852 ι
1037 1800 1133 1853 καί
1157 1817 1169 1830 ·
1202 1817 1221 1850 ι
1252 1798 1463 1862 Παῦλος
1486 1798 1673 1862 δοῦλος
1691 1798 1850 1864 Θεοῦ,

1956 621 2080 676 loco
2117 635 2229 675 non
2272 620 2454 674 solum
2491 617 2744 689 Spiritui,
2775 616 2873 671 sed
2902 615 3005 687 ipsi
3038 616 3205 671 etiam
3229 617 3400 682 Patri,
3433 634 3538 672 no-

1956 727 2086 767 men
2138 710 2365 768 Christi.
2414 710 2528 765 lloc
2565 723 2733 779 porro
2765 708 2822 762 in
2843 708 3104 763 omnibus
3131 708 3395 764 Eeclesils
3426 724 3541 780 my-

1957 801 2371 871 sticzeliturgiae
2397 810 2483 856 est
2506 800 2815 855 exordium.
2870 797 3100 869 Oportet
3149 799 3339 870 igitur,
3384 798 3543 870 juxta

1956 894 2267 951 mirabilem
2302 895 2446 949 hanc
2478 893 2673 963 legem,
2708 891 2874 946 etiam
2922 906 2992 945 ex
3046 891 3291 961 mysticis
3334 890 3547 949 litteris

1956 1001 2272 1057 expungere
2324 984 2778 1041 colendissimum
2806 999 3008 1039 nomen
3031 983 3128 1039 Dei
3153 992 3211 1039 et
3238 983 3542 1039 Salvatoris

1957 1076 2131 1131 nostri
2179 1075 2309 1132 Jesu
2341 1074 2570 1131 Christi.
2615 1074 2688 1131 At
2731 1073 2881 1131 enim
2934 1088 3399 1145 supervacaneum
3452 1081 3543 1130 est

1956 1168 2026 1223 de
2062 1168 2169 1222 hoc
2195 1167 2358 1237 plura
2385 1166 2592 1222 dicere.
2626 1166 2980 1237 Singularum
3008 1165 3156 1220 enim
3178 1164 3541 1235 epistolarum

1955 1256 2226 1327 prooemia
2252 1256 2476 1311 divinus
2505 1255 2803 1326 Apostolus
2847 1254 3091 1310 illustrat
3129 1253 3237 1309 hoc
3292 1255 3538 1323 nomine,

1955 1363 2104 1402 nunc
2130 1346 2355 1418 quidem
2379 1346 2569 1402 dicens
2598 1364 2612 1401 :
2660 1364 2678 1398 ι
2713 1345 2915 1402 Paulus
2958 1360 3152 1402 servus
3186 1344 3317 1401 Jesu
3333 1343 3542 1402 Christi

1956 1447 2184 1494 vocatus
2230 1438 2527 1510 Apostolus
2558 1437 2636 1504 “;
2672 1456 2689 1489 ι
2731 1452 2880 1492 nunc
2927 1453 3098 1493 vero:
3148 1456 3166 1489 ι
3192 1437 3399 1492 Paulus
3440 1452 3541 1493 vo.

1954 1538 2110 1585 catus
2148 1530 2442 1600 Apostolus
2466 1529 2595 1585 Jesu
2616 1528 2823 1583 Christi
2850 1527 2927 1594 ἰς
2960 1547 2978 1579 ι
3019 1537 3075 1607 et
3105 1545 3118 1582 :
3151 1547 3170 1579 ι
3198 1528 3404 1584 Paulus
3426 1544 3545 1584 ser-

1955 1637 2058 1676 vus
2088 1621 2209 1687 Dei,
2239 1621 2538 1690 Apostolus
2571 1634 2704 1675 vero
2749 1619 2958 1689 126],
2991 1618 3123 1675 Iesu
3165 1617 3373 1674 Christi
3418 1620 3484 1673 ".
3516 1638 3535 1670 ι

1955 1712 2025 1766 Et
2048 1711 2319 1781 prooemio
2344 1709 2790 1765 benedictionem
2814 1716 3097 1777 coaptans,
3121 1723 3189 1763 ex
3238 1706 3346 1762 hoc
3389 1706 3541 1762 illam

1955 1804 2106 1860 fonte
2150 1804 2396 1868 deducit,
2452 1803 2688 1873 Filiique
2737 1801 3162 1873 appellationem
3188 1816 3312 1855 cum
3342 1800 3455 1855 Deo
3482 1808 3542 1856 et

275 1892 574 1955 ἀπόστολος
603 1890 660 1943 δὲ
695 1891 870 1962 Ἰησοῦ
900 1891 1161 1962 Χριστοῦ.
1196 1891 1303 1944 Καὶ
1328 1889 1407 1962 τῷ
1454 1892 1728 1963 προοιμίῳ
1756 1893 1855 1963 τὴν

1958 1895 2116 1950 Patre
2170 1893 2451 1949 connectit
2492 1892 2728 1948 dicens:
2764 1911 2782 1943 ι
2821 1889 3009 1946 Gratia
3056 1889 3217 1944 vobis
3267 1896 3324 1944 et
3369 1903 3474 1960 pax
3506 1902 3542 1942 a

275 1983 530 2051 εὐλογίαν
576 1983 888 2047 συνάπτων,
922 1984 987 2036 ἐκ
1015 1981 1220 2053 ταύτης
1242 1982 1447 2053 ταύτην
1476 1981 1708 2055 ἀρύεται
1752 1983 1853 2053 τῆς

276 2075 480 2145 πηγῆς,
505 2075 599 2127 καὶ
627 2073 704 2145 τῷ
732 2073 851 2144 Θεῷ
880 2075 976 2128 καὶ
1023 2074 1200 2145 Πατρὶ
1228 2075 1328 2141 τὴν
1360 2072 1454 2127 τοῦ
1504 2073 1635 2127 Υίοῦ
1681 2091 1853 2145 προσ-

274 2167 506 2237 ηγορίαν
541 2162 868 2231 συζεύγνυσι
895 2163 1071 2230 λέγων
1091 2180 1106 2195 ο
1129 2181 1148 2215 ι
1177 2162 1353 2233 Χάρις
1377 2162 1505 2234 ὑμῖν
1538 2162 1633 2215 καὶ
1662 2164 1852 2235 εἰρήνη

275 2254 380 2307 ἀπὸ
406 2253 544 2307 Θεοῦ
574 2253 787 2323 Πατρὸς
815 2250 971 2324 ήμῶν
995 2252 1090 2306 καὶ
1117 2252 1323 2324 Κυρίου
1342 2250 1519 2322 Ἰησοῦ
1555 2252 1850 2322 Χριστοῦ.»

1962 1985 2074 2040 Deo
2096 1987 2257 2040 Patre
2289 1994 2478 2041 nostro
2505 1992 2562 2040 et
2594 1981 2829 2038 Domino
2864 1980 2994 2037 Jesu
3031 1979 3254 2035 Christo
3292 1977 3357 2032 ’⁷.
3398 1998 3418 2030 ι
3470 1977 3542 2032 Et

1959 2077 2312 2147 epistolamm
2345 2092 2566 2147 quoque
2593 2075 2729 2131 lines
2751 2075 2856 2129 hac
2873 2080 3107 2128 exornat
3127 2068 3537 2127 benedictione:

1966 2187 1984 2220 ι
2020 2168 2210 2223 Gratia
2248 2168 2468 2225 Domini
2508 2166 2637 2224 Jesu
2663 2165 2871 2222 Christi
2905 2181 3032 2221 cum
3067 2163 3327 2220 omnibus
3358 2160 3540 2217 vobis.

1960 2261 2135 2315 Amen
2183 2260 2248 2314 ’⁸.
2281 2278 2300 2311 ι

277 2345 383 2398 Καὶ
413 2344 523 2398 τῶν
547 2343 881 2398 Ἐπιστολῶν
904 2342 960 2396 δὲ
989 2342 1056 2398 τά
1088 2343 1214 2416 τέλη
1247 2344 1375 2416 τῇδε
1404 2348 1472 2416 τῇ
1508 2345 1731 2419 εὐλογίᾳ
1769 2348 2089 2423 διακοσμεῖ·
2125 2372 2144 2405 ι
2184 2354 2250 2406 Ἦ
2285 2353 2447 2424 χάρις
2506 2350 2600 2407 τοῦ
2634 2352 2844 2425 Κυρίου
2894 2349 3069 2423 Ἰησοῦ
3124 2348 3362 2422 Χριστοῦ
3406 2346 3545 2420 μετά

276 2439 497 2493 πάντων
531 2435 707 2507 ὑμῶν.
744 2436 936 2507 Ἀμήν.

340 2530 459 2584 Καὶ
483 2528 675 2601 ἑτέρας
702 2527 760 2581 δὲ
792 2527 1117 2598 παμπόλλας
1149 2528 1451 2599 μαρτυρίας
1471 2527 1620 2583 ἐστιν
1644 2530 1849 2600 εύρεῖν,

273 2620 338 2674 δι’
371 2613 452 2676 ὧν
481 2620 820 2690 καταμαθεῖν
853 2619 1102 2683 εὐπετὲς,
1131 2619 1205 2683 ὡς
1239 2621 1267 2672 6
1294 2620 1497 2691 Κύριος
1545 2621 1703 2692 ήμῶν
1748 2621 1855 2691 Ἰη-

276 2712 401 2778 σοῦς
442 2712 675 2783 Χριστὸς
716 2714 816 2766 οὐκ
861 2711 989 2766 ἀλλο
1044 2712 1337 2784 πρόσωπόν
1392 2715 1510 2766 ἐστι
1570 2712 1723 2786 παρά
1763 2712 1856 2767 τὸν

274 2803 401 2857 Υἱὸν
455 2803 552 2873 τῆς
596 2803 828 2874 Τριάδος
876 2803 1249 2875 πληρωτικὸν.
1304 2802 1363 2856 ’0
1391 2802 1500 2875 γὰρ
1552 2803 1716 2868 αὐτὸς
1750 2804 1858 2878 πρὸ

277 2893 372 2963 μὲν
414 2894 521 2948 τῶν
548 2894 763 2948 αἰώνων
793 2895 923 2959 Υἱὸς
945 2892 1014 2967 ἦν
1048 2895 1345 2966 μονογενὴς
1375 2895 1469 2948 καὶ
1504 2898 1636 2961 Θεὸς
1657 2898 1851 2967 Λόγος.

278 2987 415 3055 μετὰ
454 2986 511 3040 δὲ
560 2986 661 3057 τὴν
696 2986 1110 3057 ὲνανθρώπησιν
1149 2986 1444 3060 ὠνομάσθη
1498 2990 1595 3043 καὶ
1644 2986 1853 3059 Ἰησοῦς

274 3077 364 3130 καὶ
397 3076 656 3148 Χριστὸς,
692 3077 799 3131 ἀπὸ
827 3078 935 3131 τῶν
968 3078 1313 3150 πραγμάτων
1351 3079 1450 3143 τὰς
1480 3079 1853 3152 προσηγορίας

273 3165 584 3237 δεξάμενος.
642 3166 848 3238 Ἰησοῦς
905 3170 1006 3239 μὲν
1054 3170 1165 3241 γὰρ
1214 3170 1418 3240 Σωτὴρ
1465 3171 1850 3243 ἑρμηνεύεται.

278 3277 295 3308 1
335 3259 609 3324 Καλέσεις
643 3260 751 3332 γάρ
779 3261 840 3314 τὸ
876 3260 1048 3331 ὄνομα
1083 3262 1250 3316 αὑτοῦ
1298 3263 1528 3332 Ἰησοῦν,
1565 3266 1646 3318 ὅτι
1692 3265 1853 3327 αὐτὸς

2020 2531 2089 2587 Et
2122 2532 2229 2587 alia
2264 2549 2431 2603 porro
2472 2533 2708 2604 plurima
2762 2532 3077 2588 testimonia
3123 2533 3375 2602 reperire
3422 2542 3531 2598 est,

1951 2635 2021 2675 ex
2072 2622 2277 2691 quibus
2307 2623 2556 2693 proclive
2606 2621 2681 2677 sit
2726 2635 3064 2692 cognoscere
3102 2620 3396 2676 Dominum
3440 2638 3544 2678 no-

1952 2718 2130 2765 strum
2165 2711 2354 2768 Iesum
2381 2710 2662 2767 Christum
2719 2722 2832 2765 non
2892 2710 3057 2764 aliam
3091 2724 3215 2766 esse
3244 2724 3543 2779 personam

1953 2821 2119 2878 quam
2147 2797 2372 2873 Filium,
2396 2806 2495 2862 sed
2527 2804 2860 2861 Trinitatem
2888 2804 3190 2875 complere.
3211 2804 3360 2861 Idem
3390 2806 3543 2861 enim

1955 2897 2076 2967 ipse
2124 2903 2253 2950 ante
2282 2895 2482 2950 saecula
2507 2894 2732 2966 quidem
2775 2893 2950 2955 Filius
2993 2901 3114 2948 erat
3138 2893 3457 2965 unigenitus
3485 2902 3546 2950 et

1959 2986 2106 3040 Deus
2136 2984 2380 3041 Verbum
2413 3003 2427 3039 :
2463 2993 2587 3055 post
2628 2983 3067 3040 incarnationem
3109 3000 3245 3040 vero
3283 2991 3342 3039 et
3383 2984 3545 3041 Jesus

1958 3085 2018 3133 et
2068 3076 2324 3133 Christus
2355 3077 2663 3147 appellatus
2692 3083 2800 3142 est,
2834 3092 2903 3132 ex
2941 3076 3110 3132 rebus
3154 3076 3420 3132 vocabula
3448 3075 3547 3133 de-

1959 3182 2204 3223 sumens.
2244 3167 2405 3223 Jesus
2436 3166 2639 3237 quippe
2672 3166 2981 3236 explicatur
3005 3165 3272 3222 Salvator.

2036 3275 2055 3309 ι
2089 3257 2324 3314 Vocabis
2358 3256 2509 3313 enim
2566 3270 2773 3312 nomen
2820 3258 2942 3329 ejus
2966 3255 3156 3312 Jesum
3192 3274 3205 3311 :
3236 3256 3354 3327 ipse
3393 3256 3544 3312 enim

274 3347 440 3403 σώσει
482 3352 574 3404 τὸν
618 3351 745 3404 λαὸν
775 3351 939 3405 αὑτοῦ
985 3352 1094 3405 ἀπὸ
1132 3352 1242 3406 τῶν
1272 3352 1566 3424 ἁμαρτιῶν
1597 3352 1785 3408 αὐτοῦ.
1826 3372 1845 3404 ι

1960 3349 2171 3403 salvum
2207 3348 2372 3421 faciet
2398 3348 2664 3418 populum
2698 3362 2861 3402 suum
2896 3363 2928 3402 a
2957 3347 3200 3417 peccatis
3227 3362 3423 3402 eorum
3439 3347 3540 3403 ³⁸.»

272 3437 507 3509 Χριστὸς
557 3439 613 3492 δὲ
648 3440 956 3513 κέκληται,
989 3441 1067 3506 ὡς
1100 3441 1246 3495 κατὰ
1276 3441 1335 3496 τὸ
1384 3442 1727 3514 ἀνθρώπειον
1774 3442 1854 3513 τῷ

272 3529 552 3600 Πνεύματι
573 3531 651 3602 τῷ
673 3532 922 3602 παναγίῳ
947 3532 1214 3604 χρισθεὶς,
1247 3533 1339 3588 καὶ
1369 3534 1720 3606 χρηματίσας
1751 3536 1853 3608 ἀρ-

271 3624 490 3694 χιερεὺς
517 3624 698 3694 ήμῶν,
759 3625 855 3679 καὶ
904 3625 1224 3691 ἀπόστολος,
1277 3628 1373 3681 καὶ
1419 3629 1729 3700 προφήτης,
1761 3628 1857 3683 καὶ

274 3710 549 3777 βασιλεύς.
584 3716 823 3787 Μωῡσῆς
860 3716 956 3787 μὲν
990 3715 1100 3788 γὰρ
1130 3719 1160 3771 6
1193 3717 1481 3784 θεσπέσιος
1509 3718 1611 3791 βοᾷ
1639 3719 1857 3792 πόρρω·

273 3801 360 3859 θεν
386 3820 402 3835 ·
437 3823 456 3855 ι
496 3805 790 3876 Προφήτην
832 3807 961 3876 ὑμῖν
993 3807 1289 3878 ἀναστήσει
1321 3806 1528 3877 Κύριος
1549 3810 1578 3862 ό
1608 3807 1742 3871 Θεὸς
1791 3809 1857 3863 ὲκ

271 3893 377 3951 τῶν
412 3895 657 3964 ἀδελφῶν
689 3895 865 3966 ὑμῶν,
896 3897 971 3961 ὡς
1002 3897 1125 3966 ἐμέ.
1158 3916 1176 3949 ι
1220 3898 1278 3952 'O
1312 3898 1369 3952 δὲ
1394 3898 1538 3962 θεῖος
1563 3897 1731 3952 Δαὸὶδ
1758 3898 1856 3952 κέ.-

271 4000 482 4056 κραγεν
506 3984 681 4054 λέγων
701 4002 715 4017 ·
745 4004 764 4037 ι
807 3986 1009 4057 Ὠμοσε
1042 3985 1267 4056 Κύριος,
1302 3986 1396 4040 καὶ
1437 3986 1501 4040 ού
1539 3986 1857 4057 μεταμελη-

272 4073 522 4146 θήσεται,
579 4078 644 4130 ob
700 4077 881 4146 ἱερεὺς
928 4079 1008 4140 είς
1057 4078 1151 4132 τὸν
1196 4076 1370 4132 αἰῶνα
1398 4077 1540 4132 κατὰ
1566 4076 1665 4149 τὴν
1701 4077 1857 4144 τάξιν

272 4162 631 4234 Μελχισεδέκ.
659 4167 877 4221 Βεϐαιοῑ
905 4167 963 4221 δὲ
985 4166 1083 4239 τὴν
1112 4168 1452 4241 προφητείαν
1473 4170 1501 4222 ὁ
1529 4168 1671 4233 θεῖος
1684 4168 1859 4237 ιἈπό-

274 4256 462 4320 στολος
494 4256 589 4311 καὶ
622 4257 783 4312 πάλιν
809 4277 823 4289 '
880 4277 899 4311 ι
942 4261 1200 4332 Ἔχοντες
1247 4256 1342 4314 οὖν
1386 4261 1648 4333 ἀρχιερέα
1682 4260 1857 4333 μέγαν

271 4344 627 4416 διεληλυθότα
676 4350 803 4413 τοὺς
851 4351 1139 4422 οὐρανοὺς,
1199 4352 1409 4420 Ἰησοῦν
1464 4353 1556 4406 τὸν
1586 4352 1716 4405 Υἱὸν
1761 4352 1855 4405 τοῦ

272 4434 433 4505 Θεοῦ,
457 4424 753 4512 κρατῶμεν
775 4441 874 4511 τῆς
902 4443 1215 4514 ὁμολογίας.
1249 4445 1369 4497 Ὅτι
1401 4443 1456 4497 δὲ
1481 4444 1575 4497 καὶ
1605 4443 1857 4514 βασιλεύς

276 4524 395 4580 ἐστι
431 4528 756 4599 προαιώνιος
784 4531 859 4595 ὡς
889 4532 1046 4597 Θεὸς,
1077 4533 1109 4603 ἡ
1138 4532 1453 4605 προφητικὴ
1497 4533 1660 4586 πάλιν
1710 4534 1857 4603 qua;

279 4619 818 4695 μελῳδίαδιδάσκει.
867 4643 886 4676 ι
941 4623 999 4677 '0
1049 4624 1237 4694 θρόνος
1276 4641 1370 4678 σου
1415 4625 1544 4696 γὰρ,
1594 4626 1795 4695 φησὶν,
1828 4627 1857 4679 6

275 4708 428 4776 Θεὸς,
454 4692 535 4775 είς
564 4712 657 4766 τὸν
687 4713 857 4767 αίῶνα
888 4715 982 4768 τοῦ
1019 4692 1239 4781 αἰῶνος’
1270 4716 1466 4788 ῥάϐδος
1493 4692 1787 4787 έὺθῦτῆτος
1819 4719 1852 4791 ἡ
1890 4692 1932 4748 D

278 4799 475 4868 ῥάϐδος
520 4802 621 4872 τῆς
669 4802 948 4873 βασιλείας
983 4822 1098 4860 σου.
1141 4826 1161 4859 ι
1219 4807 1598 4862 ’Υποδείκνυσι
1636 4809 1694 4862 δὲ
1723 4811 1855 4881 ἡμῖν

277 4892 368 4945 καὶ
403 4891 466 4945 τὸ
513 4892 853 4964 ἀνθρώπειον
884 4896 1049 4949 αὐτοῦ
1104 4898 1326 4969 κράτος.
1364 4901 1543 4971 Ἐχων
1582 4900 1692 4973 γὰρ
1748 4902 1856 4955 τῶν

275 4980 412 5037 ὅλων
443 4982 541 5054 τὴν
573 4983 889 5040 δεσποτείαν
917 4986 992 5050 ὡς
1028 4987 1161 5052 Θεὸς
1200 4992 1292 5043 καὶ
1328 4990 1680 5063 δημιουργὸς,
1717 4991 1858 5063 λαμ-

276 5070 440 5149 ϐάνει¹
457 5072 662 5144 ταύτην
700 5076 775 5140 ὡς
802 5076 1111 5147 ἄνθρωπος.
1139 5073 1214 5133 Οῦ
1244 5079 1310 5149 δὴ
1344 5081 1504 5151 χάριν
1539 5082 1849 5152 ἐπήγαγεν·

284 5179 302 5212 ι
330 5164 658 5235 Ἡγάπησας
709 5167 1082 5238 δικαιοσύνην,
1122 5170 1217 5224 καὶ
1266 5172 1537 5243 ἐμίσησας
1582 5172 1852 5243 ἀνομίαν·

278 5252 361 5307 διὰ
387 5256 545 5310 τοῦτο
574 5257 759 5329 ἔχρισὲ
788 5276 847 5312 σε
871 5262 900 5314 6
926 5260 1081 5328 Θεὸς,
1107 5263 1137 5316 6
1168 5262 1301 5327 Θεός
1332 5280 1448 5327 σου,
1484 5263 1665 5317 ἔλαιον
1685 5264 1856 5332 ἀγαλ-

282 5342 510 5413 λιάσεως
537 5352 688 5422 παρά
713 5351 842 5415 τοὺς
878 5353 1139 5425 μετόχους
1172 5371 1287 5410 σου.
1316 5373 1334 5406 ι
1372 5355 1483 5408 Καὶ
1525 5356 1583 5408 ὲν
1627 5355 1703 5426 τῷ
1739 5355 1860 5409 δευ-

280 5436 422 5510 τέρῳ
449 5440 506 5493 δέ
540 5458 707 5511 φησιν
734 5442 937 5515 ψαλμῷ
975 5445 1135 5511 αὐτὸς
1182 5447 1210 5499 6
1242 5444 1484 5517 χρισθείς
1507 5459 1520 5474 ’
1560 5464 1578 5496 ι
1628 5445 1773 5516 Ἐγὼ
1799 5446 1858 5501 δὲ

282 5532 625 5603 κατεστάθην
683 5534 937 5604 βασιλεὺς
980 5536 1071 5590 ὑπ’
1119 5537 1285 5591 αὐτοῦ
1336 5538 1430 5591 ἐπὶ
1476 5536 1614 5590 Σιὼν
1646 5537 1770 5610 ὅρος
1797 5539 1859 5592 τὸ

352 5689 397 5719 ’³
432 5689 476 5743 ll
502 5689 630 5745 Cor.
665 5707 780 5756 xm,
819 5692 906 5746 l5.
1017 5692 1061 5725 ”
1100 5693 1258 5748 Rom.
1292 5708 1331 5754 ι,
1378 5694 1428 5748 1.

1541 5693 1586 5725 ’⁸
1625 5693 1648 5749 Ι
1694 5691 1823 5749 Cor.
1858 5710 1897 5759 ι,
1924 5694 1972 5748 1.

1958 3437 2215 3493 Christus
2238 3454 2370 3492 vero
2402 3438 2713 3508 appellatus
2748 3445 2856 3503 est,
2889 3444 3149 3508 tanquam
3190 3436 3398 3508 Spiritu
3420 3453 3547 3493 san-

1958 3539 2049 3586 cto
2082 3532 2387 3587 secundum
2417 3531 2697 3588 hominem
2735 3539 2957 3597 unctus,
2997 3539 3053 3586 et
3086 3531 3266 3587 factus
3300 3531 3545 3603 pontifex

1961 3631 2171 3687 noster,
2208 3629 2265 3676 et
2309 3622 2613 3691 apostolus,
2646 3622 2738 3675 ‘ct
2776 3620 3066 3692 propheta,
3099 3629 3157 3676 et
3199 3636 3314 3675 rex.
3366 3621 3548 3677 Moses

1961 3714 2111 3768 enim
2161 3713 2385 3769 divinus
2441 3714 2605 3785 longe
2643 3721 2772 3770 ante
2817 3712 3128 3768 clamabat:
3159 3732 3178 3764 ι
3210 3712 3548 3784 Prophetam

1962 3804 2118 3859 vobis
2143 3804 2433 3860 suscitabit
2472 3804 2741 3881 Dominus
2776 3803 2922 3858 Deus
2945 3802 3014 3857 de
3042 3802 3310 3859 fratribus
3340 3802 3548 3859 vestris

1962 3898 2107 3953 sicut
2135 3912 2222 3953 me
2241 3898 2321 3964 ³ος
2362 3918 2380 3949 ι
2421 3906 2480 3953 et
2517 3897 2742 3952 divinus
2783 3893 2957 3951 David
2989 3895 3325 3952 vociferatus
3349 3903 3437 3951 est
3460 3894 3547 3950 di-

1962 4003 2130 4044 cens:
2164 4007 2182 4040 (
2214 3987 2427 4044 Juravit
2473 3987 2762 4054 Dominus,
2811 3993 2869 4041 et
2900 4002 3013 4042 non
3053 3986 3347 4057 prenitebit
3395 4001 3548 4051 eum,

1963 4077 2045 4133 Tu
2081 4094 2142 4133 es
2191 4079 2451 4134 sacerdos
2499 4078 2557 4133 in
2608 4086 2878 4133 aeternum
2927 4077 3234 4133 secundum
3294 4077 3549 4134 ordinem

1963 4168 2367 4224 Melchisedech
2398 4170 2464 4222 ³⁸.
2502 4187 2518 4218 ι
2567 4167 2985 4238 Confirmatque
3020 4168 3371 4239 prophetiam
3406 4168 3551 4224 divi-

1962 4275 2067 4315 nus
2098 4260 2396 4331 Apostolus
2417 4259 2483 4313 ⁸³.
2528 4260 2598 4314 Ει
2651 4260 2856 4316 iterum
2894 4260 2973 4314 ait
3002 4279 3015 4313 :
3050 4280 3068 4312 ι
3115 4262 3396 4317 Habentes
3416 4277 3550 4332 ergo

1964 4352 2279 4421 pontificem
2323 4367 2603 4421 magnum,
2630 4352 2725 4422 qni
2774 4351 3090 4422 penetravit
3126 4351 3316 4415 caalos,
3359 4352 3549 4408 Iesum

1964 4441 2161 4495 Filium
2192 4440 2309 4507 Dei,
2330 4449 2619 4495 teneamus
2648 4440 3132 4496 confessionem".
3165 4462 3183 4493 ο
3223 4440 3380 4507 Quod
3415 4458 3549 4498 vero

1964 4532 2035 4586 sit
2079 4532 2247 4589 etiam
2294 4548 2391 4589 rex
2440 4540 2568 4588 ante
2603 4533 2802 4590 saecula
2845 4533 2998 4589 velut
3029 4534 3194 4599 Deus,
3223 4534 3549 4605 prophetica

1965 4638 2162 4684 rursm
2190 4623 2427 4679 melodia
2462 4639 2564 4678 nos
2594 4623 2775 4679 docet.
2817 4623 3031 4694 1262
3060 4642 3078 4673 ι
3119 4609 3309 4688 Sedes,
3346 4624 3547 4696 inquit,

1963 4722 2084 4783 tua,
2145 4716 2330 4781 Deus,
2393 4714 2454 4771 in
2500 4716 2763 4772 saeculum
2814 4716 3034 4782 saeculi;
3080 4717 3235 4789 virga
3282 4715 3548 4775 directio-

1961 4805 2069 4871 nis,
2145 4804 2298 4877 virga
2369 4804 2523 4877 regni
2592 4804 2673 4861 tui
2710 4805 2779 4860 ³⁸.
2834 4825 2852 4859 ›
2910 4804 3163 4861 Ostendit
3222 4812 3408 4862 autem
3455 4824 3552 4878 pa-

1961 4897 2098 4952 riter
2129 4905 2184 4951 et
2216 4897 2522 4952 humanum
2560 4898 2683 4969 ejus
2712 4897 3028 4968 imperium.
3061 4895 3201 4952 Cum
3230 4898 3380 4953 enim
3422 4898 3550 4954 uni-

1962 5003 2248 5044 versorum
2297 4988 2498 5043 habeat
2548 4988 2895 5044 dominatum
2940 4999 3002 5042 ut
3034 4989 3179 5045 Deus
3222 4999 3280 5045 et
3307 5001 3549 5059 creator,

1964 5079 2113 5133 hunc
2135 5078 2335 5149 accipit
2362 5086 2422 5133 ut
2458 5079 2647 5134 homo.
2679 5078 2860 5146 Quare
2891 5079 3180 5149 subjunxit
3208 5097 3223 5134 :
3259 5100 3277 5133 ι
3299 5081 3549 5137 Dilexisti

1952 5170 2246 5241 justitiam,
2272 5181 2330 5224 et
2357 5170 2523 5226 odisti
2555 5170 2904 5240 iniquitatem
2931 5188 2946 5224 :
2975 5182 3275 5242 propterea
3308 5173 3467 5228 unxit
3492 5183 3547 5228 te

1955 5260 2120 5326 Deus,
2173 5261 2317 5316 Deus
2379 5270 2528 5327 tuus,
2593 5261 2716 5316 oleo
2776 5260 2984 5316 laetitia:
3031 5277 3146 5331 pra:
3198 5260 3550 5317 consortibus

1956 5354 2067 5407 tuis
2100 5353 2165 5406 ³⁸.
2199 5372 2216 5406 ι
2252 5352 2312 5407 In
2340 5353 2585 5409 secundo
2609 5369 2830 5424 quoque
2857 5354 3069 5423 psalmo
3096 5361 3296 5408 unctus
3323 5352 3443 5423 ipse
3469 5352 3550 5409 sic

1955 5446 2033 5499 ait
2058 5462 2072 5500 :
2112 5465 2130 5497 ι
2172 5446 2282 5517 Ego
2319 5457 2507 5500 autem
2537 5446 2877 5503 constitutus
2906 5461 3028 5501 sum
3054 5460 3149 5500 rex
3173 5443 3245 5499 ab
3277 5459 3345 5500 eo
3375 5460 3548 5514 super

1954 5539 2086 5594 Sion
2115 5546 2359 5596 montem
2409 5550 2664 5597 sanctum
2691 5543 2832 5614 ejus,
2862 5539 3172 5611 praedicans
3206 5543 3546 5608 praceptum

2086 5694 2130 5727 ²⁶
2164 5694 2274 5750 Tit.
2302 5712 2340 5760 ι,
2372 5696 2421 5750 1.
2525 5696 2571 5727 ⁸⁷
2612 5697 2770 5752 Rom.
2798 5708 2837 5759 ι,
2866 5695 2919 5748 7.
3024 5692 3069 5725 ⁸⁸
3107 5692 3266 5747 Rom.
3306 5707 3418 5755 xvr,
3449 5690 3541 5747 24.

286 5754 331 5833 ff
369 5758 624 5833 illatthir,
651 5754 775 5816 21(
820 5763 864 5794 ³ο
888 5764 1047 5818 Dent.
1086 5779 1237 5830 xvm,
1278 5763 1367 5819 l5.
1434 5763 1474 5795 ²¹
1508 5762 1651 5820 Psal.
1687 5765 1851 5830 cnx,4

1958 5764 1990 5796 ¹²
2028 5763 2193 5820 llebr.
2234 5754 2455 5833 “1,21.
2513 5767 2555 5800 ³³
2593 5767 2736 5822 Psal.
2775 5754 2848 5831 ιγ’,
2883 5764 2969 5819 ﬂ.
3046 5763 3089 5794 ”
3129 5762 3272 5819 Psal.
3310 5754 3454 5831 ων,
3489 5761 3557 5816 7.·

290 5822 332 5857 ³⁵
368 5826 502 5884 ibid.
538 5830 590 5885 8.
