4072 6418
447 407 584 472 1395

1426 400 1910 463 TIIEODORETI
1954 398 2290 459 EPISCOPl
2330 395 2694 458 CYRENSIS

3566 395 3706 460 1396

442 521 578 590 ejus.
617 517 881 573 Dominus
905 516 1040 571 dixit
1069 515 1135 570 ad
1161 529 1247 569 me
1273 533 1285 568 :
1311 512 1486 568 Filius
1522 527 1679 567 meus
1711 527 1773 566 es
1807 521 1886 573 tu,
1917 524 2016 578 ego

2124 506 2277 573 ἅγιον
2300 505 2487 570 αὐτοῦ,
2521 505 2852 573 διαγγέλλων
2883 506 2943 560 τὸ
2975 506 3305 578 πρόσταγμα
3334 507 3566 579 Κυρίου.
3585 509 3704 564 Κύ-

446 611 610 665 hodie
641 609 804 680 genui
851 615 925 662 te.
954 607 1175 662 Postula
1217 621 1246 659 a
1290 620 1399 668 me,
1442 613 1498 659 et
1521 603 1662 658 dabo
1693 602 1793 657 tibi
1832 611 2024 670 gentes

446 699 816 756 haereditatem
855 708 1024 761 tuam,
1057 704 1113 752 et
1144 696 1547 767 possessionem
1583 704 1732 750 tuam
1757 695 2024 748 terminos

446 792 686 847 terrae”.
725 810 744 842 ι
793 791 918 845 Haec
957 805 1090 844 vero
1139 798 1400 858 tanquam
1437 788 1605 841 homo
1658 786 1858 841 effatus
1914 793 2020 840 est.

442 881 725 952 Tanquam
755 880 920 934 homo
945 879 1149 950 quippe
1174 878 1372 948 accipit
1399 893 1521 948 quae
1557 877 1724 931 habet
1758 883 1820 930 ut
1853 876 2016 930 Deus.

440 972 620 1040 Atque
645 971 700 1024 in
730 970 851 1040 ipso
877 968 1044 1025 etiam
1073 968 1266 1038 psalmi
1293 967 1565 1036 principio
1597 981 1720 1020 cum
1762 966 1924 1020 Patre
1965 973 2023 1019 et

439 1062 552 1116 Deo
581 1061 736 1115 illum
758 1061 950 1115 statuit
971 1059 1292 1130 prophetica
1317 1057 1508 1128 gratia.
1542 1075 1560 1107 ι
1589 1056 1786 1122 Quare,
1817 1055 2016 1125 inquit,

439 1153 786 1208 fremuerunt
813 1160 1026 1222 gentes,
1052 1157 1109 1206 et
1133 1149 1322 1220 populi
1364 1147 1613 1202 meditati
1645 1153 1776 1202 sunt
1796 1145 2020 1200 inania?

440 1244 752 1298 Astiterunt
777 1247 953 1312 'reges
988 1251 1177 1304 terrae,
1211 1248 1266 1294 et
1319 1238 1598 1309 principes
1640 1245 2020 1292 convenerunt

440 1335 496 1388 in
530 1350 702 1388 unum
734 1334 1001 1388 adversus
1021 1331 1338 1395 Dominum,
1362 1337 1418 1384 et
1447 1328 1714 1385 adversus
1734 1328 2016 1384 Christum

438 1427 644 1498 ejus".
681 1445 698 1478 ι

511 1618 686 1673 Nemo
721 1617 890 1688 igitur
922 1616 1089 1670 alium
1115 1614 1427 1684 quempiam
1452 1612 1620 1668 stulte
1670 1621 1826 1683 putet
1859 1612 2019 1668 Chri-

438 1720 586 1768 stum
635 1725 779 1776 esse,
825 1724 990 1778 quam
1043 1707 1249 1763 Filium
1274 1707 1653 1777 unigenitum;
1692 1721 1871 1775 neque
1916 1721 2018 1760 nos

436 1802 801 1873 sapientiores
839 1799 1077 1870 Spiritus
1120 1798 1295 1870 gratia
1327 1798 1709 1853 existimemus
1744 1812 1888 1860 esse,
1919 1795 2014 1850 sed

435 1907 693 1961 magnum
752 1891 974 1945 Petrum
1035 1889 1324 1944 audiamus
1372 1889 1743 1945 clamantem:
1781 1904 1800 1938 ‹
1838 1885 1919 1940 Tu
1953 1900 2013 1940 es

434 1982 690 2036 Christus
720 1981 889 2036 Filius
905 1981 1003 2035 Dei
1033 1980 1144 2034 vivi
1171 1981 1251 2047 ³⁸;
1285 1998 1302 2031 ι
1342 1979 1630 2034 audiamus
1657 1985 1714 2033 et
1732 1976 2012 2033 Christum

437 2068 729 2122 Dominum
761 2067 1167 2123 confessionem
1203 2067 1348 2122 hanc
1384 2067 1824 2122 confirmantem.
1859 2085 1878 2116 ι
1906 2065 2012 2120 Su-

435 2177 537 2230 per
565 2161 708 2215 hanc
736 2161 884 2216 enim
921 2167 1157 2230 petram,
1179 2159 1378 2229 inquit,
1408 2159 1690 2214 aedificabo
1713 2159 2013 2214 Ecclesiam

441 2253 653 2323 1263
676 2267 877 2317 meam,
903 2259 961 2306 et
992 2261 1162 2322 porta:
1190 2250 1351 2306 inferi
1377 2268 1489 2306 non
1515 2250 1892 2321 praevalebunt
1923 2250 2018 2305 ad-

435 2360 632 2400 versus
663 2359 786 2399 eam
809 2345 873 2399 ”.
897 2363 915 2395 ›
943 2344 1159 2400 idcirco
1193 2343 1638 2414 sapientissimus
1662 2342 1885 2405 Paulus,
1909 2342 2015 2396 Ec-

435 2435 729 2490 clesiarnm
769 2434 1257 2505 praestantissimus
1289 2435 1645 2498 architectus,
1691 2449 1803 2488 non
1841 2433 2012 2498 aliud,

435 2527 530 2582 sed
562 2527 668 2582 hoc
695 2529 874 2597 ipsum
903 2526 1093 2581 defixit
1120 2526 1562 2581 fundamentum.
1597 2525 1712 2596 Ego
1741 2526 1912 2587 enim,
1939 2527 2018 2580 in-

435 2617 576 2686 quit,
617 2635 636 2668 c
674 2627 735 2671 ut
761 2617 980 2688 sapiens
1006 2617 1342 2674 architectus
1379 2617 1798 2673 fundamentum
1830 2618 2013 2686 posui,

437 2709 577 2763 alius
609 2715 792 2764 autem
828 2709 1248 2780 superaedificat.
1276 2709 1669 2780 Unusquisque
1721 2719 1906 2765 autem
1934 2711 2018 2764 vi-

435 2801 561 2854 deat
593 2800 870 2870 quomodo
915 2801 1335 2870 superaedificet.
1380 2799 1820 2856 Fundamentum
1866 2803 2015 2856 enim

434 2891 585 2946 aliud
620 2907 784 2946 nemo
807 2901 991 2962 potest
1024 2907 1229 2961 ponere
1253 2895 1271 2912 ‘
1293 2900 1489 2962 praeter
1527 2893 1582 2947 id
1611 2896 1756 2964 quod
1777 2895 2016 2964 positum

433 2991 539 3045 est,
581 2982 728 3051 quod
759 2989 844 3037 est
897 2981 1150 3037 Christus
1182 2983 1343 3039 Jesus
1369 2984 1435 3038 ω.
1487 3002 1506 3036 ι
1552 2983 1838 3050 Quomodo
1885 3001 2017 3055 ergo

435 3072 586 3128 aliud
638 3072 952 3144 excogitant
1017 3073 1458 3139 fundamentum,
1503 3076 1598 3146 qui
1653 3091 1764 3131 non
1811 3091 2017 3146 ponere

433 3164 874 3229 fundamentum,
923 3167 1019 3221 sed
1087 3182 1254 3238 super
1311 3167 1551 3238 positum
1597 3168 2015 3224 fundamentum

433 3256 706 3312 aedificare
739 3258 878 3328 jussi
921 3259 1085 3313 sunt?
1110 3259 1182 3314 At
1229 3259 1450 3315 divinus
1483 3261 1575 3316 ille
1614 3261 1702 3316 vir
1733 3261 2015 3318 Christum

436 3349 658 3419 agnovit
689 3349 1127 3417 fundamentum,
1160 3362 1215 3406 et
1252 3352 1358 3408 hoc
1385 3353 1608 3408 nomine
1633 3369 1691 3409 se
1721 3363 1962 3409 ostentat
1998 3372 2012 3407 :

435 3455 501 3493 ac
525 3455 671 3494 nunc
699 3440 922 3509 quidem
953 3441 1063 3494 ait:
1097 3460 1114 3491 ‹
1148 3441 1369 3497 Christo
1401 3443 1649 3499 confixus
1681 3460 1802 3499 sum
1828 3445 2012 3510 cruci;

435 3531 564 3584 vivo
592 3539 774 3586 autem
814 3547 925 3586 non
967 3533 1079 3602 jam
1117 3548 1217 3603 ego
1260 3550 1274 3599 ;
1311 3534 1447 3588 vivit
1478 3550 1609 3589 vero
1644 3535 1697 3588 in
1730 3551 1816 3590 me
1853 3535 2014 3590 Chri-

436 3628 556 3673 stus
574 3620 639 3673 δι.
671 3639 688 3670 ι
728 3619 885 3674 Nunc
919 3631 1102 3674 autem
1138 3639 1152 3674 :
1188 3639 1205 3671 ι
1239 3621 1367 3675 Mihi
1403 3622 1587 3678 vivere
1626 3624 1881 3680 Christus
1909 3632 2013 3690 ost,

434 3716 493 3762 et
524 3708 666 3762 mori
697 3709 913 3762 lucrum
931 3708 996 3761 δ’.
1027 3728 1044 3759 ι
1089 3710 1154 3762 Ει
1189 3709 1390 3764 iterum
1424 3728 1436 3764 :
1483 3730 1500 3763 ‹
1538 3712 1658 3766 Non
1693 3713 1840 3766 enim
1868 3713 2017 3783 judi-

439 3799 557 3853 cavi
587 3814 674 3854 me
711 3799 852 3854 scire
887 3799 1095 3869 aliquid
1151 3801 1295 3856 inter
1336 3817 1453 3867 vos,
1493 3803 1599 3858 nisi
1631 3805 1816 3859 Jesum
1850 3804 2014 3859 Chri-

437 3898 603 3954 stum,
639 3899 696 3945 et
730 3890 880 3945 hunc
914 3892 1321 3948 crucifixum“.
1361 3914 1378 3944 ι
1423 3895 1490 3948 Ει
1529 3895 1696 3964 paulo
1719 3895 2012 3965 superius:

444 3981 608 4038 «Nos
670 3990 854 4037 autem
916 3984 1276 4053 praedicamus
1329 3985 1608 4040 Christum
1670 3985 2011 4052 crucifixum,

435 4072 640 4128 Judaeis
669 4074 892 4143 quidem
937 4075 1275 4140 scandalum,
1311 4077 1568 4147 gentibus
1615 4087 1798 4133 autem
1834 4079 2017 4133 stulti-

438 4162 567 4218 tiam
605 4183 616 4217 :
655 4165 788 4234 ipsis
847 4175 1031 4222 autem
1084 4169 1296 4224 vocatis
1354 4169 1559 4224 ludatis
1613 4179 1777 4240 atque
1812 4171 2014 4227 Graecis

434 4257 715 4311 Christum
772 4257 867 4312 Dei
909 4259 1192 4322 virtutem,
1228 4267 1284 4313 et
1314 4259 1410 4314 Dei
1446 4259 1766 4329 sapientiam
1793 4260 1857 4316 “.
1892 4280 1910 4312 ›
1947 4262 2016 4317 Ει

435 4346 644 4402 Calatis
674 4347 895 4416 quidem
926 4350 1174 4405 scribens
1206 4351 1283 4404 ait
1322 4368 1336 4404 :
1377 4369 1396 4404 ‹
1434 4349 1568 4406 Cum
1597 4360 1778 4406 autem
1808 4353 2015 4423 placuit

433 4439 509 4505 ei,
540 4440 633 4509 qui
662 4455 748 4494 me
781 4441 1086 4512 segregavit
1119 4458 1188 4497 ex
1221 4450 1379 4498 utero
1416 4444 1608 4499 matris
1651 4461 1808 4509 meae,
1842 4453 1899 4498 et
1921 4459 2015 4499 vo-

2129 617 2241 671 ριος
2273 593 2394 652 εἷπε
2436 599 2572 670 πρός
2595 614 2689 670 με·
2722 599 2850 663 Υἱός
2885 618 2985 670 μου
3017 595 3068 653 εἶ
3097 603 3184 667 σὺ,
3210 601 3322 669 ἐγὼ
3351 603 3590 673 σήμερον
3613 620 3708 670 γε·

2125 690 2364 760 γέννηκά
2405 707 2484 744 σε.
2512 693 2744 757 Αίτησαι
2774 693 2906 763 παρ’
2930 691 3088 761 ἐμοῦ,
3121 693 3216 746 καὶ
3266 693 3424 747 δώσω
3465 710 3547 748 σοι
3575 695 3706 766 ἔθνη

2123 781 2220 852 τὴν
2254 781 2621 853 κληρονομίαν
2651 799 2766 847 σου,
2801 784 2893 836 καὶ
2917 783 3014 854 τὴν
3036 785 3367 855 κατάσχεσίν
3393 803 3489 840 σου
3510 788 3580 841 τά
3608 790 3710 841 πέ-

2128 890 2265 943 ρατα
2295 874 2394 944 τῆς
2429 874 2554 944 γῆς.
2578 892 2600 925 ι
2636 874 2824 928 Ταῦτα
2853 875 2910 928 δὲ
2932 875 3006 939 ὼς
3029 875 3317 946 ἄνθρωπος
3342 878 3582 949 εἴρηκεν.
3617 880 3708 943 Ὠς

2124 965 2233 1036 γὰρ
2261 964 2548 1037 ἄνθρωπος
2589 965 2855 1036 λαμϐάνει
2899 966 3042 1035 άπερ
3071 966 3184 1036 ἔχει
3219 969 3295 1030 ὡς
3327 968 3479 1032 Θεός.
3511 971 3623 1023 Καὶ
3646 973 3706 1022 ἐν

2124 1054 2275 1125 αύτῷ
2305 1073 2369 1123 γε
2395 1055 2472 1126 τῷ
2493 1056 2587 1109 τοῦ
2615 1055 2834 1127 ψαλμοῦ
2866 1057 3138 1127 προοιμίῳ
3163 1057 3241 1126 τῷ
3269 1058 3388 1130 Θεῷ
3412 1061 3506 1112 καὶ
3529 1062 3707 1133 Πατρὶ

2125 1143 2414 1210 συνέταξεν
2462 1145 2626 1199 αὑτὸν
2677 1148 2710 1215 ἡ
2751 1146 3065 1218 προφητικὴ
3097 1146 3279 1218 χάρις.
3312 1167 3330 1199 ι
3372 1148 3534 1202 Ἰνατί
3572 1151 3702 1222 γάρ,

2123 1239 2308 1307 φησιν,
2333 1237 2610 1308 ἐφρύαξαν
2656 1237 2804 1309 ἔθνη,
2835 1239 2931 1293 καὶ
2979 1238 3098 1293 λαοὶ
3134 1239 3473 1311 ἐμελέτησαν
3527 1244 3700 1310 κενάς

2124 1329 2489 1400 Παρέστησαν
2523 1331 2572 1384 οἱ
2633 1329 2871 1400 βασιλεῖς
2927 1333 3025 1402 τῆς
3057 1332 3181 1400 γῆς,
3218 1333 3313 1388 καὶ
3361 1336 3408 1387 oi
3440 1334 3708 1406 ἄρχοντες

2123 1421 2467 1491 συνήχθησαν
2502 1422 2596 1474 ἐπὶ
2629 1422 2691 1474 τὸ
2713 1421 2846 1475 αὐτὸ
2876 1422 3016 1476 κατὰ
3049 1423 3142 1476 τοῦ
3173 1424 3403 1494 Κυρίου,
3432 1429 3527 1480 καὶ
3560 1428 3705 1481 κατὰ

2119 1512 2212 1566 τοῦ
2247 1514 2484 1583 Χριστοῦ
2519 1515 2684 1569 αὐτοῦ
2718 1515 2850 1586 (21).

2190 1604 2397 1676 Μηδεὶς
2425 1608 2606 1659 τοίνυν
2637 1608 2883 1678 ἀνοήτως
2912 1609 3070 1665 ἄλλον
3096 1609 3218 1664 τινὰ
3246 1610 3337 1664 τὸν
3357 1611 3590 1682 Χριστὸν
3614 1628 3702 1664 νο-

2125 1693 2328 1763 μιζέτω
2361 1696 2512 1767 παρὰ
2540 1696 2630 1750 τὸν
2661 1697 2790 1752 Υίὸν
2819 1700 2912 1754 τὸν
2949 1703 3252 1773 μονογενῆ·
3296 1702 3431 1772 μηδέ
3465 1703 3705 1770 σοφωτέ-

2122 1802 2249 1851 ρους
2284 1785 2510 1849 ἑαυτοὺς
2540 1787 2904 1860 ὑπολάϐωμεν
2931 1793 3030 1861 τῆς
3068 1792 3163 1846 τοῦ
3195 1793 3336 1846 Πνεύ
3348 1809 3515 1861 ματος
3542 1792 3705 1862 χάρι-

2118 1895 2229 1940 τος.
2275 1877 2435 1932 Ἀλλὰ
2469 1879 2790 1951 ἀκούσωμεν
2813 1882 2907 1935 τοῦ
2943 1883 3181 1952 μεγάλου
3207 1883 3414 1954 Πέτρου
3448 1881 3701 1951 βοῶντος

2125 1988 2143 2022 ι
2180 1971 2251 2024 Σὺ
2286 1965 2336 2023 εἷ
2360 1971 2389 2022 ὁ
2414 1971 2647 2042 Χριστὸς
2675 1975 2703 2026 ὁ
2735 1973 2862 2036 Υίός
2890 1973 2984 2027 τοῦ
3012 1974 3148 2028 Θεοῦ
3175 1974 3268 2029 τοῦ
3297 1973 3520 2037 ζῶντος.
3546 1989 3564 2023 ι
3591 1973 3705 2027 Καὶ

2119 2061 2440 2132 ἀκούσωμεν
2468 2063 2562 2116 τοῦ
2583 2065 2854 2119 Δεσπότου
2889 2066 3152 2135 Χριστοῦ,
3176 2068 3335 2138 τήνδε
3367 2067 3469 2137 τὴν
3503 2068 3699 2143 ὁμολο-

2118 2153 2246 2220 γίαν
2276 2153 2666 2223 κρατύνοντος·
2710 2175 2729 2208 ι
2771 2157 2894 2210 Ἐπὶ
2914 2158 3084 2230 ταύτῃ
3116 2161 3245 2231 γὰρ,
3278 2160 3402 2232 ἔφη,
3431 2167 3497 2234 τῇ
3525 2165 3703 2236 πέτρᾳ

2118 2244 2460 2315 οἰκοδομήσω
2489 2263 2591 2317 μου
2622 2249 2722 2318 τὴν
2764 2249 3112 2322 Ἐκκλησίαν,
3155 2252 3248 2304 καὶ
3287 2253 3452 2308 πύλαι
3481 2255 3607 2327 ᾅδου
3639 2259 3699 2310 οὐ

2120 2336 2543 2409 κατισχύσουσιν
2577 2339 2769 2411 αὐτῆς.
2809 2360 2827 2393 ι
2862 2342 2962 2395 Διά
2989 2359 3072 2396 τοι
3109 2341 3268 2396 τοῦτο
3297 2345 3394 2399 καὶ
3435 2345 3648 2411 Παῦλος
3672 2348 3702 2400 ὁ

2119 2430 2415 2500 πάνσοφος,
2467 2434 2496 2484 ὁ
2539 2432 2646 2486 τῶν
2689 2433 3028 2504 Ἐκκλησιῶν
3081 2437 3302 2506 ἄριστος
3341 2437 3700 2508 ἀρχιτέκτων,

2118 2519 2215 2589 οὐχ
2242 2519 2451 2590 ἕτερον,
2481 2519 2617 2574 ἀλλὰ
2645 2520 2832 2576 τοῦτον
2863 2523 3025 2577 αὑτὸν
3062 2524 3371 2595 κατέπηξεν
3410 2526 3502 2579 τὸν
3532 2527 3700 2598 θεμέ-

2120 2608 2254 2664 λιον.
2304 2609 2447 2679 Ἐγὼ
2473 2613 2601 2682 γὰρ,
2629 2612 2814 2682 φησὶν,
2855 2633 2874 2665 ι
2913 2613 2990 2678 ὡς
3029 2615 3195 2682 σοφὸς
3240 2617 3578 2687 ἀρχιτέκτων
3610 2619 3702 2671 θε-

2121 2702 2306 2772 μέλιον
2338 2703 2579 2767 τέθεικα,
2643 2703 2800 2766 ἄλλος
2848 2704 2905 2757 δέ
2941 2705 3308 2777 ἐποικοδομεῖ.
3342 2708 3610 2772 Ἕκαστος
3643 2710 3702 2762 δὲ

2121 2795 2367 2864 βλεπέτω
2395 2795 2511 2858 πῶς
2537 2795 2899 2864 ἐποικοδομεῖ.
2925 2796 3186 2867 Θεμέλιον
3209 2799 3315 2870 γὰρ
3342 2799 3500 2853 ἄλλον
3523 2801 3703 2864 οὐδεὶς

2117 2886 2340 2940 δύναται
2371 2886 2540 2940 θεῖναι
2569 2888 2719 2958 παρᾶ
2758 2888 2850 2940 τὸν
2898 2889 3171 2959 κείμενον,
3206 2891 3264 2953 ὅς
3298 2892 3446 2944 ἐστιν
3493 2892 3703 2960 Ἰησοῦς

2119 2976 2375 3047 Χριστός.
2413 2995 2430 3026 ι
2492 2976 2620 3039 Πῶς
2651 2975 2831 3031 τοίνυν
2879 2978 3067 3048 ἕτερον
3115 2979 3388 3033 ἐπινοοῦσι
3427 2980 3700 3050 θεμέλιον,

2117 3071 2180 3124 οὐ
2204 3070 2474 3141 πηγνύναι
2498 3067 2768 3139 θεμέλιον,
2801 3070 2916 3123 ἀλλ’
2948 3072 3324 3142 ἐποικοδομεῖν
3348 3071 3426 3139 τῷ
3460 3073 3704 3143 κειμένῳ

2127 3161 2631 3232 προστεταγμένοι;
2681 3162 2738 3214 Ὀ
2775 3161 2833 3214 δὲ
2875 3162 3016 3226 θεῖος
3041 3166 3248 3228 ἐκεῖνος
3278 3164 3416 3235 ἀνὴρ
3443 3164 3533 3217 τὸν
3564 3166 3607 3217 Χ
3619 3183 3706 3234 ρι-

2065 3264 2084 3284 λ
2125 3253 2246 3307 στὸν
2280 3248 2389 3305 οἶδε
2415 3252 2687 3323 θεμέλιον,
2713 3253 2808 3306 καὶ
2837 3251 3008 3325 ταύτῃ
3055 3257 3120 3325 τῇ
3167 3256 3512 3326 προσηγορίᾳ
3553 3256 3702 3326 λαμ-

2119 3345 2404 3417 πρύνεται.
2431 3346 2539 3398 Kal
2568 3344 2662 3400 νῦν
2690 3347 2787 3416 μέν
2817 3363 2950 3416 φησι
2972 3364 2986 3378 ·
3026 3365 3044 3397 ι
3075 3348 3298 3418 Χριστῷ
3326 3350 3707 3420 συνεσταύρω-

2121 3455 2247 3509 μαι’
2289 3436 2366 3502 ζῶ
2395 3437 2451 3490 δὲ
2473 3436 2657 3490 οὐκέτι
2688 3437 2818 3505 ἐγὼ,
2845 3438 2910 3508 ζῇ
2933 3437 2990 3491 δὲ
3015 3439 3073 3491 ἐν
3095 3439 3219 3509 ἐμοὶ
3243 3441 3497 3510 Χριστός.
3537 3459 3555 3490 ι
3583 3441 3703 3494 Νῦν

2116 3529 2172 3582 δέ
2196 3547 2211 3562 ·
2248 3548 2266 3580 ι
2319 3529 2472 3598 Ἐμοὶ
2501 3529 2561 3581 τὸ
2591 3528 2691 3600 ζῇν
2713 3529 2969 3600 Χριστὸς,
3002 3529 3096 3583 καὶ
3145 3529 3204 3582 τὸ
3249 3530 3542 3584 ἀποθανεῖν
3572 3533 3706 3602 κέρ-

2117 3620 2225 3683 δος.
2271 3639 2288 3672 ι
2327 3621 2438 3674 Καὶ
2487 3618 2685 3673 πάλινο
2736 3639 2754 3671 ι
2790 3622 2868 3675 υὺ
2900 3619 3008 3691 γὰρ
3041 3620 3234 3692 ἔκρινα
3264 3620 3358 3673 τοῦ
3404 3622 3600 3675 εἰδέναι
3645 3640 3703 3675 τι

2117 3711 2175 3762 ἐν
2205 3711 2354 3780 ὑμῖν,
2391 3711 2439 3762 εί
2466 3709 2540 3780 μὴ
2577 3709 2784 3780 Ἰησοῦν
2817 3711 3073 3780 Χριστὸν,
3097 3712 3189 3764 καὶ
3208 3711 3395 3764 τοῦτον
3423 3713 3701 3783 ἐσταυρω-

2121 3800 2300 3870 μένον.
2326 3819 2344 3851 ι
2367 3800 2479 3852 Kal
2509 3801 2702 3870 μικρὸν
2731 3800 2839 3871 πρὸ
2859 3799 3065 3853 τούτων
3082 3817 3095 3830 '
3141 3819 3159 3852 ι
3201 3801 3392 3870 Ἡμεῖς
3419 3801 3476 3855 δὲ
3496 3802 3705 3873 κηρύτ-

2117 3889 2286 3962 τομεν
2311 3893 2549 3961 Χριστὸν
2580 3893 3022 3964 ἐσταυρωμένον,
3079 3892 3359 3956 Ἰουδαίοις
3401 3892 3499 3964 μὲν
3542 3895 3706 3947 σκάν-

2115 3984 2294 4050 δαλον,
2336 3985 2514 4038 ἐθνεσι
2533 3984 2592 4038 δέ
2623 3985 2854 4056 μωρίαν,
2883 3985 3066 4046 αὐτοῖς
3091 4003 3147 4038 τε
3173 3985 3390 4056 κλητοῖς
3424 3987 3704 4052 Ἰουδαίοις

2114 4093 2176 4130 τε
2206 4077 2296 4129 καὶ
2321 4075 2566 4146 Ἕλλησι,
2599 4076 2832 4147 Χριστὸν
2866 4075 2999 4129 Θεοῦ
3025 4076 3275 4146 δύναμιν,
3312 4077 3406 4130 καὶ
3438 4077 3572 4130 Θεοῦ
3607 4096 3683 4131 σο-

2117 4167 2265 4232 φίαν.
2301 4187 2320 4220 )
2349 4169 2456 4221 Kal
2484 4168 2753 4231 Γαλάταις
2786 4168 2885 4238 μὲν
2918 4169 3247 4222 ἐπιστέλλων
3267 4168 3369 4238 ἔφη
3393 4186 3408 4200 ο
3440 4189 3458 4221 ι
3489 4171 3620 4222 Ὅτε
3643 4170 3703 4223 δὲ

2114 4257 2415 4328 ηὐδόκησεν
2443 4261 2470 4311 ὁ
2498 4258 2766 4330 ἀφορίσας
2803 4275 2870 4328 με
2894 4260 2957 4311 ἐκ
2981 4260 3186 4322 κοιλίας
3213 4259 3421 4330 μητρός
3454 4278 3575 4331 μου,
3603 4264 3704 4314 καὶ

2117 4350 2352 4413 καλέσας
2389 4349 2479 4404 διά
2515 4351 2616 4421 τῆς
2656 4350 2878 4420 χάριτος
2932 4351 3097 4405 αὑτοῦ
3126 4393 3142 4418 ,
3200 4352 3548 4421 ἀποκαλύψαι
3609 4354 3705 4406 τὸν

2117 4439 2245 4493 Υίδν
2276 4439 2443 4494 αὑτοῦ
2470 4442 2527 4492 ἐν
2561 4441 2705 4510 ἐμοὶ,
2728 4440 2815 4492 ἵνα
2833 4440 3275 4512 εὐαγγελίζωμαι
3307 4442 3471 4496 αὐτὸν
3499 4443 3556 4494 ἐν
3583 4445 3701 4506 τοῖς

435 4531 579 4585 cavit
616 4547 714 4601 per
743 4533 972 4602 gratiam
1005 4550 1180 4601 suam,
1205 4545 1266 4591 ut
1308 4537 1579 4592 revelaret
1612 4537 1810 4591 Filium
1849 4551 2011 4592 suum

2118 4531 2314 4586 ἔθνεσι.
2345 4531 2650 4601 Κορινθίοις
2675 4531 2732 4584 δὲ
2753 4531 2980 4603 γράφων
3021 4533 3122 4585 οὐκ
3163 4529 3316 4586 εἶπεν
3335 4575 3350 4600 ,
3379 4535 3460 4587 ὅτι
3506 4534 3704 4603 Ἡμεῖς

437 4639 535 4692 per
553 4640 661 4690 me,
718 4633 778 4678 ut
831 4626 1263 4697 evangelizarem
1304 4627 1457 4682 illum
1494 4628 1550 4683 in
1602 4629 1860 4698 gentibus
1878 4628 1943 4682 “.
1990 4647 2007 4680 ι

434 4715 740 4772 Corinthiis
771 4732 901 4770 vero
931 4716 1178 4772 scribens
1221 4732 1332 4771 non
1375 4716 1514 4770 dixit
1551 4719 1706 4773 :Nos
1743 4718 2015 4787 praedica-

435 4821 560 4860 mus
594 4807 815 4872 Filium,
850 4807 945 4862 sed
980 4805 1248 4862 Christum
1287 4807 1600 4876 cruciﬁxum
1631 4825 1648 4862 :
1678 4825 1787 4864 non
1824 4818 2014 4864 contra

435 4897 642 4952 faciens
669 4913 832 4968 quam
863 4899 1050 4968 jussus
1079 4905 1217 4962 erat,
1247 4897 1342 4952 sed
1386 4899 1642 4954 eumdem
1683 4915 1803 4955 esse
1835 4901 2015 4955 sciens

434 5001 489 5044 et
530 4989 738 5055 Jesum,
771 4998 825 5043 et
865 4989 1170 5054 Christum,
1205 4999 1261 5044 et
1310 4991 1624 5055 Dominum,
1655 5001 1712 5047 et
1755 4993 2017 5064 Unigeni-

435 5089 574 5140 tum,
618 5087 673 5130 et
701 5079 874 5130 Deum
897 5077 1159 5133 Verbum.
1206 5081 1502 5150 Propterea
1530 5082 1771 5137 scribere
1802 5083 1868 5137 ad
1909 5084 2018 5138 Ro-

435 5181 629 5221 manos
665 5165 879 5238 1264
915 5167 1187 5237 incipiens
1213 5185 1432 5224 servum
1465 5186 1522 5226 se
1557 5171 1851 5241 appellavit
1883 5172 2010 5228 Jesu

430 5258 660 5325 Christi,
698 5258 947 5328 dixitque
982 5275 994 5311 :
1034 5277 1051 5309 ι
1083 5271 1426 5331 segregatum
1466 5277 1524 5317 se
1553 5262 1723 5317 fuisse
1755 5265 1809 5318 in
1836 5263 2004 5317 Evan-

431 5351 635 5421 gelium
683 5351 800 5415 Dei,
827 5350 974 5421 quod
1027 5361 1152 5405 ante
1208 5354 1533 5422 promiserat
1579 5370 1678 5423 per
1713 5355 2012 5424 prophetas

432 5457 564 5498 suos
590 5444 646 5497 in
677 5442 979 5512 Scripturis
1011 5444 1216 5499 sanctis
1255 5444 1320 5498 de
1358 5445 1495 5498 Filio
1529 5447 1669 5515 ejus,
1707 5446 1799 5514 qui
1831 5445 2010 5501 factus

2121 4622 2221 4693 μὲν
2251 4622 2595 4693 κηρύττομεν
2621 4623 2712 4676 τὸν
2747 4623 2895 4688 Υίὸν,
2935 4623 3070 4678 ἀλλὰ
3102 4625 3363 4692 Χριστὸν
3399 4625 3702 4693 ἐσταυρω-

2113 4713 2327 4783 μένον·
2351 4715 2450 4767 οὐκ
2483 4715 2701 4768 ἐναντία
2731 4715 2900 4769 ποιῶν
2932 4711 3014 4780 οἷς
3040 4716 3410 4789 προσετάχθη,
3444 4717 3578 4770 ἀλλὰ
3609 4719 3702 4772 τὸν

2117 4804 2280 4856 αὑτὸν
2315 4803 2470 4868 εἰδὼς
2521 4805 2614 4859 καὶ
2653 4805 2862 4876 Ἰησοῦν
2888 4847 2902 4872 ,
2937 4808 3031 4860 καὶ
3059 4807 3315 4878 Χριστὸν,
3341 4811 3437 4862 καὶ
3466 4809 3701 4879 Κύριον,

2117 4901 2212 4953 καὶ
2240 4901 2544 4970 Μονογενῆ,
2575 4902 2670 4953 καὶ
2703 4901 2834 4954 Θεὸν
2859 4901 3052 4970 Λόγον.
3083 4900 3284 4955 Τούτου
3314 4903 3377 4974 δὴ
3414 4903 3572 4974 χάριν
3605 4905 3706 4956 καὶ

2127 4990 2421 5061 Ῥωμαίοις
2459 4992 2694 5066 γράφειν
2719 4993 3046 5064 ἀρξάμενος,
3073 4995 3257 5049 δοῦλον
3277 4995 3468 5049 ἑαυτὸν
3491 4997 3706 5067 ὠνόμα-

2115 5099 2206 5136 σεν
2255 5083 2426 5154 Ἰησοῦ
2458 5084 2717 5157 Χριστοῦ.
2756 5082 2892 5139 Εῖπε
2918 5085 2997 5150 δὲ,
3038 5106 3055 5137 ι
3079 5087 3387 5158 ἀφωρίσθαι
3421 5087 3500 5150 εἰς
3528 5087 3704 5154 Εὐαγ-

2113 5176 2292 5246 γέλιον
2320 5175 2455 5229 Θεοῦ
2481 5216 2495 5240 ,
2538 5177 2566 5229 ὃ
2609 5180 3084 5249 προεπηγγείλατο
3129 5179 3220 5232 διὰ
3251 5179 3359 5232 τῶν
3403 5177 3706 5248 προφητῶν

2112 5267 2276 5322 αὐτοῦ
2304 5269 2361 5319 ἐν
2400 5269 2644 5338 Γραφαῖς
2687 5269 2874 5338 ἁγίαις
2921 5272 3050 5341 περὶ
3079 5271 3173 5325 τοῦ
3209 5271 3338 5324 Υίοῦ
3380 5270 3566 5336 αὑτοῦ,
3602 5271 3702 5324 τοῦ

2118 5359 2411 5429 γενομένου
2443 5361 2507 5412 ἐκ
2535 5361 2849 5431 σπέρματος
2870 5363 3033 5416 Δαδὶδ
3066 5362 3207 5416 κατά
3231 5363 3430 5434 σάρκα,
3456 5361 3552 5415 τοῦ
3581 5364 3695 5432 ὀρι-

2121 5448 2336 5511 σθέντος
2365 5450 2495 5502 1³ἱοῦ
2517 5451 2652 5504 Θεοῦ
2679 5453 2737 5506 ἐν
2761 5452 3010 5523 δυνάμει,
3043 5472 3060 5504 ι
3083 5454 3176 5506 καί
3201 5453 3269 5506 τὰ
3299 5453 3448 5524 ἑξῆς.
3477 5454 3588 5506 Καὶ
3610 5452 3704 5506 τὸν

591 5598 732 5676 R53].
766 5616 822 5662 ιι,
850 5600 904 5676 (ξι
928 5600 979 5654 8.
1016 5601 1102 5676 “az
1137 5601 1280 5676 Psal'
1316 5601 1456 5676 "LL
1501 5600 1585 5676 ..δῖ
1618 5600 1947 5676 Mauh'i‘y’
1983 5603 2016 5676 ν

2135 5602 2455 5676 1fi'ibidJEl.
2532 5608 2573 5638 ³ο
2614 5609 2633 5662 Ι
2662 5608 2790 5663 Cor.
2824 5625 2912 5675 ιιι,
2955 5607 3049 5676 10,
3085 5610 3170 5664 ll.
3248 5609 3289 5640 “
3317 5609 3494 5664 Galat.
3521 5623 3578 5672 ιι,
3614 5606 3699 5661 19.

437 5667 480 5698 ⁴²
511 5668 744 5737 Philipp.
777 5685 815 5733 ι,
846 5671 934 5723 21.
1013 5672 1056 5702 ⁸³
1085 5670 1102 5724 1
1129 5669 1256 5724 Cor.
1284 5687 1341 5735 ιι,
1365 5672 1419 5724 2.
1499 5669 1543 5700 ³⁸
1567 5671 1588 5724 Ι
1609 5670 1734 5724 Cor.
1762 5687 1798 5734 ι,
1821 5671 1909 5724 '25.

514 5824 625 5891 (τι)
657 5824 750 5877 καὶ
791 5826 881 5877 τοῦ
943 5827 1147 5897 Κυρίου
1190 5826 1343 5896 ἡμῶν
1388 5825 1562 5895 Ἰησοῦ
1626 5826 1862 5898 Χριστοῦ
1906 5829 2073 5898 Neap.

1988 5671 2033 5702 "‘
2061 5670 2234 5728 Gaiat.
2266 5691 2301 5739 ι,
2331 5675 2411 5730 15.
