4072 6422
343 379 481 446 I397

1651 385 2012 446 EPISTOLA
2044 385 2286 447 CXLVI.

3463 383 3600 449 1398

337 487 506 540 αὐτὸν
539 486 766 540 ἐκάλεσε
796 487 889 540 καὶ
927 486 1135 558 Ἰησοῦν
1154 487 1408 561 Χριστὸν,
1438 488 1532 542 καὶ
1553 488 1669 542 υἱὸν
1697 490 1790 542 τοῦ
1817 491 1920 541 Δα-

2035 499 2105 545 :st
2127 506 2194 545 ex
2213 489 2423 544 semine
2454 489 2676 545 Davidis
2707 488 3009 545 secundum
3037 505 3256 544 carnem
3285 506 3296 543 :
3335 488 3429 560 qui
3463 507 3601 560 pra:-

336 577 450 643 6‘16‘,
485 578 579 630 καὶ
609 577 738 630 Υἱὸν
771 577 864 630 τοῦ
898 578 1034 633 Θεοῦ
1058 620 1071 642 ,
1118 580 1194 644 ὡς
1219 579 1351 633 Θεὸν
1379 581 1475 633 καὶ
1507 581 1617 633 τῶν
1654 580 1794 633 ὅλων
1824 581 1922 632 Ae-

339 670 572 739 σπότην.
610 669 720 722 Kal
764 669 949 738 μέντοι
991 671 1094 724 κάν
1129 670 1205 741 τῷ
1255 670 1405 742 μέσῳ
1449 671 1549 740 τῆς
1597 669 1922 738 Ἐπιστολῆς

351 760 624 816 Ἰουδαίων
661 761 1064 832 μνημονεύσας,
1110 764 1390 832 ἐπήγαγεν
1415 779 1428 792 ·
1469 781 1487 813 ι
1524 757 1627 816 Ὧν
1664 763 1714 816 οἱ
1753 763 1924 815 πατέ-

337 866 459 922 ρες,
490 849 551 915 ἐξ
574 844 649 904 ὧν
671 854 699 904 6
727 852 963 924 Χριστὸς
991 853 1052 905 τὸ
1082 852 1222 905 κατὰ
1259 853 1436 924 σάρκα
1463 891 1478 916 ,
1508 855 1536 906 6
1565 852 1640 905 ὢν
1663 853 1757 904 ἐπὶ
1789 853 1924 907 πάν-

335 959 453 996 των
482 942 616 1006 Θεὸς
662 942 952 1014 εὐλογητὸς
1006 945 1087 1005 είς
1124 945 1248 1007 τοὺς
1299 943 1501 1008 αίῶνας
1539 945 1650 996 τῶν
1685 943 1918 1011 αἰώνων,

351 1033 548 1103 Ἀμήν,
583 1054 602 1086 ι
648 1035 758 1088 Kal
800 1035 892 1087 τὸν
935 1035 1096 1087 αὐτὸν
1149 1035 1292 1088 κατὰ
1330 1035 1506 1106 σάρκα
1549 1036 1648 1105 μὲν
1678 1035 1737 1100 ἐξ
1793 1037 1924 1090 Ἰου-

334 1124 517 1177 δαίων
539 1125 641 1194 ἐφη
677 1125 938 1194 κατάγειν
958 1126 1019 1177 τὸ
1049 1126 1227 1193 γένος,
1273 1124 1489 1178 αἰώνιον
1514 1126 1571 1178 δὲ
1601 1121 1739 1178 εἶναι
1768 1125 1919 1191 Θεὸν,

336 1215 440 1266 καὶ
463 1215 681 1268 πάντων
724 1215 863 1286 ὁμοῦ
891 1215 1000 1269 τῶν
1028 1215 1274 1287 γενητῶν
1309 1216 1588 1287 Δεσπότην
1631 1219 1782 1287 παρὰ
1813 1217 1924 1270 τῶν

337 1306 706 1378 εὐγνωμόνων
753 1309 1114 1379 ὑμνούμενον.
1179 1308 1290 1378 Τὴν
1329 1307 1500 1378 αὐτὴν
1522 1307 1578 1360 δὲ
1623 1308 1755 1378 ἡμῖν
1779 1307 1926 1362 διδα·

339 1398 576 1451 σκαλίαν
619 1402 995 1471 προσήνεγκεν
1027 1399 1125 1452 καὶ
1161 1399 1229 1451 δι’
1269 1392 1346 1453 ὧν
1388 1397 1466 1471 τῷ
1495 1398 1787 1471 θαυμασίῳ
1833 1400 1924 1468 γέ-

336 1506 523 1560 γραφε
553 1489 718 1562 Τίτῳ.
756 1511 774 1544 ι
809 1493 1237 1563 Προσδεχόμενοι
1277 1493 1405 1564 γὰρ,
1437 1493 1591 1563 φησὶ,
1619 1496 1718 1564 τὴν
1747 1512 1925 1566 μακα-

339 1582 468 1652 ρίαν
488 1583 698 1648 ἐλπίδα,
729 1586 823 1638 καὶ
852 1586 1179 1654 ἐπιφάνειαν
1217 1586 1318 1656 τῆς
1363 1585 1522 1656 δόξης
1541 1585 1634 1639 τοῦ
1684 1587 1922 1657 μεγάλου

337 1673 480 1727 Θεοῦ
514 1676 606 1727 καὶ
639 1676 890 1747 Σωτῆρος
916 1676 1076 1746 ἡμῶν
1112 1676 1287 1748 Ἰησοῦ
1327 1677 1588 1748 Χριστοῦ.
1630 1695 1649 1730 ι
1688 1679 1799 1730 Καὶ
1831 1679 1923 1731 τὸν

338 1761 506 1813 αὑτὸν
562 1763 659 1816 καὶ
695 1765 957 1837 Σωτῆρα,
1011 1766 1106 1820 καὶ
1146 1767 1322 1836 μέγαν
1373 1766 1527 1832 Θεὸν,
1581 1768 1675 1820 καὶ
1717 1768 1924 1838 Ἰησοῦν

338 1851 582 1922 Χριστὸν
614 1855 1048 1926 προσηγόρευσε.
1084 1859 1192 1913 Kal
1224 1856 1459 1929 ἀλλαχοῦ
1481 1873 1494 1886 ·
1540 1876 1559 1910 ι
1604 1858 1696 1911 Ἐν
1715 1861 1783 1928 τῇ
1824 1859 1923 1929 βα-

342 1942 524 2016 σιλείᾳ
550 1945 644 1998 τοῦ
667 1946 904 2016 Χριστοῦ
941 1949 1038 2002 καὶ
1068 1949 1225 2004 Θεοῦ.
1271 1969 1289 2003 ι
1325 1951 1436 2004 Kal
1463 1949 1648 2022 μέντοι
1678 1951 1772 2005 καὶ
1813 1954 1926 2015 τοῖς

341 2035 602 2105 ¹ποιμέσιν
630 2037 658 2090 ὁ
686 2037 793 2090 τῶν
816 2039 1061 2107 ἀγγέλων
1096 2040 1199 2111 ἔφη
1229 2041 1416 2112 χορός·
1459 2061 1478 2094 ι
1524 2041 1655 2096 Ἰδοὺ
1681 2042 1926 2098 τίκτεται

343 2127 477 2197 ὑμῖν
503 2130 742 2198 σήμερον
772 2131 1008 2201 Χριστὸς
1043 2132 1244 2204 Κύριος
1268 2135 1326 2186 ἐν
1350 2134 1501 2187 πόλει
1535 2134 1716 2190 Δαϐίδ.
1761 2155 1779 2187 ι

434 2390 596 2444 Ἀλλὰ
632 2392 744 2462 γὰρ
789 2392 1060 2462 παρέλκον
1112 2395 1293 2458 πάσας
1337 2393 1437 2457 τὰς
1483 2394 1739 2458 τοιαύτας
1788 2411 1934 2464 μαρ-

344 2483 540 2554 τυρίας
574 2483 690 2553 (29.)
719 2484 944 2556 ἀνδράσι
966 2487 1198 2555 γράφειν
1230 2488 1342 2548 τοῖς
1371 2485 1669 2556 μελετῶσιν
1693 2488 1750 2538 ἐν
1782 2487 1931 2556 νόμῳ

346 2575 557 2645 Κυρίου
601 2575 815 2647 ἡμέρας
875 2579 971 2632 καὶ
1023 2579 1254 2642 νυκτόςσ
1312 2579 1595 2650 ἀποχρῶσί
1649 2595 1710 2632 τε
1769 2575 1937 2634 αὗται-

348 2667 535 2718 πεῖσαι
569 2666 665 2718 καὶ
703 2667 830 2729 τοὺς
879 2666 1020 2734 ἄγαν
1078 2666 1570 2730 δυσπειθεστάτους
1625 2667 1724 2731 τὰς
1779 2667 1933 2732 Θείας

349 2758 428 2829 μὴ
488 2757 732 2828 μερίζειν
790 2759 1184 2830 προσηγορίας.
1259 2761 1465 2813 Ἐκεῖνο
1508 2760 1694 2830 μέντοι
1755 2778 1934 2832 παρα·

347 2852 530 2905 λιπεῖν
569 2852 668 2904 οὐκ
707 2851 990 2920 ἀνέξομαι.
1045 2852 1182 2904 Φασὶ
1231 2851 1342 2922 γὰρ
1395 2851 1558 2904 αὐτὸν
1618 2851 1932 2922 εἰρηκέναι,

350 2943 610 3011 χριστοὺς
667 2933 770 3012 μὲν
835 2937 976 2994 εἶναι
1017 2941 1265 3004 πολλοὺς,
1316 2941 1446 2994 Υἱὸν
1499 2940 1555 2994 δὲ
1597 2942 1712 2994 Eva.
1761 2942 1935 2995 Τοῦτο

347 3031 408 3085 δὲ
471 3033 530 3101 ἐξ
593 3032 816 3101 ἀγνοίας
885 3033 1046 3087 αὐτὸν
1105 3032 1384 3104 ὑπείληφα
1448 3033 1810 3104 πλημμελεῖν.
1869 3035 1932 3088 Εἰ

353 3123 464 3195 γὰρ
521 3124 618 3196 τὴν
667 3123 819 3178 θείαν
883 3124 1094 3192 ἀνέγνω
1147 3124 1413 3194 Γραφὴν,
1460 3124 1690 3192 ἐγνώκει
1737 3123 1803 3178 ἂν
1855 3126 1932 3187 ὡς

354 3217 450 3270 καὶ
493 3216 592 3286 τὴν
636 3215 729 3268 τοῦ
767 3215 897 3268 Υίοῦ
943 3215 1320 3284 προσηγορίαν
1373 3214 1589 3277 πολλοῖς
1633 3215 1731 3285 μὲν
1765 3215 1934 3285 (23)6

357 3307 732 3378 μεγαλόδωρος
754 3307 1030 3376 Δεσπότης
1052 3305 1370 3376 δεδώρηται.
1405 3307 1538 3359 Μωῦ
1550 3307 1647 3375 σῆς
1695 3307 1795 3376 μὲν
1825 3308 1935 3377 γὰρ

353 3402 383 3454 6
419 3399 738 3470 νομοθέτης,
788 3402 816 3454 ὁ
859 3399 957 3469 τὴν
1017 3398 1252 3452 παλαιὰν
1309 3398 1549 3467 ἱστορίαν
1590 3401 1932 3470 συγγράψας,

357 3492 520 3561 φησίν
539 3509 553 3524 ·
589 3511 607 3544 ι
643 3492 867 3554 Ἰδόντες
889 3494 935 3544 οἱ
963 3492 1066 3543 υἱοὶ
1087 3489 1180 3544 τοῦ
1215 3490 1350 3543 Θεοῦ
1382 3491 1479 3552 τὰς
1506 3489 1812 3560 θυγατέρας
1827 3492 1935 3545 τῶν

354 3581 682 3652 ἀνθρώπων,
718 3583 799 3635 ὅτι
832 3581 993 3635 καλαί
1027 3583 1185 3645 εἰσιν,
1232 3581 1424 3634 ἔλαϐον
1460 3582 1645 3645 αὐτοῖς
1671 3582 1728 3648 ἐξ
1757 3582 1936 3635 αὐτῶν

357 3678 642 3741 γυναῖκας.
677 3693 695 3726 ι
745 3673 916 3736 Αὐτὸς
948 3675 1004 3726 δὲ
1046 3676 1074 3727 ὁ
1107 3673 1218 3726 τῶν
1251 3674 1388 3726 ὅλων
1411 3674 1545 3738 Θεὸς
1581 3675 1716 3744 πρὸς
1747 3673 1936 3728 τοῦτον

357 3768 460 3838 ἔφη
491 3769 582 3821 τὸν
615 3769 906 3839 Προφήτην
927 3783 940 3796 ·
977 3787 994 3820 ι
1020 3769 1154 3822 Εἰπὲ
1186 3767 1322 3838 πρὸς
1356 3768 1586 3838 Φαραώ⁶
1625 3770 1751 3833 Υἱὸς
1785 3787 1934 3840 πρωο

354 3860 574 3924 τότοκός
627 3878 728 3931 μου
763 3860 998 3932 Ἰσραήλ.
1026 3878 1047 3910 ι
1082 3859 1198 3912 Κάν
1227 3863 1290 3930 τῇ
1331 3859 1453 3930 ’ῼδῇ
1489 3859 1545 3912 δὲ
1580 3863 1645 3930 τῇ
1680 3860 1895 3934 μεγάλῃ
1918 3877 1933 3893 ⁸

365 3973 384 4004 ι
409 3953 790 4025 Εὐφράνθητε,
826 3955 1013 4023 φησιν,
1057 3953 1208 4025 ἔθνη,
1255 3953 1394 4023 μετὰ
1445 3955 1540 4007 τοῦ
1578 3954 1708 4008 λαοῦ
1743 3954 1936 4018 αὐτοῦ,

359 4044 455 4100 καὶ
505 4047 946 4116 ἐνισχυσάτωσαν
987 4044 1136 4116 αὐτῷ
1174 4045 1376 4106 πάντες
1416 4044 1526 4099 υἱοὶ
1580 4044 1738 4099 Θεοῦ.
1768 4065 1787 4098 ι
1840 4045 1939 4099 Διὰ

357 4137 417 4190 δὲ
457 4138 679 4192 Ἡσαΐου
714 4139 808 4192 τοῦ
843 4140 1123 4210 προφήτου
1173 4139 1371 4208 φησίν’
1427 4157 1444 4188 ι
1469 4138 1633 4202 Υίοὺς
1675 4139 1940 4208 ἐγέννησα

358 4230 456 4284 καὶ
507 4229 720 4300 ῦψωσα,
761 4232 914 4284 αὐτοὶ
945 4232 1002 4284 δέ
1045 4249 1113 4302 με
1165 4230 1459 4301 ἠθέτησαν.
1489 4249 1506 4282 ι
1567 4230 1679 4284 Kal
1711 4230 1800 4284 διὰ
1842 4231 1937 4284 τοῦ

358 4325 760 4395 τρισμακαρίου
811 4325 1011 4377 Δαϐίδ·
1081 4343 1098 4374 ι
1139 4322 1302 4391 Ἐγὼ,
1355 4322 1540 4392 φησιν,
1598 4318 1761 4376 εἶπα·
1816 4322 1940 4376 Θεοί

358 4416 508 4476 ἐστε,
557 4415 651 4468 καὶ
703 4415 810 4467 υἱοὶ
852 4413 1110 4482 Ὑψίστου
1164 4411 1382 4474 πάντες.
1413 4430 1432 4462 ι
1486 4412 1545 4465 Ὀ
1572 4411 1629 4464 δὲ
1667 4412 1941 4480 πάνσοφος

2025 581 2332 636 destinatus
2379 591 2464 636 est
2527 581 2696 636 Filius
2750 581 2846 635 Dei
2893 581 2948 635 in
2991 581 3194 635 virtute
3229 581 3294 646 “,
3337 601 3355 634 ι
3390 591 3446 636 et
3481 599 3602 652 qua:

2025 680 2352 741 sequuntur.
2377 672 2753 742 Eumdemque
2775 671 2991 726 vocavit
3018 679 3075 726 et
3093 672 3278 726 Jesum
3295 671 3600 734 Christum,

2025 769 2082 818 et
2113 762 2284 817 ﬁlium
2320 763 2558 828 Davidis,
2592 771 2648 818 et
2680 762 2877 818 Filium
2897 761 3016 828 Dei,
3040 764 3189 818 velut
3213 764 3385 819 Deum
3417 763 3603 817 etDo-

2025 857 2238 910 minum
2282 856 2685 912 universorum.
2721 856 2827 911 Sed
2876 865 2934 911 et
2996 856 3052 909 in
3099 855 3280 910 medio
3321 855 3602 924 Epistolze,

2026 962 2152 1002 cum
2205 947 2421 1002 Iudaeos
2465 955 2964 1010 commemorasset,
2989 947 3261 1017 subjecit:
3303 965 3321 997 ι
3354 945 3598 1011 Quorum

2026 1046 2230 1107 patres,
2269 1054 2337 1092 ex
2391 1038 2594 1108 quibus
2626 1046 2710 1091 est
2751 1036 3001 1092 Christus
3032 1037 3332 1091 secundum
3358 1050 3599 1098 carnem,

2026 1130 2121 1198 qui
2153 1139 2237 1184 est
2263 1145 2428 1199 super
2457 1129 2641 1183 omnia
2672 1129 2818 1182 Deus
2840 1127 3160 1182 benedictus
3186 1127 3242 1181 in
3267 1127 3462 1181 sarcula
3499 1141 3600 1181 saa-

2027 1221 2297 1275 culorum.
2326 1221 2499 1275 Amen
2524 1221 2588 1273 ".
2625 1239 2641 1272 ι
2673 1219 2740 1274 Et
2765 1218 3021 1274 eumdem
3053 1217 3353 1273 secundum
3374 1232 3598 1272 carnem

2027 1310 2246 1380 quidem
2287 1326 2354 1365 ex
2385 1310 2589 1365 Iudaeis
2636 1325 2815 1380 genus
2847 1309 3050 1364 ducere
3076 1309 3173 1373 ait,
3207 1309 3602 1377 sempiternum

2029 1410 2211 1456 autem
2254 1416 2373 1456 esse
2412 1402 2604 1465 Deum,
2633 1401 2992 1471 omniumque
3048 1401 3210 1456 simul
3257 1399 3605 1454 conditorum

2029 1493 2318 1548 Dominum
2363 1508 2393 1546 a
2418 1508 2528 1547 non
2572 1493 2802 1563 ingratis
2847 1492 3138 1548 celebrari.
3167 1491 3434 1546 Eamdem
3466 1505 3606 1560 quo-

2027 1602 2134 1656 que
2167 1584 2328 1639 nobis
2356 1584 2663 1639 doctrinam
2693 1584 2946 1654 exposuit
2975 1583 3030 1637 in
3064 1583 3132 1637 iis
3160 1598 3284 1652 qum
3315 1582 3440 1636 Tito
3473 1580 3610 1637 scri-

2029 1679 2138 1749 psit
2173 1695 2186 1730 :
2221 1696 2239 1728 ι
2277 1677 2670 1746 Exspectantes
2721 1675 2935 1730 beatam
2969 1691 3146 1744 spem,
3199 1684 3255 1729 et
3307 1673 3607 1731 adventum

2029 1769 2214 1842 gloriae
2248 1769 2428 1838 magni
2481 1767 2575 1822 Dei
2610 1775 2666 1820 et
2711 1766 3013 1822 Salvatoris
3062 1766 3235 1820 nostri
3281 1765 3412 1819 Jesu
3446 1760 3610 1817 Chri-

2030 1863 2100 1918 sti
2130 1861 2199 1915 “.
2232 1882 2248 1912 ι
2301 1860 2678 1928 Eumdemque
2728 1869 2784 1914 et
2836 1858 3196 1920 Salvatorem,
3244 1865 3299 1911 et
3349 1869 3607 1924 magnum

2028 1956 2223 2018 Deum,
2252 1962 2308 2007 et
2331 1953 2517 2008 Jesum
2552 1951 2834 2006 Christum
2864 1948 3168 2004 nominavit
3197 1965 3210 2001 :
3236 1955 3291 2002 et
3312 1945 3419 2000 alio
3445 1945 3602 2000 loco:

2038 2064 2056 2096 ι
2084 2045 2145 2099 In
2191 2058 2359 2114 regno
2392 2041 2595 2097 Christi
2618 2048 2675 2095 et
2707 2042 2724 2059 ⁶
2748 2041 2844 2095 Dei
2871 2041 2935 2093 ³³.
2973 2059 2990 2090 ι
3025 2037 3170 2105 Quin
3207 2044 3263 2092 et
3295 2036 3609 2107 pastoribus

2030 2153 2250 2206 quoque
2294 2135 2611 2205 angelorum
2643 2133 2847 2187 chorus
2880 2131 3016 2186 dixit
3045 2149 3058 2184 :
3093 2149 3110 2182 ‹
3151 2130 3293 2184 Ecce
3335 2137 3496 2183 natus
3524 2136 3610 2182 est

2033 2229 2190 2283 vobis
2236 2227 2402 2282 hodie
2448 2225 2703 2280 Christus
2747 2223 3011 2278 Dominus
3056 2222 3111 2276 in
3171 2220 3392 2276 civitate
3441 2218 3608 2273 Davi-

2033 2321 2120 2375 dis
2143 2323 2212 2374 5°.
2243 2341 2262 2371 ι

2103 2413 2494 2467 Verumtamen
2547 2423 3019 2480 supervacaneum
3055 2413 3141 2461 est
3188 2405 3374 2461 omnia
3417 2404 3614 2474 hujus--

2032 2504 2178 2560 modi
2222 2503 2535 2558 testimonia
2569 2502 2811 2557 scribere
2837 2500 2971 2554 viris
2994 2499 3087 2568 qui
3134 2498 3190 2552 in
3235 2498 3353 2567 lege
3392 2494 3613 2550 Domini

2031 2594 2370 2650 meditantur
2393 2593 2483 2648 die
2515 2608 2580 2648 ac
2608 2601 2768 2646 nocte
2794 2609 2806 2643 :
2834 2589 3220 2659 sulli'ciuntque
3257 2589 3361 2643 ista
3393 2595 3456 2640 ut
3487 2601 3614 2656 per-

2030 2685 2297 2740 suadeant
2327 2682 2412 2738 vel
2443 2683 2680 2737 maxime
2718 2681 3120 2750 pertinacibus,
3155 2695 3225 2734 ne
3265 2677 3480 2732 divinas
3512 2692 3613 2746 ap-

2029 2775 2357 2845 pellationes
2379 2772 2642 2827 dividant.
2666 2771 2782 2826 Hoc
2810 2769 3031 2840 quidem
3068 2783 3200 2823 sane
3239 2781 3347 2820 non
3372 2764 3616 2819 adducar

2034 2873 2094 2918 ut
2129 2861 2566 2932 praetermittam.
2591 2860 2760 2914 Aiunt
2791 2857 3001 2929 1265
3037 2857 3187 2912 enim
3224 2855 3378 2910 illum
3409 2853 3614 2908 dixisse

2033 2954 2272 3008 christos
2319 2953 2544 3023 quidem
2597 2966 2719 3007 esse
2756 2951 2983 3016 multos,
3024 2947 3120 3003 sed
3179 2962 3350 3002 unum
3392 2945 3612 3000 Filium.

2033 3046 2190 3113 Quod
2218 3047 2372 3100 illum
2400 3061 2469 3100 ex
2496 3043 2802 3114 ignorantia
2832 3057 3090 3112 peccasse
3120 3041 3382 3094 arbitror.
3401 3037 3536 3092 Nam
3571 3035 3619 3093 si

2035 3138 2278 3192 divinam
2309 3136 2650 3205 Scripturam
2695 3133 2940 3203 legisset,
2987 3131 3154 3186 sciret
3197 3131 3443 3201 profecto
3497 3127 3622 3187 Filii

2037 3243 2258 3297 quoque
2302 3241 2502 3280 nomen
2533 3241 2562 3278 a
2593 3223 2806 3278 liberali
2848 3223 3081 3276 Domino
3123 3221 3389 3276 tributum
3429 3218 3622 3273 multis

2037 3319 2225 3373 fuisse.
2261 3316 2432 3371 Moses
2460 3315 2609 3369 enim
2636 3314 2936 3383 legislator,
2955 3313 3048 3381 qui
3067 3319 3311 3366 veterem
3335 3307 3620 3363 historiam

2037 3408 2365 3479 conscripsit
2401 3425 2413 3460 :
2459 3426 2476 3458 ‹
2508 3405 2792 3469 Videntes,
2846 3403 2942 3467 ait,
2981 3401 3074 3456 ﬁlii
3113 3402 3214 3456 Dei
3248 3401 3386 3455 ﬁlias
3439 3399 3621 3454 homi-

2038 3519 2192 3565 num,
2229 3500 2377 3570 quod
2417 3506 2600 3555 essent
2637 3496 2900 3567 pulchrae,
2927 3504 3260 3564 acceperunt
3291 3492 3394 3547 sibi
3420 3505 3622 3546 uxores

2037 3609 2106 3649 ex
2137 3592 2219 3647 eis
2250 3593 2316 3645 “.
2357 3611 2375 3640 ι
2430 3591 2499 3645 Ει
2558 3590 2673 3658 ipse
2729 3587 3114 3641 universorum
3176 3584 3319 3638 Deus
3369 3582 3437 3636 ad
3471 3582 3622 3635 hunc

2041 3686 2219 3755 ipsum
2253 3683 2576 3753 prophetam
2607 3698 2625 3733 :
2654 3699 2670 3729 ε
2709 3679 2886 3742 Dices,
2924 3677 3123 3747 inquit,
3158 3675 3223 3729 ad
3255 3675 3621 3736 Pharaonem,

2041 3778 2212 3834 Filius
2257 3790 2412 3830 meus
2438 3773 2834 3844 primogenitus
2865 3769 3116 3825 Israel".
3155 3787 3172 3818 ι
3215 3767 3284 3822 Et
3326 3767 3383 3820 in
3428 3780 3626 3836 magno

2042 3871 2173 3925 item
2205 3866 2432 3923 Cantico
2465 3883 2481 3919 :
2521 3884 2539 3916 ι
2565 3863 2869 3926 Laetamini,
2888 3869 3098 3933 gentes,
3118 3874 3242 3914 cum
3263 3858 3465 3929 populo
3481 3857 3622 3928 ejus,

2040 3972 2097 4017 et
2128 3959 2513 4016 confortentur
2569 3956 2618 4010 ei
2654 3970 2847 4010 omnes
2875 3953 2969 4007 ﬁlii
3005 3953 3100 4007 Dei
3127 3951 3194 4004 ⁸³;
3235 3970 3252 4000 ι
3286 3950 3391 4004 Per
3429 3947 3623 4002 Isaiam

2039 4068 2174 4107 vero
2202 4051 2527 4122 prophetam
2557 4047 2692 4102 dicit
2717 4065 2729 4100 :
2766 4066 2783 4097 ι
2810 4046 2977 4101 Filios
3005 4041 3244 4098 enutrivi
3264 4049 3319 4096 et
3347 4038 3579 4095 exaltavi
3608 4055 3623 4092 :

2040 4142 2144 4212 ipsi
2184 4149 2365 4194 autem
2400 4143 2724 4207 spreverunt
2759 4133 2923 4188 me“.
2959 4152 2976 4184 ι
3010 4133 3076 4186 Et
3115 4147 3213 4201 per
3246 4129 3626 4184 beatissimum

2042 4232 2302 4288 Davidem
2345 4249 2354 4283 :
2394 4249 2411 4279 ι
2453 4229 2565 4298 Ego
2612 4226 2725 4280 dixi
2765 4244 2777 4278 :
2813 4225 2898 4279 Dii
2947 4224 3104 4286 estis,
3151 4231 3207 4276 et
3269 4219 3364 4274 ﬁlii
3409 4219 3624 4274 Excelsi

2043 4339 2233 4379 omnes
2258 4323 2321 4376 δ’.
2355 4341 2372 4372 ι
2409 4321 2610 4374 Paulus
2639 4330 2821 4372 autem
2850 4313 3286 4385 sapientissimus
3323 4311 3390 4365 ad
3422 4311 3624 4365 Roma-

2042 4433 2144 4471 nos
2177 4413 2396 4484 scripsit
2446 4413 2502 4466 in
2547 4411 2695 4464 hunc
2736 4407 2958 4463 modum
2989 4424 3056 4459 :-«
3094 4403 3420 4472 Quicunque
3476 4400 3625 4454 enim

360 4504 576 4568 Παῦλος
619 4504 910 4575 Ῥωμαίοις
937 4503 1036 4575 μέν
1069 4504 1345 4572 γέγραφεν
1379 4501 1575 4566 οὕτως·
1615 4522 1631 4552 ι
1657 4503 1808 4556 Ὅσοι
1829 4503 1931 4574 γὰρ

2045 4508 2249 4579 Spiritu
2275 4506 2368 4560 Dei
2402 4511 2657 4574 aguntur,
2697 4501 2732 4555 ii
2759 4507 2887 4553 sunt
2928 4497 3022 4551 ﬁlii
3053 4497 3169 4551 Dei.
3201 4495 3320 4549 Non
3349 4492 3498 4546 enim
3531 4505 3624 4546 ac-

361 4595 642 4666 Πνεύματι
693 4595 829 4648 Θεοῦ
875 4596 1121 4662 ἄγονται,
1157 4589 1302 4648 οὗτοί
1340 4595 1478 4647 είσιν
1524 4595 1629 4647 υίοὶ
1669 4593 1826 4647 Θεοῦ.
1863 4594 1937 4646 Οὐ

259 4693 278 4702 ⁵
360 4685 471 4754 γὰρ
504 4685 725 4740 ἐλάϐετε
754 4684 970 4755 πνεῦμα
1009 4685 1252 4748 δουλείας
1298 4684 1460 4738 πάλιν
1500 4686 1580 4747 εἰς
1611 4683 1793 4753 φόϐον,
1823 4683 1939 4738 ἀλλ’

2038 4598 2258 4670 cepistis
2290 4597 2545 4667 spiritum
2566 4589 2850 4648 servitutis
2879 4589 3078 4642 iterum
3117 4587 3172 4640 in
3213 4585 3463 4638 timorem
3483 4623 3496 4646 ,
3527 4580 3624 4636 sed

2037 4687 2326 4758 accepistis
2339 4684 2592 4754 spiritum
2603 4679 2933 4749 adoptionis,
2945 4677 2998 4730 in
3011 4692 3120 4746 quo
3131 4675 3428 4730 clamamus
3444 4690 3456 4725 :
3469 4670 3625 4726 Abba

360 4774 584 4829 ἐλάϐετε
632 4775 853 4846 πνεῦμα
894 4773 1186 4840 υἱοθεσίας,
1232 4767 1361 4842 ἐνῷ
1417 4773 1728 4844 κράζομεν·
1772 4774 1931 4828 Ἀὄϐᾱ

2040 4783 2222 4836 Pater.
2280 4779 2400 4850 lpse
2454 4775 2681 4847 spiritus
2728 4769 3104 4826 testimonium
3166 4766 3348 4822 reddit
3408 4763 3628 4834 spiritui

359 4870 390 4920 ὁ
413 4869 626 4940 Πατήρ.
655 4868 796 4921 Αὐτὸ
818 4868 880 4922 τὸ
905 4869 1124 4939 πνεῦμα
1146 4871 1532 4942 συμμαρτυρεῖ
1558 4869 1636 4940 τῷ
1665 4868 1938 4940 πνεύματι

365 4959 540 5029 ἡμῶν,
577 4959 658 5013 ὅτι
702 4959 870 5030 ἐσμὲν
901 4959 1069 5013 τέκνα
1110 4960 1266 5015 Θεοῦ.
1295 4962 1359 5016 Et
1384 4961 1439 5015 δὲ
1464 4961 1651 5025 τέκνα,
1688 4962 1780 5014 καὶ
1810 4961 1939 5030 κλη-

365 5051 604 5122 ρονόμοι,
667 5053 996 5123 κληρονόμοι
1047 5051 1147 5120 μὲν
1189 5051 1348 5115 Θεοῦ,
1407 5053 1841 5122 συγκληρονόμοι
1883 5051 1942 5104 δὲ

360 5143 623 5215 Χριστοῦ,
652 5143 814 5215 εἴπερ
854 5143 1268 5215 συμπάσχομεν,
1317 5143 1403 5196 ἳνα
1443 5143 1536 5195 καὶ
1575 5141 1943 5206 συνδοξασθῶ-

365 5254 487 5305 μεν.
512 5254 530 5287 ι
560 5235 830 5298 Γαλάταις
857 5235 914 5288 δέ
946 5234 1276 5288 ἐπιστέλλων
1315 5232 1488 5295 οὕτως
1509 5233 1616 5303 ἔφη
1642 5250 1654 5264 ·
1690 5252 1708 5284 ι
1739 5235 1858 5286 Ὅτι
1881 5233 1938 5284 δέ

360 5330 485 5380 ἐστε
516 5327 645 5392 υἱοὶ,
673 5327 1057 5392 ἐξαπέστειλεν
1095 5329 1124 5379 6
1153 5325 1285 5388 Θεὸς
1317 5324 1380 5377 τὸ
1411 5325 1636 5394 Πνεῦμα
1670 5323 1764 5376 τοῦ
1806 5323 1937 5376 Υἱοῦ

363 5419 527 5474 αὐτοῦ
557 5421 637 5482 εἰς
675 5419 773 5483 τὰς
813 5419 1037 5492 καρδίας
1063 5419 1234 5489 ὑμῶν,
1269 5416 1468 5488 κράζον
1493 5433 1507 5447 °
1547 5415 1719 5470 ’Λεϐἄ
1760 5417 1788 5468 6
1824 5417 1937 5468 Πα-

443 5576 487 5606 “
522 5576 679 5631 Rom.
711 5593 748 5639 ι,
785 5577 896 5631 1-4.
1007 5574 1053 5607 ⁸⁷
1093 5575 1250 5628 Rom.
1290 5589 1361 5637 Ix,
1423 5574 1473 5627 5.

1588 5571 1632 5602 ⁸⁸
1660 5571 1769 5624 Tit.
1806 5586 1863 5633 ιι,
1901 5570 1986 5622 15.

2040 4877 2251 4932 nostro,
2278 4865 2423 4937 quod
2449 4880 2638 4920 sumus
2675 4861 2770 4916 ﬁlii
2793 4860 2908 4915 Dei.
2937 4859 2993 4914 Si
3017 4866 3198 4913 autem
3231 4856 3347 4922 ﬁlii,
3378 4864 3434 4909 et
3458 4855 3630 4908 luere-

2049 4961 2166 5023 des,
2184 4959 2432 5014 lneredes
2457 4955 2680 5026 quidem
2709 4952 2826 5016 Dei,
2851 4949 3164 5006 cohaeredes
3181 4956 3364 5003 autem
3385 4945 3627 5009 Christi;

2044 5052 2086 5105 si
2141 5060 2322 5105 tamen
2379 5046 2774 5117 compatimur,
2827 5052 2887 5096 ut
2932 5048 2987 5095 et
3047 5038 3547 5110 eongloriﬁeemur.
3603 5054 3622 5086 ι

2047 5143 2112 5196 Ει
2159 5141 2226 5195 ad
2261 5141 2480 5195 Galatas
2511 5137 2762 5192 scribens
2797 5134 2877 5189 sic
2911 5133 2987 5187 ait
3023 5149 3036 5185 :
3077 5151 3096 5184 ι
3129 5131 3400 5198 Quoniam
3445 5137 3626 5182 autem

2044 5232 2178 5286 estis
2232 5231 2350 5293 ﬁlii,
2389 5229 2538 5283 misit
2587 5229 2732 5282 Deus
2764 5225 3030 5296 Spiritum
3068 5223 3190 5277 Filii
3241 5223 3323 5276 sui
3362 5221 3416 5274 in
3455 5217 3621 5273 corda

2039 5330 2221 5376 vestra
2247 5319 2574 5374 clamantem
2602 5336 2614 5371 :
2652 5317 2805 5372 Abba
2837 5317 3022 5371 Pater.
3066 5313 3252 5381 Itaque
3277 5311 3386 5381 jam
3426 5323 3533 5362 non
3570 5321 3631 5362 es

2047 5412 2260 5484 1266
2303 5425 2516 5475 servus,
2559 5408 2653 5464 sed
2695 5408 2860 5463 ﬁlius.
2900 5405 3052 5472 Quod
3077 5405 3120 5458 si
3159 5403 3323 5465 ﬁlius,
3351 5409 3408 5454 et
3447 5399 3622 5452 hzeres

2099 5567 2142 5598 "
2171 5567 2372 5637 Eplues.
2403 5583 2462 5637 ι’,
2495 5567 2546 5620 5.
2658 5564 2703 5596 '°
2736 5564 2865 5618 Luc.
2901 5577 2955 5625 ιι,
2996 5559 3074 5611 ll.
3189 5556 3233 5586 "
3265 5553 3401 5608 Gen.
3471 5565 3546 5617 γι,
3571 5547 3630 5608 2.

365 5648 409 5680 ⁵¹
437 5648 606 5702 Exod.
637 5665 709 5711 Iv,
736 5636 826 5700 92.
903 5647 950 5677 ⁸³
973 5645 1132 5700 Deut.
1169 5636 1440 5707 uxn,45.
1521 5643 1564 5674 ”
1598 5641 1700 5697 lsa.
1727 5659 1762 5707 ι,
1788 5643 1840 5696 Ξ).
1922 5641 1931 5670 ¹

2035 5639 2140 5693 ‘sal.
2179 5636 2354 5701 mm,
2386 5636 2442 5691 6.

439 5804 550 5878 (22)
588 5803 862 5874 συλλέγειν
898 5801 1202 5875 μαρτυρίας
1228 5802 1507 5873 γράφοντα
1541 5801 1652 5863 τοῖς
1700 5797 1867 5868 Neap.

2091 5795 2200 5869 (23)
2242 5793 2338 5864 μέν
2373 5793 2527 5848 abest
2559 5808 2589 5846 a
2618 5789 2786 5860 Neap.
