4072 6418
336 359 476 425 1401

1650 382 2012 445 EPISTOLA
2052 386 2296 450 CXLVI.

3464 405 3604 467 1402

331 475 593 579 πρώτων.
623 496 666 579 ιὶ·
690 479 828 532 Ἀλλ’
862 481 982 535 οὐδὲ
1010 484 1041 554 ἡ
1072 485 1360 559 ὁμωνυμία
1388 490 1478 544 τὸν
1502 493 1704 564 εὐσεϐῆ
1736 495 1915 549 λωϐᾶ-

2019 512 2074 554 et
2095 503 2411 573 unigenitus
2451 507 2570 576 ejus
2609 505 2799 570 Filius,
2834 512 2889 560 et
2927 514 3151 562 sanctus
3189 509 3306 578 ejus
3334 508 3596 579 Spiritus.

329 583 448 619 ται.
478 561 570 660 iii;
599 565 706 640 γὰρ
749 571 907 640 φύσει
941 575 1073 639 Θεὸς
1103 580 1130 630 6
1169 579 1380 652 Πατὴρ,
1413 585 1509 637 καὶ
1561 588 1589 639 6
1623 561 1919 660 μονογενὴς

329 657 506 712 αὐτοῦ
559 659 710 724 Υἱὸς,
752 665 847 717 καὶ
890 667 950 718 τὸ
997 671 1264 738 πανάγιον
1316 674 1483 728 αὐτοῦ
1534 678 1794 748 Πνεῦμα’
1824 657 1918 735 καὶ

329 743 419 812 εἷς
456 749 614 818 φύσει
647 752 797 819 Υἱὸς,
837 755 930 808 τοῦ
964 758 1099 812 Θεοῦ
1137 765 1456 834 μονογενὴς,
1508 768 1536 819 6
1574 743 1920 843 ἐνανθρωπή-

333 857 441 905 σας
481 843 614 907 θεὸς
647 846 840 914 Λόγος,
879 850 909 901 ό
949 851 1152 922 Κύριος
1188 855 1346 922 ἡμῶν
1392 857 1600 928 Ἰησοῦς
1650 861 1927 931 Χριστόςο.

331 935 434 986 καὶ
468 935 526 986 ἓν
567 937 792 1008 Πνεῦμα
835 939 989 1009 ἅγιον
1015 946 1042 996 6
1081 946 1462 1018 Παρὰκλητος,
1491 950 1550 1012 ὃς
1595 951 1794 1021 πληροῖ
1820 955 1918 1025 τῆς

331 1026 570 1098 Τριάδος
602 1029 693 1083 τὸν
725 1032 980 1103 ἀριθμόν.
1031 1036 1190 1090 Οὕτω
1241 1040 1453 1093 πολλῶν
1500 1043 1917 1115 ὀνομαζομένων

331 1119 596 1190 πατέρων
639 1121 736 1176 ἕνα
789 1127 1204 1198 προσκυνοῦμεν
1234 1132 1474 1201 Πατέρα,
1523 1135 1618 1189 τὸν
1664 1137 1772 1207 πρὸ
1808 1137 1917 1191 τῶν

329 1209 552 1264 αἰώνων
586 1213 822 1284 Πατέρα,
857 1217 950 1272 τὸν
984 1220 1080 1272 καὶ
1108 1220 1313 1292 ταύτην
1342 1227 1458 1288 τοῖς
1481 1225 1794 1297 ἀνθρώποις
1814 1229 1914 1299 τὴν

330 1301 631 1373 ἐπίκλησιν
663 1305 956 1374 δεδωκότα,
987 1310 1127 1363 κατὰ
1156 1312 1256 1383 τὴν
1298 1314 1394 1367 τοῦ
1441 1317 1765 1372 Ἀποστόλου
1798 1338 1916 1389 φω-

329 1394 458 1461 νήν.
505 1414 522 1445 ι
542 1396 796 1465 Κάμπτω
828 1399 958 1471 γὰρ,
995 1404 1151 1473 φησὶ,
1178 1405 1249 1459 τὰ
1291 1406 1494 1473 γόνατά
1522 1426 1624 1479 μου
1655 1412 1793 1483 πρὸς
1826 1414 1917 1466 τὸν

330 1486 562 1557 Πατέρα
611 1487 705 1541 τοῦ
760 1492 970 1562 Κυρίου
1015 1494 1174 1564 ἡμῶν
1226 1497 1406 1565 Ἰησοῦ
1456 1500 1715 1570 Χριστοῦ,
1762 1503 1821 1569 ὲξ
1854 1496 1917 1556 οὗ

329 1574 490 1629 πᾶσα
524 1579 731 1649 πατριὰ
760 1583 818 1634 ὲν
844 1584 1060 1655 οὐρανῷ
1099 1585 1194 1639 καὶ
1223 1587 1318 1640 ἐπὶ
1350 1589 1454 1658 γῆς
1482 1590 1828 1660 ὀνομάζεται.
1855 1613 1873 1644 ι

409 1671 500 1740 Μὴ
523 1672 702 1724 τοίνυν
735 1660 814 1744 τῷ
850 1674 1047 1740 ἄλλους
1065 1675 1428 1748 ὀνομάζεσθαι
1452 1681 1744 1752 Χριστοὺς,
1778 1687 1917 1740 ἀπο-

331 1765 690 1834 στερήσωμεν
734 1766 960 1832 ἑαυτοὺς
1003 1771 1103 1840 τῆς
1139 1771 1235 1825 τοῦ
1282 1773 1487 1844 Κυρίου
1539 1775 1697 1846 ἡμῶν
1738 1778 1914 1848 Ἰησοῦ

327 1853 579 1922 Χριστοῦ
604 1860 1046 1929 προσκυνήσεως.
1089 1862 1178 1927 Ὠς
1203 1865 1312 1934 γὰρ
1343 1865 1553 1920 πολλῶν
1587 1868 1910 1940 ὠνομασμέ-

328 1962 446 1998 νων
495 1945 633 1999 θεῶν
680 1966 738 2001 τε
777 1952 870 2003 καὶ
921 1953 1196 2024 πατέρων,
1225 1950 1307 2018 εἷς
1337 1957 1484 2009 ἐστιν
1516 1960 1544 2010 6
1567 1959 1659 2010 ἐπὶ
1689 1959 1909 2013 πάντων

327 2037 471 2101 Θεὸς
505 2043 600 2092 καὶ
643 2041 750 2110 πρὸ
787 2041 1000 2098 αἰώνων
1035 2045 1245 2117 Πατήρ.
1273 2048 1382 2100 Καὶ
1403 2048 1614 2102 πολλῶν
1637 2051 1910 2121 κεκλημέυ

328 2147 444 2183 νων
476 2130 630 2195 υίῶν,
662 2129 742 2195 εἷς
764 2136 792 2186 6
824 2134 1078 2205 ἀληθινὸς
1113 2138 1209 2190 καὶ
1254 2138 1414 2208 φύσει
1446 2140 1573 2203 Υἱός
1600 2159 1613 2172 ·
1646 2143 1742 2196 καὶ
1778 2143 1912 2195 πολ-

329 2221 446 2274 λῶν
477 2225 1007 2294 προσηγορευμένων
1035 2229 1381 2298 πνευμάτων,
1422 2231 1482 2283 ἓν
1520 2233 1636 2284 ἐστι
1679 2221 1741 2286 τὸ
1779 2251 1914 2288 παν-

330 2313 492 2381 άγιον
529 2315 783 2386 Πνεῦμα·
818 2315 962 2370 οὕτω
1009 2319 1219 2373 πολλῶν
1271 2321 1583 2390 κληθέντων
1636 2326 1912 2393 Χριστῶν,

329 2409 417 2474 εἷς
449 2411 651 2483 Κύριος
701 2414 910 2481 Ἰησοῦς
953 2415 1212 2484 Χριστὸς,
1235 2417 1303 2470 δι’
1335 2409 1396 2470 οῦ
1430 2417 1499 2471 τὰ
1528 2420 1726 2472 πάντα.
1751 2420 1914 2474 Μάλα

328 2505 391 2558 δὲ
419 2504 643 2567 εἰκότως
669 2507 703 2574 ὴ
742 2506 1042 2574 Ἐκκλησία
1075 2506 1231 2560 τοῦδε
1268 2508 1560 2579 ἐξήρτηται
1599 2511 1692 2563 τοῦ
1727 2513 1916 2582 ὀνόμα-

328 2611 446 2657 τος.
484 2596 722 2648 Ἤκουσε
753 2596 862 2666 γὰρ
890 2596 985 2648 τοῦ
1016 2599 1389 2667 νυμφοστόλου
1421 2601 1633 2654 Παύλου
1659 2602 1911 2671 βοῶντοςο

339 2704 361 2736 ι
398 2685 761 2756 Ἦρμοσόιμην
808 2687 953 2756 ὑμᾶς
983 2688 1064 2740 ἐν).
1101 2687 1276 2760 ἀνδρὶ,
1319 2689 1586 2759 παρθένον
1616 2692 1786 2762 ἁγνὴν
1813 2709 1914 2744 πα-

333 2775 611 2846 ραστῆσαι
657 2776 736 2846 τῷ
787 2778 1028 2849 Χριστῷ.
1059 2797 1078 2831 ι
1128 2781 1240 2834 Καὶ
1279 2780 1468 2834 πάλινο
1544 2801 1560 2833 ι
1588 2785 1650 2836 ΟΞ
1701 2785 1912 2855 ἄνδρες,

330 2868 586 2935 ἀγαπᾶτε
621 2869 719 2931 τὰς
750 2871 1017 2938 γυναῖκας
1047 2871 1221 2941 ὑμῶν,
1243 2873 1318 2936 ὡς
1340 2874 1434 2926 καὶ
1467 2876 1495 2927 6
1516 2875 1751 2944 Χριστὸς
1778 2877 1916 2944 ἠγάο

333 2974 476 3026 πησε
509 2957 608 3028 τὴν
663 2959 1010 3028 Ἐκκλησίαν.
1043 2979 1061 3012 ι
1095 2962 1206 3014 Καὶ
1249 2958 1405 3026 αὖθις
1464 2964 1668 3017 εἰπών’
1713 2985 1730 3016 ι
1767 2966 1916 3019 Ἀντὶ

329 3045 524 3099 τούτου
553 3047 866 3118 καταλείψει
894 3049 1180 3121 ἄνθρωπος
1209 3053 1301 3106 τὸν
1319 3055 1532 3126 πατέρα
1558 3057 1652 3110 καὶ
1678 3057 1776 3130 τὴν
1809 3075 1915 3128 μη-

2019 591 2088 646 Ει
2122 608 2263 648 unus
2285 604 2480 649 natura
2505 596 2670 650 Filius
2693 595 2790 650 Dei
2817 596 3151 666 unigenitus,
3172 598 3320 653 Deus
3334 599 3596 668 Verbum,

2019 685 2115 754 qui
2142 685 2310 741 homo
2335 686 2514 742 factus
2541 698 2661 752 est,
2691 689 2956 744 Dominus
2997 697 3188 743 noster
3231 690 3392 744 Jesus
3433 691 3599 744 Chri-

2018 787 2138 832 stus
2169 795 2182 831 :
2230 787 2288 833 et
2320 796 2464 834 unus
2496 780 2732 850 Spiritus
2755 790 2978 836 sanctus
3008 781 3350 847 Paracletus,
3388 783 3482 852 qui
3506 799 3603 837 ex-

2017 869 2132 938 plet
2185 885 2477 925 numerum
2543 873 2756 943 1263
2813 874 3118 928 Trinitatis.
3163 874 3241 928 Ita
3287 876 3445 928 multi
3471 890 3596 929 cum

2019 961 2363 1030 appellentur
2411 970 2624 1031 patres,
2670 979 2842 1018 unum
2886 964 3178 1019 adoramus
3218 965 3458 1029 Patrem,
3501 966 3602 1034 qui

2019 1061 2146 1109 ante
2185 1055 2384 1110 saecula
2405 1065 2490 1110 est
2513 1055 2693 1123 Pater,
2725 1057 2819 1125 qui
2851 1064 2908 1111 et
2939 1057 3082 1112 hanc
3123 1057 3444 1112 hominibus
3495 1058 3596 1127 ap-

2018 1145 2373 1214 pellationem
2417 1147 2592 1213 dedit,
2633 1148 2776 1202 sicut
2810 1147 2945 1202 dicit
2976 1146 3304 1216 Apostolus:
3355 1167 3373 1200 ‹
3407 1149 3603 1206 Flecte

2017 1252 2195 1307 genua
2251 1253 2374 1293 mea
2417 1239 2484 1293 ad
2517 1241 2735 1295 Patrem
2762 1240 2979 1295 Domini
3012 1240 3183 1294 nostri
3207 1240 3338 1294 Jesu
3369 1239 3597 1306 Christi,

2018 1343 2086 1383 ex
2124 1344 2236 1399 quo
2269 1330 2450 1383 omnis
2485 1330 2788 1399 paternitas
2814 1330 2871 1383 in
2895 1329 3052 1385 ccelis
3076 1337 3132 1385 et
3161 1329 3217 1384 in
3249 1337 3395 1385 terra
3416 1333 3601 1384 nomi-

2019 1427 2183 1476 natur
2221 1420 2284 1472 τ’.
2316 1437 2335 1470 ι

2089 1685 2168 1739 Ne
2225 1684 2392 1755 igitur
2437 1699 2503 1739 eo
2546 1681 2703 1754 quod'
2738 1685 2832 1740 alii
2860 1685 3216 1740 nominentur
3245 1683 3468 1746 Christi,
3494 1697 3600 1738 nos

2023 1777 2168 1846 ipsos
2217 1777 2434 1830 Domini
2486 1777 2659 1830 nostri
2687 1777 2815 1832 Jesu
2861 1775 3066 1832 Christi
3094 1775 3416 1830 adoratione
3447 1773 3600 1826 frau~

2023 1870 2236 1924 demus.
2274 1868 2748 1935 Quemadmodum
2783 1869 2954 1933 enim,
2987 1884 3112 1923 cum
3142 1867 3300 1921 multi
3327 1863 3598 1919 nominati

2020 1964 2132 2017 sint
2181 1961 2259 2015 dii
2305 1968 2362 2014 et
2412 1968 2616 2030 patres,
2669 1976 2810 2014 unus
2855 1969 2938 2014 est
2966 1975 3132 2029 super
3157 1973 3351 2013 omnes
3375 1956 3520 2011 Deus
3541 1965 3599 2011 et

2020 2057 2181 2125 Pater
2202 2065 2327 2109 ante
2349 2055 2548 2109 saecula
2580 2071 2592 2108 :
2629 2062 2684 2109 et
2704 2070 2828 2108 eum
2855 2054 3013 2107 multi
3038 2052 3292 2122 appellati
3326 2051 3438 2105 sint
3478 2049 3597 2116 lilii,

2018 2163 2161 2200 unus
2199 2155 2283 2200 est
2318 2162 2483 2201 verus
2518 2154 2575 2201 et
2616 2156 2811 2200 natura
2845 2145 3016 2199 Filius
3047 2162 3060 2198 :
3093 2151 3292 2198 etcum
3316 2141 3473 2196 multi
3497 2157 3598 2195 vo-

2018 2236 2124 2290 cati
2155 2235 2266 2290 sint
2307 2235 2556 2304 spiritus,
2603 2249 2747 2288 unus
2797 2241 2881 2288 est
2930 2233 3167 2302 Spiritus
3211 2239 3474 2296 sanctus;
3521 2229 3600 2285 sic

2017 2308 2143 2382 cum
2171 2328 2328 2381 multi
2363 2326 2668 2397 nuncupati
2695 2327 2806 2381 sint
2845 2325 3071 2390 Christi,
3121 2339 3266 2378 unus
3295 2329 3380 2376 est
3417 2320 3602 2375 Domi-

2015 2435 2122 2473 nus
2148 2416 2309 2474 Jesus
2333 2420 2608 2482 Christus,
2631 2435 2730 2489 per
2751 2434 2915 2488 quem
2943 2415 3314 2496 omnia.Jure_
3327 2420 3512 2468 autem
3536 2427 3602 2467 ac
3624 2490 3629 2496 .

2017 2512 2214 2566 merito
2247 2511 2492 2564 Ecclesia
2521 2510 2651 2564 huic
2677 2508 2886 2562 nomini
2915 2507 3179 2562 adhaeret.
3203 2491 3602 2559 Audivitnam-

2016 2618 2124 2672 que
2151 2601 2585 2672 paranymphum
2610 2601 2838 2654 Paulum
2871 2600 3197 2653 clamantem
3228 2615 3241 2649 :
3279 2615 3296 2647 ι
3321 2593 3599 2663 Despondi

2016 2708 2113 2747 vos
2135 2692 2228 2745 uni
2259 2692 2380 2744 viro
2403 2690 2674 2760 virginem
2698 2697 2903 2743 castam
2934 2687 3198 2742 exhibere
3223 2683 3444 2738 Christo
3470 2683 3536 2734 ".
3572 2701 3591 2732 ι

2015 2783 2086 2852 Et
2115 2798 2336 2837 rursum
2373 2801 2385 2836 :
2423 2801 2441 2833 ι
2475 2782 2615 2845 Viri,
2644 2780 2859 2850 diligite
2886 2794 3085 2834 uxores
3110 2784 3343 2840 vestras,
3379 2775 3523 2830 sicut
3543 2784 3602 2827 et

2016 2874 2271 2929 Christus
2294 2873 2487 2927 dilexit
2517 2871 2818 2927 Ecclesiam
2844 2869 2908 2923 7".
2946 2889 2963 2920 ι
2998 2868 3066 2922 Et
3113 2882 3308 2922 rursus
3345 2881 3471 2920 cum
3510 2863 3600 2917 di—

2017 2964 2228 3019 xisset:
2276 2983 2294 3015 ι
2331 2964 2565 3032 Propter
2595 2961 2702 3016 hoc
2753 2960 3031 3029 relinquet
3070 2958 3236 3012 homo
3289 2963 3500 3025 patrem
3544 2959 3604 3006 et

2019 3064 2251 3110 matrem
2279 3071 2456 3120 suam,
2491 3062 2548 3109 et
2605 3052 2910 3108 adhaerebit
2954 3049 3109 3104 uxori
3147 3063 3280 3114 suae,
3332 3055 3388 3100 et
3440 3054 3605 3100 erunt

330 3138 466 3209 τέρα
511 3140 700 3205 αὑτοῦ,
737 3142 831 3194 καὶ
854 3143 1394 3216 προσκολληθήσεται
1422 3146 1559 3217 πρὸς
1587 3149 1686 3219 τὴν
1725 3154 1915 3218 γυναῖ-

2021 3149 2131 3202 duo
2160 3147 2217 3202 in
2237 3163 2402 3203 carne
2427 3162 2555 3209 una,
2588 3165 2606 3196 ι
2645 3143 2965 3213 subiunxit:
3005 3161 3022 3192 ‹
3059 3140 3474 3195 Sacramentum
3496 3137 3604 3192 hoc

332 3246 406 3282 κα
435 3229 623 3294 αὐτοῦ,
659 3230 753 3284 καὶ
782 3230 994 3286 ἔσονται
1025 3235 1072 3288 οἱ
1099 3234 1192 3288 δύο
1223 3236 1303 3298 είς
1337 3235 1518 3307 σάρκα
1556 3238 1687 3308 μίαν
1706 3255 1718 3268 ·
1743 3258 1761 3290 ι
1814 3243 1913 3292 ἐττη

333 3324 538 3392 ήγαγεο
581 3324 693 3376 «Τὸ
745 3326 1046 3396 μυστήριον
1099 3326 1257 3380 τοῦτο
1306 3328 1449 3398 μέγα
1497 3330 1679 3382 ἐστίν’
1717 3329 1829 3399 ἐγὼ
1857 3332 1912 3385 δὲ

332 3409 478 3480 λέγω
507 3414 586 3476 είς
617 3414 874 3484 Χριστὸν,
914 3417 1006 3468 καὶ
1038 3419 1119 3480 είς
1152 3418 1251 3488 τὴν
1283 3419 1639 3490 Ἐκκλησίαν.
1663 3441 1680 3472 ι
1718 3423 1916 3475 Ἀκου-

335 3519 426 3557 σον
461 3503 627 3556 αὐτοῦ
667 3505 952 3573 λέγοντος·
988 3525 1006 3557 ι
1028 3507 1262 3578 Χριστὸς
1292 3510 1440 3579 ἡμᾶς
1489 3511 1824 3582 ἐξηγόρασεν
1849 3515 1914 3566 ὲκ

332 3593 435 3661 τῆς
469 3593 719 3662 κατάρας
759 3595 847 3647 τοῦ
883 3597 1071 3667 νόμου,
1096 3599 1391 3668 γενόμενος
1433 3600 1574 3671 ὑπὲρ
1599 3601 1758 3672 ἡμῶν
1783 3620 1914 3656 κατ-

333 3687 462 3754 άρα.
493 3704 511 3735 ι
551 3688 658 3738 Καὶ
690 3687 917 3756 ἑτέρωθι
941 3703 954 3716 ·
997 3707 1013 3740 ι
1040 3689 1111 3741 Ἢ
1139 3691 1403 3757 ἀγνοεῖτε,
1422 3692 1506 3746 ὅτι
1535 3695 1648 3746 ὅσοι
1671 3696 1750 3757 εἰς
1774 3696 1912 3766 Χρι-

336 3776 460 3828 στὸν
485 3775 871 3848 ἐϐαπτίσθητε,
901 3780 980 3843 είς
1009 3780 1098 3836 τὸν
1129 3781 1357 3836 θάνατον
1388 3783 1552 3837 αὐτοῦ
1583 3785 1914 3858 ἐϐαπτίσθη-

334 3885 425 3935 τε;
457 3887 476 3920 ι
512 3870 622 3922 Καὶ
654 3870 922 3941 ἀλλαχοῦ·
965 3893 982 3924 ι
1009 3874 1165 3927 Ὅσοι
1195 3878 1274 3939 εἰς
1312 3877 1546 3948 Χριστὸν
1578 3879 1913 3951 ἐϐαπτίσθη-

332 3975 414 4025 τε,
445 3960 678 4030 Χριστὸν
703 3962 1045 4018 ἐνεδύσασθε.
1083 3985 1102 4018 ι
1137 3968 1248 4021 Καὶ
1294 3969 1455 4022 πάλιν
1479 3985 1493 3999 ⁸
1532 3987 1554 4022 ι
1589 3971 1913 4025 Ἐνδύσασθε

332 4052 424 4104 τὸν
466 4054 672 4124 Κύριον
715 4055 922 4124 Ἰησοῦν
965 4059 1221 4128 Χριστὸν,
1264 4061 1359 4114 καὶ
1398 4061 1500 4132 τῆς
1549 4063 1752 4135 σαρκὸς
1785 4066 1915 4136 πρό-

334 4159 482 4198 νοιαν
505 4147 586 4218 ’μὴ
614 4148 852 4200 ποιεῖσθε
883 4151 964 4211 είς
989 4151 1310 4221 ἐπιθυμίας.
1339 4172 1358 4205 ι

404 4235 591 4290 Ταῦτα
618 4239 714 4291 καὶ
741 4237 952 4302 τούτοις
985 4241 1289 4312 προσόμοια
1317 4243 1698 4315 μεμαθηκότες
1722 4247 1770 4297 οἱ
1807 4247 1915 4300 τῶν

334 4327 495 4382 θείων
544 4328 764 4400 δωρεῶν
811 4333 1195 4403 τετυχηκότες,
1250 4334 1414 4404 ἔρωτι
1466 4337 1560 4390 τοῦ
1618 4338 1912 4407 φιλοδώρου

333 4419 630 4482 Δεσπότου,
673 4420 766 4474 καὶ
793 4423 890 4492 τὴν
937 4424 1264 4494 τριπόθητον
1314 4426 1480 4478 αὑτοῦ
1539 4429 1914 4500 προσηγορίαν

2023 3256 2279 3311 magnum
2310 3249 2432 3294 est:
2483 3254 2584 3308 ego
2628 3246 2810 3290 autem
2843 3235 2968 3289 dico
3011 3233 3068 3287 in
3109 3231 3389 3286 Christum
3441 3240 3499 3284 ct
3546 3230 3604 3284 in

2021 3331 2324 3387 Ecclesiam
2379 3331 2443 3383 ⁷³.
2483 3347 2502 3380 ι
2549 3327 2692 3381 Audi
2721 3327 2899 3395 ipsum
2927 3324 3205 3378 dicentem
3240 3339 3254 3374 :
3298 3339 3316 3371 ι
3347 3319 3604 3375 Christus

2022 3438 2124 3477 nos
2179 3421 2414 3476 redemit
2467 3420 2536 3474 de
2582 3418 2876 3472 maledicto
2931 3416 3068 3486 legis
3099 3414 3275 3470 factus
3311 3429 3410 3482 pro
3443 3412 3604 3466 nobis

2023 3512 2376 3567 maledictum
2432 3511 2494 3563 ⁷⁸.
2530 3531 2548 3560 ι
2605 3509 2673 3563 Ει
2719 3507 2848 3562 alibi
2887 3525 2898 3559 :
2945 3525 2963 3557 ι
2996 3507 3079 3560 An
3125 3504 3408 3576 ignoratis,
3455 3502 3603 3570 quod

2021 3605 2338 3675 quicunque
2377 3602 2640 3673 haptizati
2696 3599 2830 3656 estis
2888 3598 2966 3664 ⁷⁷,
3024 3597 3080 3650 ἱιι
3143 3606 3376 3650 mortem
3431 3593 3606 3662 ipsius

2022 3699 2284 3768 baptizati
2333 3697 2504 3753 estis?
2535 3718 2552 3748 ι
2599 3696 2667 3749 Ει
2695 3693 2866 3748 alibi:
2918 3711 2936 3743 ι
2973 3690 3300 3758 Quicunque
3339 3687 3397 3741 in
3438 3685 3603 3742 Chri-

2024 3800 2168 3846 stum
2196 3789 2410 3860 1269
2434 3786 2692 3856 haptizati
2715 3785 2869 3850 estis,
2900 3783 3180 3839 Christum
3208 3778 3465 3834 induistis
3485 3778 3547 3830 ⁷⁸.
3577 3797 3598 3829 ι

2023 3884 2094 3939 Et
2138 3884 2382 3938 iterum:
2447 3878 2792 3934 «Induimini
2851 3877 3144 3931 Dominum
3201 3872 3388 3928 Jesum
3443 3869 3606 3924 Chri-~

2023 3984 2190 4040 stum,
2212 3981 2268 4029 et
2289 3973 2472 4029 carnis
2499 3986 2686 4026 curam
2710 3985 2780 4026 ne
2810 3966 3055 4024 feceritis
3075 3966 3132 4020 in
3161 3960 3454 4019 desideriis
3481 3959 3550 4013 7’.
3581 3977 3600 4011 ι

2093 4249 2219 4306 Haec
2273 4259 2330 4305 et
2376 4251 2463 4304 his
2513 4249 2716 4305 similia
2773 4247 2954 4302 edocti
3009 4245 3102 4316 qui
3142 4243 3327 4298 divina
3375 4257 3606 4296 munera

2023 4338 2305 4395 consecuti
2337 4347 2486 4402 sunt,
2514 4336 2759 4391 munifici
2795 4335 3014 4389 Domini
3064 4349 3272 4397 amore,
3320 4331 3604 4385 desidera-

2023 4433 2346 4488 hilissimam
2391 4445 2615 4500 quoque
2653 4428 2800 4482 illius
2835 4425 3259 4496 appellationem
3292 4423 3350 4477 in
3373 4437 3469 4476 ore
3494 4421 3606 4476 cir-

333 4510 494 4581 ἐντῷ
529 4512 757 4581 στόματι
806 4515 1184 4586 περιφέρουσι,
1224 4517 1317 4576 καὶ
1364 4517 1434 4571 τὰ
1486 4519 1580 4572 τοῦ
1639 4519 1915 4591 νᾼσματος

2023 4523 2356 4587 cumferunt,
2415 4529 2471 4576 et
2525 4520 2614 4574 illa
2647 4519 2859 4574 Cantici
2893 4517 3236 4572 canticorum
3261 4515 3559 4569 inclamant
3589 4531 3603 4566 :

331 4601 441 4654 τῶν
471 4603 731 4674 ᾀσμάτων
777 4603 1003 4675 βοῶσιν·
1047 4625 1065 4659 ι
1098 4607 1443 4677 Ἀδελςριδοῦς
1497 4629 1599 4681 μου
1633 4613 1778 4684 ἐμοὶ,
1817 4615 1918 4667 κά-

333 4692 416 4760 γὼ
469 4695 646 4765 αὐτῷ’
699 4696 757 4747 ἐν
784 4690 859 4767 τῇ
882 4699 1014 4770 σκιᾷ
1045 4700 1210 4753 αὐτοῦ
1242 4701 1584 4773 ἐπεθύμησα,
1624 4707 1720 4759 καὶ
1758 4707 1918 4760 ἐκάθ-

336 4804 459 4850 ισα,
498 4788 591 4841 καὶ
627 4789 654 4839 6
681 4789 894 4858 καρπὸς
935 4791 1099 4843 αὐτοῦ
1142 4792 1348 4860 γλυκὺς
1382 4796 1440 4847 ὲν
1471 4795 1708 4865 λάρυγγί
1742 4815 1862 4867 μου.
1894 4817 1912 4850 ι

334 4879 477 4946 Πρὸς
506 4878 562 4930 δὲ
585 4879 817 4943 τούτοις,
855 4881 948 4933 καὶ
973 4881 1073 4952 τὴν
1102 4884 1409 4954 ἐπέραστον
1440 4890 1819 4961 προσηγορίαν
1853 4891 1913 4962 ἢν

333 4970 530 5041 ἔχομεν
570 4974 634 5024 ἐκ
674 4975 769 5041 τῆς
812 4974 905 5026 τοῦ
939 4974 1180 5044 Χριστοῦ
1211 4979 1583 5050 προσηγορίας
1622 4981 1914 5051 ἐλάϐομεν.

329 5061 652 5132 Χριστιανοὶ
685 5063 792 5134 γὰρ
822 5064 1224 5134 ὀνομαζόμεθα.
1271 5070 1406 5140 Περὶ
1437 5071 1628 5124 τούτου
1674 5074 1766 5126 τοῦ
1800 5075 1918 5128 ὀνό-

335 5169 508 5222 ματος
534 5156 929 5225 ’προαγορεύων
971 5157 998 5208 ὁ
1023 5157 1131 5209 τῶν
1161 5157 1300 5211 ὅλων
1332 5161 1434 5230 ἔφη
1469 5162 1631 5226 Θεός-
1665 5182 1684 5214 ι
1710 5165 1834 5228 Τοῖς
1861 5166 1916 5218 δὲ

330 5243 640 5297 δουλεύουσί
673 5263 759 5316 μοι
788 5247 1119 5318 κληθήσεται
1141 5247 1312 5319 ὄνομα
1338 5251 1543 5315 καινὸν,
1563 5252 1591 5306 ὃ
1619 5253 1916 5328 εὐλογηθή-

333 5351 490 5388 σεται
521 5337 614 5389 ἐπὶ
651 5338 752 5408 τῆς
783 5340 906 5407 γῆς.
933 5360 951 5390 ι
987 5340 1190 5394 Τούτου
1242 5342 1305 5412 δὴ
1359 5343 1518 5415 χάριν
1548 5345 1912 5418 διαφερόντως

330 5427 364 5494 ή
412 5426 706 5499 Ἐκκλησία
733 5431 895 5501 τῆσδε
925 5433 1023 5502 τῆς
1043 5435 1414 5505 προσηγορίας
1443 5435 1759 5508 ἐξήρτηται.
1787 5441 1914 5494 Ὅτε

332 5518 441 5588 γὰρ
486 5521 905 5594 ὲνηνθρὼπησεν
937 5526 964 5576 6
1011 5526 1305 5598 μονογενὴς
1322 5528 1416 5581 τοῦ
1444 5529 1580 5582 Θεοῦ
1612 5533 1764 5595 Υἱὸς,
1791 5516 1911 5587 τότε

331 5612 569 5682 Χριστὸς
595 5615 912 5686 ὠνομάσθη,
950 5618 1071 5670 τότε
1098 5618 1204 5672 τῶν
1234 5620 1537 5692 ἀνθρώπων
1570 5626 1602 5694 ή
1628 5627 1790 5692 φύσις
1821 5626 1911 5678 τοῦ

403 5728 450 5807 [ξ
480 5729 678 5807 Ephes.
715 5747 797 5807 ιιιἐ
837 5734 934 5807 lxi.
974 5735 1043 5807 _"’
1067 5735 1112 5788 ll
1135 5734 1261 5790 Cor.
1293 5738 1446 5807 $1.2.
1520 5740 1565 5769 ⁷⁸
1600 5738 1800 5807 Ephes.
1829 5759 1882 5804 v,
1913 5741 2002 5794 ‘23.

2024 4637 2041 4667 ‹
2073 4615 2453 4672 Consobrinus
2504 4628 2661 4667 meus
2699 4611 2858 4675 mihi,
2906 4617 2964 4664 et
3006 4624 3112 4679 egq
3155 4607 3234 4662 illi
3267 4625 3280 4660 :
3318 4607 3377 4660 in
3409 4605 3606 4660 umbra

2014 4709 2137 4779 ejus
2177 4703 2512 4769 desideravi,
2574 4711 2631 4758 et
2685 4701 2827 4766 sedi,
2880 4708 2938 4755 et
2989 4699 3206 4754 fructus
3253 4699 3375 4769 ejus
3428 4695 3609 4750 dulcis

2017 4799 2225 4870 gutturi
2280 4814 2404 4853 meo
2461 4797 2530 4849 ⁸ο.
2569 4814 2587 4848 ι
2647 4795 2876 4850 Accedit
2917 4791 3064 4862 quod
3115 4790 3350 4846 amabile
3379 4802 3605 4851 nomen,

2018 4893 2165 4964 quod
2192 4892 2454 4964 gerimus,
2478 4904 2546 4969 ex
2567 4888 2774 4944 Christi
2808 4887 3028 4941 nomine
3061 4882 3418 4953 sumpsimus.
3442 4879 3606 4934 Chri-

2016 4987 2180 5040 stiani
2205 4985 2355 5039 enim
2375 4997 2784 5052 nuncupamur.
2818 4981 2893 5034 De
2921 4979 3025 5032 hoc
3054 4977 3279 5032 nomine
3299 4973 3609 5028 vaticinans

2019 5078 2403 5132 universorum
2449 5075 2594 5128 Deus
2639 5071 2777 5127 dixit
2809 5088 2822 5123 ε
2873 5089 2890 5121 ι
2920 5067 3306 5123 Servientibus
3339 5063 3476 5119 mihi
3513 5077 3608 5116 νο·-

2017 5170 2233 5225 cabitur
2250 5183 2452 5222 nomen
2470 5180 2694 5227 novum,
2713 5163 2858 5232 quod
2880 5161 3244 5217 benedicetur
3260 5159 3318 5213 in
3341 5166 3486 5212 terra
3500 5156 3564 5208 ⁸⁸.
3579 5173 3598 5205 ι

2017 5263 2100 5318 Ob
2144 5263 2288 5316 hanc
2333 5274 2554 5315 causam
2588 5255 2834 5311 Ecclesia
2860 5254 2992 5308 huic
3021 5252 3367 5326 potissimum
3395 5246 3602 5300 numini

2022 5353 2286 5407 adhaeret.
2337 5351 2475 5405 Nam
2524 5346 2744 5418 quando
2790 5345 3106 5401 incarnatus
3156 5349 3241 5397 est
3281 5338 3452 5392 Filius
3481 5335 3600 5399 Dei,

2025 5452 2155 5498 tunc
2186 5441 2439 5497 Christus
2476 5437 2786 5507 appellatus
2821 5441 2944 5488 est:
2993 5442 3122 5486 tunc
3163 5425 3446 5482 hominum
3501 5437 3605 5475 na-

2025 5543 2144 5589 tura
2168 5524 2552 5587 intellectualis
2581 5526 2805 5582 luminis
2835 5523 3018 5578 radios
3040 5518 3320 5587 suscepit:
3351 5525 3480 5569 tunc
3505 5528 3602 5566 ve-

2025 5625 2204 5679 ritatis
2234 5637 2514 5692 praecones
2535 5620 2726 5675 orbem
2753 5626 2912 5671 terra:
2939 5614 3303 5667 illustrarunt.
3344 5604 3603 5661 Ecclesia:

2083 5741 2128 5770 ⁷⁵
2169 5740 2303 5793 ibid.
2337 5739 2426 5796 3|.
2457 5738 2546 5792 3‘2.
2624 5739 2668 5768 ⁷⁵
2697 5736 2872 5791 Calat.
2902 5747 2979 5797 In,
3011 5730 3098 5784 l3.
3177 5729 3223 5760 ⁷⁷
3255 5727 3410 5780 llom.
3445 5739 3518 5790 γι,
3542 5721 3598 5776 2.

333 5796 379 5830 ’³
411 5796 585 5853 Galat.
619 5801 816 5868 "1,37.
895 5805 938 5834 7"
973 5803 1132 5858 Rom.
1170 5823 1283 5874 xm,
1317 5796 1401 5861 14.
1481 5809 1524 5839 ⁸⁸
1559 5796 1715 5864 Cant.
1745 5827 1802 5878 ιι,
1838 5796 1890 5865 δ’.

2044 5812 2146 5864 lsa.
2187 5825 2308 5874 va,
2350 5811 2431 5862 16.
