4072 6432
383 379 524 447 1403

1391 384 1876 445 THEODORETI
1918 386 2258 448 EPISCOPI
2298 386 2662 447 CYRENSIS

3518 383 3658 451 1405

381 507 512 546 sane
539 491 787 562 magistri
814 490 1093 561 Unigeniti
1119 504 1335 561 semper
1362 492 1376 510 ⁴
1403 491 1725 548 nominibus
1751 492 1968 549 indiil‘e-

2079 495 2268 567 νοεροῦ
2297 495 2474 566 φωτὸς
2499 495 2596 557 τὰς
2625 495 2848 559 ἀκτῖνας
2874 493 3112 557 ἐδέξατο,
3129 494 3248 548 τότε
3278 494 3379 566 τῆς
3399 495 3655 567 ἀληθείας

379 593 568 638 renter
607 584 692 638 usi
726 593 872 638 sunt.
909 583 1191 638 interdum
1214 584 1360 637 enim
1387 584 1698 654 gloriﬁcant
1723 585 1963 650 Patrem,

378 680 436 726 et
470 671 691 737 Filium,
731 682 786 726 et
837 672 1100 743 Spiritum
1151 682 1453 745 sanctum:
1505 674 1782 729 interdum
1833 689 1972 728 vero

381 760 599 815 Patrem
646 778 769 816 cum
828 762 1048 817 Christo
1085 769 1143 818 et
1191 772 1380 818 sancto
1429 764 1673 834 Spiritu;
1703 773 1965 819 ueterum

379 851 527 918 quod
563 850 631 905 ad
659 867 880 906 sensum
912 853 1129 920 attinet,
1161 855 1313 908 nulla
1347 861 1432 910 est
1475 855 1619 909 inter
1667 865 1965 924 utrumque

380 941 711 997 diil’erentia.
773 945 1072 1014 Propterea
1135 961 1263 1000 cum
1321 946 1588 1002 Dominus
1639 945 1970 1016 praeceperit

378 1031 659 1102 baptizare
702 1035 756 1089 in
787 1051 990 1090 nomen
1024 1038 1204 1091 Patris
1231 1047 1288 1092 et
1318 1038 1440 1092 Filii
1475 1047 1532 1092 et
1560 1038 1799 1107 Spiritus
1840 1053 1970 1092 san-

378 1124 474 1189 eti,
494 1125 849 1183 beatissimus
879 1129 1076 1185 Petrus
1117 1131 1186 1185 ab
1246 1131 1313 1186 iis
1366 1131 1461 1200 qui
1515 1130 1963 1200 praedicationem

379 1227 738 1285 susceperant
795 1219 1165 1290 interrogatus
1221 1220 1355 1290 quid
1411 1219 1593 1275 facere
1645 1229 1959 1289 oporteret,

389 1324 406 1356 ‹
441 1306 691 1374 Credite,
738 1309 939 1379 inquit,
985 1319 1040 1365 et
1085 1311 1395 1380 baptizctur
1441 1311 1821 1379 unusquisque
1864 1324 1962 1362 ve—

381 1410 555 1455 strum
581 1401 638 1455 in
677 1402 892 1471 1270
918 1418 1118 1456 nomen
1150 1401 1366 1455 Domini
1413 1401 1588 1455 nostri
1623 1401 1754 1456 Jesu
1804 1401 1966 1456 Chri-

380 1491 450 1544 sti
476 1493 554 1555 ⁸²;
588 1511 605 1542 ι
641 1493 794 1561 quasi
835 1507 1036 1546 nomen
1074 1493 1179 1547 hoc
1207 1491 1317 1544 vim
1343 1506 1561 1546 omnem
1597 1490 1768 1545 divini
1807 1507 1962 1545 man-

382 1581 495 1634 dati
523 1582 852 1635 contineret.
903 1580 1058 1647 Quod
1108 1582 1331 1652 quidem
1385 1589 1576 1651 aperte
1624 1597 1727 1636 nos
1773 1581 1962 1635 docuit

381 1671 738 1740 Cappadociae
761 1672 847 1726 vel
883 1673 1036 1727 orbis
1075 1673 1260 1743 potius
1308 1672 1553 1727 universi
1602 1673 1811 1736 lumen,
1843 1687 1961 1726 ma-

381 1777 526 1830 gnus
549 1762 801 1817 Basilius.
845 1763 936 1818 Sic
961 1763 1109 1819 enim
1135 1765 1211 1818 ait
1242 1783 1254 1817 :
1294 1783 1311 1814 c
1341 1764 1548 1819 Christi
1575 1764 1723 1817 enim
1771 1763 1962 1833 appelo

2073 588 2122 640 οί
2158 589 2397 658 κήρυκες
2425 585 2526 656 τὴν
2559 585 2885 656 οἰκουμένην
2929 585 3308 656 κατηύγασαν.
3355 588 3419 640 Οἱ
3473 587 3658 657 μέντοι

2073 677 2174 748 τῆς
2215 677 2542 747 Ἐκκλησίας
2579 677 2891 731 διδάσκαλοι
2949 677 3260 748 ἀδιαφόρως
3299 679 3386 732 ἀεὶ
3414 682 3532 742 ταῖς
3561 678 3658 732 τοῦ

2077 767 2424 836 Μονογενοῦς
2465 768 2861 840 προσηγορίαις
2893 769 3216 840 ἐχρήσαντο.
3244 770 3380 822 Ποτὲ
3419 770 3518 839 μὲν
3548 769 3659 840 γὰρ

2072 859 2352 923 δοξάζουσι
2396 860 2490 913 τὸν
2542 861 2787 932 Πατέρα,
2821 861 2917 914 καὶ
2953 861 3046 914 τὸν
3073 861 3224 922 Υίὸν.
3257 863 3353 916 καὶ
3391 862 3452 914 τὺ
3501 861 3658 930 ἅγιον

2074 947 2330 1018 Πνεῦμα·
2358 950 2488 1002 ποτὲ
2513 949 2570 1002 δὲ
2609 949 2701 1003 τὸν
2731 950 2952 1021 Πατέρα
2983 951 3080 1003 σὺν
3107 951 3186 1020 τῷ
3215 951 3436 1022 Χριστῷ
3459 953 3553 1005 καὶ
3577 951 3658 1022 τῷ

2076 1040 2218 1109 ἁγίῳ
2279 1039 2582 1110 Πνεύματι.
2641 1039 2783 1093 Ἀλλ’
2829 1041 2978 1112 ὅμως
3033 1041 3289 1112 οὐδεμίαν
3350 1043 3463 1113 ἔχει
3516 1044 3659 1099 κατὰ

2071 1131 2312 1184 διάνοιαν
2354 1130 2513 1185 τοῦτο
2561 1131 2700 1203 πρὸς
2731 1132 2910 1187 ἐκεῖνο
2941 1133 3225 1204 διαφοράν.
3257 1135 3355 1189 Διά
3381 1152 3463 1188 τοι
3497 1135 3659 1190 τοῦτο

2071 1222 2166 1275 τοῦ
2220 1223 2424 1294 Κυρίου
2471 1224 2905 1294 προστεταχότος
2960 1223 3246 1294 βαπτίζειν
3273 1227 3354 1289 είς
3378 1227 3441 1279 τὸ
3484 1227 3656 1297 ὄνομα

2069 1313 2164 1366 τοῦ
2199 1314 2432 1384 Πατρδς,
2463 1316 2558 1368 καὶ
2593 1315 2689 1368 τοῦ
2737 1314 2898 1381 Υίοῦ,
2937 1315 3034 1368 καὶ
3065 1315 3158 1368 τοῦ
3209 1315 3365 1383 ἁγίου
3397 1316 3656 1386 Πνεύμα-

2069 1421 2182 1470 τος,
2211 1406 2239 1457 6
2267 1406 2674 1476 τρισμακάριος
2707 1405 2916 1477 Πέτρος
2950 1407 3064 1469 τοῖς
3081 1405 3145 1459 τὸ
3167 1407 3436 1478 κήρυγμα
3470 1408 3657 1477 δεδεγο

2075 1494 2276 1563 μένοις,
2297 1495 2578 1566 ἐρομένοις
2597 1496 2648 1550 τί
2673 1497 2781 1567 χρὴ
2807 1497 3031 1566 ποιῆσαι
3055 1513 3068 1529 ⁸
3097 1515 3116 1549 ι
3136 1498 3495 1563 Πιστεύσατε,
3523 1499 3672 1571 ἔφην

2073 1584 2168 1637 καὶ
2195 1583 2553 1655 βαπτισθήτω
2577 1586 2810 1650 Exacto;
2840 1587 2996 1657 ὑμῶν
3025 1589 3105 1651 εἰς
3138 1588 3199 1641 τὸ
3219 1588 3392 1657 ὄνομα
3421 1589 3514 1642 τοῦ
3535 1591 3655 1643 Κυ-

2073 1673 2189 1742 ρίου
2226 1673 2383 1744 ἠμῶν
2406 1674 2580 1745 Ἰησοῦ
2608 1677 2846 1746 Χριστοῦ
2870 1693 2885 1707 ο
2915 1695 2933 1727 ι
2975 1676 3052 1739 ὼς
3087 1679 3316 1748 ταυτησὶ
3350 1679 3450 1749 τῆς
3475 1695 3650 1751 προσ-

2068 1763 2298 1834 ηγορίας
2347 1765 2529 1817 πᾶσαν
2580 1764 2812 1836 ἐχούσης
2837 1764 2934 1818 τοῦ
2979 1764 3125 1818 θείου
3155 1766 3512 1837 κηρύγματος
3551 1767 3655 1839 τὴν

380 1852 514 1907 latio
567 1853 736 1908 totius
777 1863 863 1908 est
909 1855 1198 1910 confessio.
1241 1875 1258 1906 ι
1311 1855 1522 1910 [ndicat
1565 1855 1711 1910 enim
1745 1855 1964 1908 Patrem

2074 1855 2318 1925 δύναμιν.
2353 1855 2466 1907 Καὶ
2496 1855 2658 1908 τοῦτο
2695 1855 2882 1924 σαφῶς
2917 1857 3067 1926 ἡμᾶς
3117 1855 3364 1920 ἐδίδαξεν-
3399 1859 3428 1910 6
3478 1857 3657 1927 μέγας

381 1943 482 2010 qui
533 1945 708 2010 unxit,
763 1945 958 2000 Filium
1002 1947 1095 2015 qui
1133 1953 1332 2000 unctus
1380 1953 1486 2011 est,
1537 1945 1804 2016 Spiritum
1832 1961 1961 2001 san-

381 2043 530 2090 ctum
568 2052 686 2105 quo.
713 2047 914 2092 unctus
951 2045 1054 2092 est.
1099 2039 1165 2093 Et
1199 2038 1294 2107 qui
1325 2038 1471 2108 apud
1498 2038 1732 2093 Nicaeam
1767 2053 1967 2093 conve-

379 2142 511 2182 nere
565 2128 868 2183 beatissimi
912 2130 1122 2194 Patres,
1167 2145 1293 2184 cum
1334 2129 1602 2184 dixissent
1627 2129 1966 2185 credendum

385 2233 506 2273 esse
536 2219 592 2272 in
614 2235 791 2273 unum.
811 2221 983 2274 Deum
1004 2221 1240 2286 Patrem,
1289 2220 1655 2276 subdiderunt
1685 2237 1698 2274 :
1758 2238 1776 2272 ι
1807 2220 1877 2274 Ει
1909 2219 1963 2273 in

383 2322 553 2360 unum
593 2307 887 2362 Dominum
936 2316 1190 2364 nostrum
1228 2309 1415 2364 Jesum
1451 2309 1733 2365 Christum
1767 2309 1966 2363 Filium

380 2398 479 2452 Dei
535 2398 910 2468 unigenitum,
947 2420 964 2452 ι
1021 2401 1283 2456 docentes
1338 2401 1630 2456 Dominum
1684 2400 1963 2456 Christum

381 2482 561 2552 ipsum
597 2500 716 2540 esse
741 2487 1084 2557 unigenitum
1121 2488 1213 2542 Dei
1246 2489 1468 2544 Filium.
1848 2482 1866 2502 ’

2071 1945 2370 2009 Βασίλειος,
2391 1947 2418 1997 6
2440 1945 2542 2014 τῆς
2572 1945 2992 2011 Καππαδοκῶν,
3031 1946 3230 2017 μᾶλλον
3258 1947 3314 2000 δὲ
3345 1949 3444 2017 τῆς
3469 1949 3654 2001 οἰκου-

2075 2039 2242 2108 μένης
2278 2039 2538 2109 φωστήρ·
2583 2037 2687 2109 ἔφη
2730 2037 2788 2091 δὲ
2841 2037 3056 2102 οὔτως-ν
3093 2058 3112 2090 ι
3145 2039 3208 2092 Ἦ
3247 2039 3356 2110 γὰρ
3389 2039 3485 2093 τοῦ
3517 2040 3656 2110 Χρι-

2071 2126 2166 2178 τοῦ
2203 2127 2543 2198 προσηγορία
2576 2126 2671 2180 τοῦ
2712 2127 2916 2192 παντός
2959 2129 3107 2182 ἐστιν
3131 2127 3411 2200 ὁμολογία.
3435 2149 3452 2182 ι
3490 2129 3662 2200 Δηλοῑ

2072 2218 2182 2288 γὰρ
2207 2217 2297 2270 τὸν
2323 2218 2545 2289 Πατέρα
2577 2218 2978 2288 τδνχρίσαντα,
2999 2220 3090 2273 τὸν
3117 2220 3244 2273 Υίδν
3272 2222 3363 2273 τὸν
3397 2220 3653 2291 χρισθέν-

2073 2326 2161 2374 τα,
2189 2309 2248 2361 τὸ
2283 2307 2508 2378 Πνεῦμα
2531 2309 2592 2362 τὸ
2612 2309 2766 2377 ἆγιον
2793 2305 2837 2376 ᾧ
2861 2310 3112 2381 ὲχρίσθη.
3155 2312 3265 2364 Kal.
3284 2313 3332 2364 οἱ
3356 2311 3414 2365 ἐν
3447 2311 3656 2383 Νικαίᾳ

2073 2399 2129 2452 δὲ
2179 2399 2600 2471 συνεληλυθότες
2637 2402 3032 2474 τρισμακάριοι
3078 2404 3340 2474 Πατέρες,
3402 2402 3657 2467 εἰπόντες

2074 2491 2274 2560 χρῆναι
2308 2490 2591 2543 πιστεύειν
2634 2494 2712 2554 είς
2750 2492 2848 2546 ἕνα
2880 2492 3011 2545 Θεὸν
3056 2492 3295 2558 Πατέρα,
3339 2494 3663 2564 ἐπήγαγονοι

387 2579 534 2632 «Καὶ
568 2581 648 2644 εἰς
686 2582 781 2635 ἕνα
817 2585 1020 2654 Κύριον
1053 2585 1261 2654 Ἰησοῦν
1296 2585 1552 2655 Χριστὸν,
1583 2585 1672 2638 τὸν
1703 2585 1830 2639 Υίὸν
1892 2583 1986 2638 τοῦ
2023 2584 2158 2638 Θεοῦ
2197 2585 2290 2638 τὸν
2332 2587 2626 2657 μονογενῆ⁸
2657 2605 2675 2638 ι
2719 2586 3060 2650 διδάσκοντες
3126 2585 3201 2650 ὡς
3232 2588 3260 2639 6
3310 2584 3512 2659 Κύριος
3550 2587 3659 2655 ’1η-

379 2674 506 2738 σοῦς
535 2675 791 2746 Χριστὸς,
825 2678 986 2742 αὐτός
1003 2682 1150 2734 ἐστιν
1171 2681 1199 2733 6
1230 2681 1526 2752 μονογενὴς
1558 2681 1687 2744 Υἱὸς
1702 2679 1796 2733 τοῦ
1817 2679 1978 2735 Θεοῦ.

449 2798 554 2854 Sed
589 2809 647 2855 et
691 2802 796 2856 hoc
845 2811 1110 2872 praeterea
1147 2805 1530 2875 superioribhs
1560 2804 1956 2875 adjiciendum,
2015 2845 2020 2850 η

379 2891 490 2945 dici
545 2908 657 2946 non
723 2903 1001 2963 oportere,
1062 2895 1342 2951 Christum
1402 2905 1527 2965 post
1584 2895 1961 2950 ascensionem

379 2981 660 3037 Christum
689 2999 798 3038 non
832 3000 974 3050 esse,
1004 2986 1099 3040 sed
1123 2987 1323 3041 Filium
1355 2987 1720 3056 unigenitum.
1747 2987 1965 3042 Etenim

379 3082 505 3144 post
525 3075 902 3130 ascensionem
954 3092 1085 3131 sane
1117 3077 1300 3132 divina
1329 3078 1622 3149 Evangelia
1661 3077 1971 3147 conscripta

381 3174 531 3229 sunt,
553 3175 609 3220 et
624 3165 856 3221 Actuum
878 3167 1131 3234 historia,
1154 3178 1209 3223 et
1227 3169 1400 3239 ipsius
1424 3169 1668 3239 Apostoli
1689 3169 1965 3238 Epistolae.

382 3256 513 3312 Post
534 3257 908 3312 ascensionem
932 3261 1129 3314 clamat
1148 3260 1368 3315 divinus
1389 3261 1617 3316 Paulus:
1654 3281 1671 3312 ‹
1694 3260 1966 3314 Habentes

383 3349 700 3418 pontificem
737 3365 994 3420 magnum
1028 3352 1122 3421 qui
1172 3352 1483 3422 penetravit
1541 3352 1730 3416 caelos,
1778 3352 1965 3406 .lesum

383 3438 662 3494 Christum
691 3441 988 3495 Dominum
1012 3450 1286 3507 nostrum,
1333 3450 1621 3497 teneamus
1661 3441 1967 3497 confessio-

383 3545 511 3584 nem
552 3531 620 3585 ⁸³.
658 3549 676 3583 ι
729 3531 798 3585 Ει
841 3533 1040 3587 iterum
1079 3551 1091 3586 :
1152 3552 1170 3584 ‹
1207 3533 1326 3587 Non
1375 3534 1523 3588 enim
1574 3533 1627 3586 in
1656 3533 1964 3588 manufacta

385 3627 581 3674 sancta
603 3619 858 3676 Christus
884 3621 1157 3686 introivit,
1193 3621 1527 3691 exemplaria
1560 3636 1841 3686 verorum,
1871 3621 1974 3676 sed”

387 3711 443 3764 in
479 3711 657 3781 ipsum
689 3713 911 3777 caelum,
959 3721 1021 3767 ut
1068 3723 1330 3784 appareat
1374 3730 1524 3769 nunc
1562 3714 1619 3767 in
1669 3723 1968 3784 conspectu

389 3802 485 3856 Dei
528 3819 627 3872 pro
667 3804 828 3858 nobis
861 3803 940 3871 8’*;
985 3825 1003 3856 ι
1047 3813 1103 3860 et
1129 3822 1318 3860 rursus
1341 3822 1466 3860 cum
1496 3805 1564 3860 de
1593 3821 1687 3875 spe
1717 3806 1772 3859 in
1798 3807 1969 3859 Deum

388 3894 571 3963 aliqua
631 3895 878 3959 dixisset,
937 3897 1180 3968 adjecit:
1214 3917 1232 3948 ι
1271 3897 1444 3964 Quam
1501 3899 1643 3951 sicut
1673 3897 1969 3951 anchoram

391 3987 660 4042 habemus
691 3996 861 4042 tutam
893 4005 957 4043 ac
997 3989 1228 4054 ﬁrmam,
1262 4000 1316 4044 et
1359 3990 1761 4060 ingredientem
1797 4005 1970 4059 usque

390 4077 458 4131 ad
509 4079 768 4134 interiora
811 4082 1120 4146 velaminis,
1177 4082 1272 4136 ubi
1317 4097 1628 4152 przecursor
1677 4097 1773 4152 pro
1814 4081 1973 4136 nobis

392 4169 642 4224 introivit
694 4172 874 4237 Jesus,
941 4173 1247 4228 secundum
1312 4174 1560 4228 ordinem
1613 4174 1974 4229 Melchisedec

390 4263 633 4331 pontifex
653 4264 903 4321 factusin
929 4275 1194 4321 aeternum
1217 4267 1284 4318 ⁸⁸.
1321 4286 1336 4316 ι
1391 4267 1460 4320 Ει
1503 4266 1569 4320 ad
1619 4266 1840 4319 beatum
1883 4265 1975 4318 Ti-

394 4363 508 4406 tum
563 4352 632 4406 de
669 4354 912 4409 secundo
949 4355 1199 4410 scribens
1237 4355 1475 4409 adventu
1504 4356 1715 4425 1271
1745 4355 1822 4409 sic
1851 4355 1926 4408 ait
1957 4374 1970 4408 :

399 4463 417 4494 ι
450 4445 841 4515 Exspectantcs
876 4447 1089 4502 beatam
1112 4464 1265 4518 spem
1289 4459 1345 4504 et-
1366 4449 1766 4519 apparitionem
1790 4449 1973 4519 gloriae

2137 2801 2259 2874 Χρὴ
2292 2801 2349 2854 δὲ
2395 2801 2620 2854 κάκεῖνο
2663 2799 2978 2872 προσθεῖναι
3025 2800 3138 2862 τοῖς
3195 2797 3538 2868 εἰρημένοις,
3576 2796 3659 2862 ὡς

2070 2893 2132 2946 ού
2163 2892 2268 2962 χρὴ
2311 2890 2532 2958 λέγειν’
2566 2891 2720 2944 Μετὰ
2764 2890 2865 2959 τὴν
2913 2888 3181 2958 ἀνάληψιν
3224 2887 3324 2940 οὐκ
3358 2886 3472 2939 ἐστι
3521 2887 3662 2956 Xps~

2075 2983 2202 3046 στος
2248 2984 2277 3034 6
2321 2981 2601 3050 Δεσπότης
2637 2981 2905 3051 Χριστός·
2946 2980 3115 3043 ἀλλά,
3159 2978 3286 3041 Υἱὸς
3336 2979 3658 3047 μονογενής.

2070 3073 2226 3128 Μετά
2257 3073 2365 3144 γάρ
2395 3071 2461 3142 δὴ
2489 3071 2585 3142 τὴν
2621 3071 2894 3142 ἀνάληψιν
2931 3071 3024 3124 καὶ
3072 3068 3143 3122 τά
3189 3067 3308 3122 Oeta
3341 3068 3657 3135 Εὑαγγέλια

2075 3164 2414 3235 συνεγράφη,
2455 3164 2546 3216 καὶ
2577 3164 2610 3234 ἠ
2643 3162 2752 3216 τῶν
2784 3162 3037 3232 πράξεων
3089 3160 3322 3231 ἱστορία,
3356 3161 3450 3214 καὶ
3487 3155 3660 3211 αὐτοῦ·

2082 3255 2405 3307 Ἀποστόλου
2445 3253 2781 3306 Ἐπιστολαί.
2824 3251 2980 3306 Μετὰ
3018 3251 3117 3321 τὴν
3149 3249 3418 3320 ἀνάληψιν
3457 3255 3484 3306 6
3512 3249 3655 3312 θεῖος

2075 3349 2174 3420 βοᾷ
2217 3347 2464 3410 Παῦλος·
2505 3366 2524 3399 ι
2550 3348 2811 3415 Ἔχοντες
2847 3346 3114 3417 ἀρχιερέα
3169 3346 3363 3415 μέγαν,
3409 3345 3655 3415 διεληλυο

2071 3440 2201 3494 θότα
2248 3440 2375 3502 τοὺς
2415 3438 2700 3508 οὐρανοὺς,
2765 3437 2971 3507 Ἰησοῦν
3020 3435 3274 3506 Χριστὸν,
3315 3435 3406 3488 τὸν
3447 3435 3656 3506 Κύριον

2068 3529 2248 3600 ἡμῶν,
2288 3528 2580 3600 κρατῶμεν
2613 3528 2713 3598 τῆς
2750 3527 3063 3598 ὁμολογίας.
3088 3547 3105 3578 ι
3153 3529 3263 3580 Καὶ
3290 3527 3480 3582 πάλιν
3529 3547 3547 3578 ι
3575 3527 3652 3579 Οὐ

2074 3620 2185 3693 γὰρ
2208 3623 2288 3684 είς
2313 3619 2664 3691 χειροποίητα
2693 3621 2824 3686 ἆγια
2861 3619 3110 3688 είσῆλθεν
3141 3619 3400 3690 Χριστὸς,
3435 3619 3656 3671 ἀντίτυο

2072 3729 2149 3765 πα
2181 3711 2287 3764 τῶν
2323 3709 2612 3781 ἀληθινῶν,
2658 3710 2772 3764 ἀλλ’
2815 3712 2896 3774 είς
2940 3711 3100 3763 αὑτὸν
3145 3710 3236 3763 τὸν
3281 3710 3528 3781 οὐρανὸν,
3560 3709 3658 3762 νῦν

2071 3801 2473 3874 ἐμφανισθῆναι
2515 3801 2594 3872 τῷ
2624 3800 2899 3872 προσώπῳ
2931 3799 3024 3854 τοῦ
3063 3801 3196 3854 Θεοῦ
3242 3801 3383 3871 ὑπὲρ
3422 3800 3601 3871 ἡμῶν.
3632 3821 3651 3853 ι

2073 3895 2184 3949 Καὶ
2214 3891 2391 3961 αὖθις,
2418 3894 2546 3965 περὶ
2569 3893 2668 3963 τῆς
2695 3895 2773 3957 εἰς
2793 3894 2884 3947 τὸν
2907 3894 3039 3948 Θεὸν
3071 3893 3282 3956 ἐλπίδος
3311 3892 3480 3946 εἰπών
3506 3909 3653 3956 τινα,

2073 3988 2352 4058 ἐπήγαγεν
2371 4003 2384 4016 ο
2420 4005 2438 4036 ι
2468 3987 2577 4038 ’Ἦν
2608 3985 2683 4048 ὡς
2719 3985 2967 4055 ἄγκυραν
2997 3985 3190 4055 ἔχομεν
3221 3984 3438 4054 ἀσφαλῆ
3471 4001 3529 4038 τε
3559 3985 3655 4037 καὶ

2076 4079 2320 4150 βεϐαίαν,
2354 4078 2446 4130 καὶ
2476 4076 2866 4147 εἰσερχομένην
2905 4078 2984 4138 είς
3017 4077 3077 4128 τὸ
3108 4074 3379 4145 ἐσώτερον
3414 4073 3652 4158 τοῦ-και

2073 4168 2516 4238 ταπετάσματος,
2542 4168 2678 4218 ὅπου
2716 4165 3024 4236 πρόδρομος
3053 4164 3300 4235 εἰσῆλθεν
3337 4165 3478 4232 ὑπὲρ
3496 4163 3656 4234 ἡμῶν

2087 4258 2318 4330 Ἰησοῦς,
2358 4256 2500 4311 κατά
2541 4255 2639 4326 τὴν
2678 4254 2832 4319 τάξιν
2862 4255 3200 4324 Μελχισεδὲκ
3243 4254 3535 4324 ἀρχιερεὺς
3560 4270 3659 4321 γε-

2076 4350 2298 4420 νόμενος
2341 4349 2421 4410 είς
2474 4347 2564 4401 τὸν
2607 4345 2802 4400 αἰῶνα.
2835 4363 2852 4396 ι
2899 4346 3010 4399 Καὶ
3031 4345 3108 4416 τῷ
3142 4345 3397 4416 μακαρίῳ
3428 4346 3485 4398 δὲ
3515 4345 3662 4414 Τίτῳ

2079 4441 2207 4511 περὶ
2243 4442 2342 4509 τῆς
2365 4437 2626 4508 δευτέρας
2656 4437 2884 4507 γράφων
2911 4437 3253 4505 ἐπιφανείας,
3288 4435 3463 4499 οὕτως
3496 4432 3620 4488 εἶπε
3644 4450 3660 4464 ο

391 4535 571 4604 magni
622 4535 718 4590 Dei
772 4544 829 4591 et
873 4536 1174 4593 Salvatoris
1221 4540 1395 4593 nostri
1443 4540 1574 4594 Jesu
1601 4538 1809 4592 Christi
1833 4538 1900 4590 ⁸⁸.
1948 4557 1964 4588 ι

2084 4553 2101 4583 ι
2127 4531 2558 4603 Προσδεχόμενοι
2611 4530 2710 4600 τὴν
2763 4528 3040 4600 μακαρίαν
3083 4526 3296 4591 ἐλπίδα,
3328 4527 3424 4580 καὶ
3457 4525 3660 4593 ἐπιφά-

391 4626 460 4680 Et
513 4627 580 4680 ad
621 4628 1134 4685 Thessalonicenses
1181 4645 1399 4699 quoque
1449 4628 1648 4682 similia
1711 4629 1970 4697 scripsit:

401 4737 417 4764 ε
449 4715 558 4785 ipsi
595 4718 743 4772 enim
763 4719 1094 4772 annuntiant
1117 4719 1186 4772 de
1224 4718 1404 4782 nobis,
1429 4719 1649 4788 qualem
1681 4719 1968 4772 introitum

394 4804 751 4860 habuerimus
781 4806 850 4860 ad
882 4822 1001 4871 vos,
1031 4817 1085 4860 et
1112 4807 1390 4875 quomodo
1433 4807 1688 4861 conversi
1723 4807 1857 4861 estis
1903 4807 1971 4861 ad

394 4895 562 4950 Deum
605 4915 636 4952 τι
684 4897 1012 4960 simulacris,
1065 4897 1274 4951 servire
1323 4897 1436 4951 Deo
1457 4896 1582 4950 vivo
1602 4899 1701 4951 et'
1737 4912 1886 4961 vero,
1916 4906 1975 4952 et

391 4997 709 5056 exspectare
741 4987 938 5040 Filium
979 4989 1099 5058 ejus
1133 4987 1200 5042 de
1236 4989 1410 5052 oculis,
1437 5003 1601 5057 quem
1631 4989 1916 5043 suscitavit
1940 5005 1971 5043 a

393 5078 647 5142 mortuis,
673 5077 880 5141 Iesum,
919 5078 1011 5146 qui
1041 5078 1248 5148 eripuit
1273 5095 1373 5133 nos
1398 5078 1466 5132 ab
1492 5079 1570 5132 ira
1593 5088 1826 5133 ventura
1845 5079 1904 5134 ⁸⁷.
1947 5099 1963 5131 ο

391 5170 460 5226 Et
486 5170 685 5224 iterum
725 5186 737 5220 :
785 5170 937 5223 «Vos
978 5179 1162 5225 autem
1208 5171 1474 5225 Dominus
1522 5171 1871 5240 multiplicct,
1917 5179 1972 5225 et

391 5261 674 5316 abundare
730 5261 893 5315 faciat
939 5261 1264 5316 charitatem
1299 5271 1540 5316 vestram
1570 5265 1624 5316 in
1650 5262 1882 5317 invicem
1918 5271 1974 5316 et

392 5354 446 5406 in
478 5368 691 5414 omnes,
720 5352 1188 5422 quemadmodum
1209 5363 1264 5420 et
1289 5369 1390 5408 nos
1425 5354 1480 5408 in
1515 5370 1631 5418 vos,
1667 5354 1734 5408 ad
1764 5353 1969 5408 contir-

394 5444 592 5498 ntanda
639 5443 805 5498 corda
853 5454 1034 5498 vestra
1081 5443 1353 5514 inculpata
1392 5445 1444 5498 in
1475 5445 1762 5500 sanctitate
1787 5462 1971 5499 coram

393 5534 506 5590 Deo
533 5545 587 5592 et
625 5537 782 5590 Patre
812 5543 1018 5600 nostro,
1053 5535 1108 5589 in
1137 5536 1372 5591 adventu
1398 5536 1616 5591 Domini
1641 5536 1812 5591 nostri
1843 5537 1971 5591 Jcsu

403 5788 433 5820 η
467 5717 669 5836 Ἰόλα..
705 5737 756 5783 ιι,
796 5722 880 5776 '58.
960 5721 1002 5752 ⁸³
1038 5717 1202 5774 Hebr.
1237 5734 1307 5784 Iv,
1345 5717 1428 5768 alii.
1508 5717 1547 5747 ’“
1580 5715 1742 5770 Hebr.
1779 5732 1851 5779 Ix,
1888 5715 1975 5768 24.

406 5821 452 5849 1,
501 5821 577 5837 ιν-

2077 4639 2228 4675 νειαν
2281 4624 2381 4691 τῆς
2433 4619 2592 4690 δόξης
2642 4617 2738 4670 τοῦ
2795 4617 3032 4689 μεγάλου
3071 4616 3205 4670 Θεοῦ
3258 4618 3355 4669 καὶ
3408 4616 3660 4685 Σωτῆρος

2076 4713 2235 4784 ἡμῶν
2282 4712 2458 4783 Ἰησοῦ
2488 4710 2742 4782 Χριστοῦ.
2777 4729 2798 4762 ι
2859 4711 2968 4764 Καὶ
3019 4707 3471 4762 Θεσσαλονικεῦσι
3503 4708 3560 4761 δὲ
3593 4708 3663 4761 τά

2080 4802 2438 4873 παραπλήσια
2499 4803 2814 4870 γέγραφεν’
2887 4800 3092 4853 «Ᾱύτοὶ
3141 4798 3251 4869 γάρ
3307 4799 3437 4868 περὶ
3501 4799 3664 4867 ἡμῶν

2078 4895 2507 4964 ἀπαγγελοῦσιν,
2565 4893 2756 4946 ὁποίαν
2809 4891 3012 4945 εἴσοδον
3067 4891 3263 4962 ἔχομεν
3311 4891 3447 4962 πρὸς
3491 4889 3660 4958 ὑμᾶς,

2080 4988 2175 5043 καὶ
2206 4987 2320 5050 πῶς
2366 4985 2739 5055 ἐπεστρέψατε
2775 4985 2911 5056 πρὸς
2941 4984 3031 5037 τὸν
3061 4985 3196 5037 Θεὸν
3239 4983 3349 5036 ἀπὸ
3370 4981 3481 5035 τῶν
3508 4981 3662 5035 εἰδώ-

2079 5083 2204 5146 λων,
2247 5078 2515 5133 δουλεύειν
2547 5077 2665 5148 Θεῷ
2705 5077 2867 5142 ζῶντι
2911 5078 3006 5130 καὶ
3034 5075 3297 5146 ἀληθινῷ,
3327 5075 3422 5128 καὶ
3454 5074 3663 5144 ἀναμέα

2078 5191 2189 5227 νειν
2221 5174 2312 5226 τὸν
2350 5172 2478 5225 Υίὸν
2528 5169 2695 5225 αὐτοῦ
2723 5171 2786 5223 ἐκ
2815 5167 2924 5222 τῶν
2947 5167 3214 5238 οὐρανῶν,
3247 5167 3306 5220 ὂν
3342 5167 3565 5238 ἤγειρεν
3597 5168 3662 5218 ἐκ

2079 5264 2184 5317 τῶν
2212 5261 2447 5334 νεκρῶν,
2493 5259 2722 5331 Ἰησοῦν,
2766 5260 2858 5313 τὸν
2909 5259 3172 5329 ῥυόμενον
3231 5258 3375 5327 ἡμᾶς
3408 5256 3517 5308 ἀπὸ
3561 5256 3660 5324 τῆς

2079 5355 2247 5426 όργῆς
2279 5354 2602 5426 ἐρχομένης.
2629 5370 2646 5403 ι
2686 5351 2797 5404 Καὶ
2828 5350 3020 5404 πάλιν·
3057 5368 3075 5400 ι
3107 5339 3282 5418 ’Υμᾶς
3314 5348 3368 5400 δὲ
3397 5349 3426 5399 6
3455 5347 3660 5419 Κύριος

2083 5427 2398 5507 πλεονάσαι,
2421 5444 2516 5497 καὶ
2550 5443 3002 5514 περισσεύσαι·τῇ
3037 5440 3227 5513 ἀγάπῃ
3259 5441 3339 5503 εἰς
3372 5438 3658 5508 ἀλλήλους,

2083 5536 2175 5588 καὶ
2203 5536 2283 5597 είς
2312 5536 2539 5596 πάντας,
2583 5531 2833 5602 καθάπερ
2867 5531 2958 5583 καὶ
2983 5533 3142 5601 ἡμεῖς
3181 5531 3261 5593 είς
3296 5531 3459 5600 ὑμᾶς,
3497 5531 3576 5592 είς
3602 5528 3663 5580 τὸ

2087 5712 2132 5744 ’⁵
2168 5710 2334 5764 llehr.
2365 5727 2434 5775 γι,
2465 5707 2644 5775 19,20
2743 5709 2788 5740 ⁸⁸
2825 5710 2931 5763 Tit.
2973 5724 3029 5774 ιι,
3087 5707 3168 5760 15.
3250 5708 3294 5739 ⁸⁷
3327 5706 3346 5759 Ι
3403 5703 3596 5758 Thess.
3622 5719 3660 5768 l,
