4072 6418
381 392 524 459 1405

1706 398 2070 459 EPISTULA
2109 402 2330 464 CXLVI
2337 452 2354 464 .

3496 412 3637 476 1406

376 505 633 577 στηρίξαι
669 505 824 577 ὑμῶν
857 505 956 570 τὰς
983 505 1209 577 καρδίας
1236 507 1560 577 ἀμέμπτους
1587 509 1644 560 ὲν
1677 507 1959 579 ἁγιωσύνῃ

2060 511 2260 568 Christi
2286 530 2417 569 cum
2441 517 2700 573 omnibus
2723 519 2926 574 sanctis
2947 521 3068 592 eius
3087 521 3151 575 ⁸⁸.
3183 541 3200 572 ι
3229 522 3431 578 lterum
3455 537 3636 581 autem

374 595 692 668 ἔμπροσθεν
721 594 822 650 106
841 596 976 650 Θεοῦ
1001 597 1094 651 καὶ
1131 598 1343 666 [ἰατρὸς
1370 597 1551 668 ἡμῶν,
1576 601 1633 652 ἐν
1655 602 1720 669 τῇ
1752 615 1960 670 παρου-

376 688 473 758 σίᾳ
509 686 602 740 106
632 688 838 757 Κυρίου
869 688 1028 758 ἡμῶν
1078 688 1256 757 Ἰησοῦ
1277 688 1538 760 Χριστοῦ,
1576 689 1714 760 μετὰ
1737 689 1960 743 πάντων

369 783 494 836 τῶν
523 783 692 851 ἁγίων
726 782 914 838 αὐτοῦ.
946 802 964 836 ι
1018 785 1126 838 Kal
1173 779 1332 848 αὖθις
1375 785 1431 837 δέ
1475 787 1587 848 τοῖς
1631 785 1814 849 αὐτοῖς
1841 786 1961 838 ἐπι-

374 874 601 937 στείλας
632 875 727 928 καὶ
753 874 926 929 ταῦτα
963 875 1210 930 τέθεικεν
1233 891 1253 908 ο
1280 895 1299 928 ι
1337 877 1662 948 Ἐρωτῶμεν
1687 878 1744 931 δὲ
1784 879 1958 948 ὑμᾶς,

374 965 625 1034 ἀδελφοὶ,
681 966 822 1035 ὑπὲρ
873 966 974 1036 τῆς
1042 967 1348 1037 παρουσίας
1391 967 1486 1021 τοῦ
1537 969 1742 1039 Κυρίου
1804 968 1962 1039 ἡμῶν

386 1053 570 1125 Ἰησοῦ
598 1055 860 1127 Χριστοῦ,
890 1058 983 1110 καὶ
1005 1057 1164 1129 ἡμῶν
1195 1059 1615 1130 ἐπισυναγωγῆς
1633 1060 1720 1112 ἐπ’
1742 1060 1955 1114 αὐτόν.»

373 1145 495 1199 Kal
547 1148 665 1217 μετ’
715 1147 872 1216 ὀλίγα
923 1147 1016 1213 δέ,
1062 1147 1158 1201 τοῦ
1207 1149 1576 1218 Ἀντιχρίστου
1617 1149 1708 1203 τὸν
1742 1149 1962 1221 δλεθρον

378 1236 790 1308 προθεσπίζων,
829 1239 1142 1309 ἐπήγαγεν·
1178 1256 1198 1290 ι
1237 1241 1334 1293 Ὃν
1365 1242 1394 1292 ό
1444 1239 1647 1312 Κύριος
1695 1240 1962 1296 ἀναλώσει

376 1328 462 1398 τῷ
511 1328 784 1398 πνεύματι
830 1329 926 1383 106
962 1331 1232 1401 στόματος
1263 1330 1450 1394 αὐτοῦ,
1491 1333 1585 1386 καὶ
1627 1335 1962 1405 καταργήσει

377 1421 448 1490 τῇ
509 1421 800 1491 ἐπιφανείᾳ
843 1420 946 1490 τῆς
993 1422 1302 1492 παρουσίας
1345 1423 1532 1477 αὐτοῦ.
1563 1443 1584 1476 ι
1652 1425 1764 1479 Καὶ
1831 1426 1966 1478 Ῥωο

385 1511 582 1581 μαίους
621 1511 676 1565 δὲ
725 1513 805 1576 είς
837 1513 1090 1580 ὁμόνοιαν
1135 1514 1449 1584 προτρέψας
1479 1516 1574 1568 καὶ
1601 1516 1772 1570 ταῦτα
1799 1533 1965 1588 προσ-

383 1603 600 1656 τέθεικε
625 1621 638 1635 ·
673 1623 690 1655 ι
711 1604 784 1656 Σὺ
832 1603 889 1656 δὲ
939 1605 992 1657 τί
1025 1605 1232 1675 κρίνεις
1261 1605 1351 1659 τὸν
1388 1606 1616 1676 ἀδελφόν
1651 1625 1780 1674 σου;
1811 1609 1844 1681 ἢ
1873 1609 1965 1662 καὶ

390 1695 456 1748 σὺ
492 1695 546 1748 τί
587 1695 886 1760 ἐξουθενεῖς
917 1696 1008 1750 τον
1040 1697 1268 1765 ἀδελφόν
1307 1715 1435 1765 σου;
1471 1699 1678 1763 Πάντες
1709 1701 1818 1771 γὰρ
1855 1719 1966 1754 πα-

386 1786 776 1857 ραστησόμεθα
819 1786 896 1855 τῷ
946 1788 1152 1858 βήματι
1198 1787 1293 1843 τοῦ
1343 1790 1600 1860 Χριστοῦ.
1653 1793 1967 1863 Γέγραπται

382 1849 494 1947 γάρ
514 1896 526 1909 ο
552 1849 653 1932 ’Ζώ
685 1878 816 1948 ἐγὼ,
849 1849 1254 1950 λέγειΠΚύριος,
1287 1882 1368 1935 ὅτι
1395 1849 1406 1860 ι
1426 1883 1551 1953 ἐμοὶ
1593 1849 1802 1954 κάμιρέι
1852 1886 1960 1939 πᾶν
1995 1849 2037 1904 Β

383 1971 537 2039 γόνυ,
573 1971 666 2024 καί¹
713 1974 864 2027 πᾶσα
907 1973 1130 2040 γλῶσσα
1183 1973 1636 2045 ἐξομολογήσεται
1665 1975 1744 2046 τῷ
1769 1976 1906 2047 Θεῷ.
1936 1996 1956 2030 ι

383 2064 498 2117 Καὶ
535 2064 698 2127 αὐτὸς
729 2063 786 2117 δὲ
829 2067 858 2118 ό
890 2065 1114 2136 Κύριος,
1152 2064 1250 2136 τὴν
1277 2065 1538 2138 δευτέραν
1561 2067 1725 2121 αὐτοῦ
1757 2085 1964 2140 παρου-

383 2153 505 2207 σίαν
537 2154 950 2226 προαγορεύων,
978 2155 1117 2226 πρὸς
1162 2155 1378 2220 πολλοῖς
1438 2157 1620 2222 ἄλλοις
1653 2158 1748 2211 καὶ
1789 2157 1964 2212 ταῦτα

380 2251 574 2322 εἴρηκε
595 2267 609 2282 ο
649 2267 666 2299 ι
687 2247 822 2300 Τότε
859 2247 953 2300 ἐάν
987 2263 1069 2309 τις
1099 2246 1227 2316 ὑμῖν
1253 2247 1380 2318 εῐπῃ
1405 2263 1419 2277 °
1463 2248 1598 2300 Ἰδοὺ
1642 2241 1745 2301 ὦδε
1777 2249 1805 2300 ὁ
1827 2249 1963 2318 Χρι-

381 2341 527 2404 στὸς,
563 2339 672 2393 ίδοὺ
706 2339 854 2391 ἐκεῖ·
886 2336 959 2408 μὴ
987 2334 1336 2406 πιστεύσητε.
1366 2337 1582 2408 ’Ὠσπερ
1613 2337 1721 2406 γὰρ
1753 2339 1951 2408 ἀστραο

381 2429 458 2500 πὴ
488 2427 770 2498 ἐξέρχεται
795 2425 904 2479 ἀπὸ
918 2425 1214 2488 ἀνατολῶν,
1239 2425 1332 2478 καὶ
1348 2425 1596 2492 φαίνεται
1623 2427 1702 2489 εἰς
1728 2425 1958 2495 δυσμάς,

379 2519 553 2582 οὕτως
586 2518 798 2588 ἐσταιή
843 2516 1117 2587 παρουσία
1150 2513 1245 2568 106
1291 2513 1419 2567 Υἱοῦ
1455 2515 1551 2567 106
1589 2513 1905 2585 ἀνθρώπου.
1936 2537 1954 2566 ι

380 2611 493 2665 Kal
524 2609 663 2682 μετά
694 2608 796 2680 τὴν
831 2607 926 2661 τοῦ
962 2606 1217 2677 σώματος
1257 2605 1558 2661 ἀθανασίαν
1613 2606 1707 2659 καὶ
1748 2606 1960 2678 ἀφθαρ⁴

2061 605 2129 660 ad
2158 607 2382 662 eosdem
2411 609 2662 666 scribens
2696 611 2812 666 haec
2833 613 3018 682 posuit
3052 631 3066 667 :
3111 633 3131 666 ι
3157 612 3432 685 Rogamus
3456 626 3640 672 autem

2061 713 2180 764 vos,
2212 699 2428 766 fratres,
2464 718 2562 772 per
2580 703 2876 758 adventum
2897 705 3118 760 Domini
3133 705 3306 761 nostri
3328 708 3453 763 Jesu
3477 708 3640 763 Chri-

2062 789 2151 855 sti,
2191 799 2246 844 et
2294 803 2533 848 nostram
2587 797 3065 866 congregationem
3100 798 3167 852 ad
3197 799 3376 868 ipsum
3410 800 3479 853 ⁸⁹.
3515 820 3533 851 ι
3573 801 3642 854 Et

2062 891 2185 953 post
2232 900 2403 954 pauca
2453 887 2776 942 Antichristi
2824 889 3126 957 praedicans
3161 890 3470 955 interitum,
3520 891 3638 946 haec

2061 975 2319 1030 addidit:
2365 995 2383 1028 ι
2419 975 2591 1042 Quem
2631 978 2895 1034 Dominus
2940 979 3233 1034 interfleict
3275 981 3475 1050 spiritu
3524 981 3642 1035 oris

2063 1066 2170 1132 sui,
2197 1075 2252 1122 et
2289 1067 2540 1123 destruet
2561 1069 2926 1124 illustratione
2956 1069 3224 1125 adventus
3265 1072 3347 1126 sui
3405 1071 3470 1124 ὀ.
3501 1090 3518 1122 ι
3571 1071 3642 1124 Et

2064 1159 2340 1215 Romanos
2389 1160 2690 1215 exhortans
2717 1160 2783 1215 ad
2815 1161 3187 1226 concordiam,
3221 1162 3457 1232 adjecit:
3499 1181 3516 1213 ι
3555 1162 3642 1216 Tu

2063 1256 2246 1303 autem
2295 1249 2429 1319 quid
2478 1249 2694 1320 judicas
2738 1249 2965 1304 fratrem
3023 1251 3221 1304 tuum?
3254 1250 3454 1307 Omnes
3490 1254 3646 1308 enim

2064 1341 2332 1395 stabimus
2360 1348 2488 1396 ante
2525 1340 2764 1395 tribunal
2786 1340 3013 1396 Christi.
3055 1341 3334 1412 Scriptum
3354 1351 3442 1397 est
3457 1343 3638 1398 enim:

2065 1430 2199 1485 Vivo
2212 1429 3038 1501 ego,dicitDominus,quoniam
3057 1431 3192 1485 mihi
3212 1431 3464 1486 flectetur
3480 1448 3642 1487 omne

2064 1537 2230 1591 genu,
2274 1531 2331 1576 et
2379 1521 2564 1576 omnis
2615 1523 2800 1592 lingua
2849 1521 3204 1577 conﬁtebitur
3254 1523 3365 1577 Deo
3410 1525 3476 1576 °'.
3510 1543 3528 1575 ι
3576 1525 3647 1578 Et

2065 1611 2328 1666 Dominus
2361 1612 2506 1681 ipse,
2541 1612 2838 1667 adventum
2868 1626 3028 1666 suum
3063 1613 3460 1682 praenuntiam,
3499 1613 3646 1668 inter

2065 1703 2169 1758 alia
2213 1704 2386 1758 multa
2429 1705 2545 1760 hac
2592 1705 2758 1759 etiam
2792 1704 2932 1759 dixit
2963 1721 2976 1756 :
3027 1723 3046 1755 ι
3074 1704 3229 1759 Tunc
3257 1705 3301 1759 si
3332 1705 3454 1774 quis
3487 1705 3652 1760 vobis

2065 1793 2264 1848 dixerit
2291 1813 2305 1848 :
2340 1795 2480 1850 E‘cce
2511 1795 2599 1848 hic
2632 1803 2718 1849 est
2745 1793 3018 1857 Christus,
3040 1803 3136 1848 aut
3158 1793 3288 1859 illic,
3325 1795 3492 1848 nolite
3517 1809 3642 1849 cre-

2065 1885 2218 1941 dere.
2263 1886 2417 1941 Sicut
2452 1886 2600 1941 enim
2631 1886 2814 1957 fulgur
2849 1887 3064 1957 1272
3120 1887 3232 1942 exit
3283 1887 3352 1940 ab
3403 1887 3646 1949 oriente,

2062 1987 2118 2034 et
2151 1988 2309 2048 paret-
2337 1994 2512 2048 usque
2560 1979 2615 2032 in
2646 1979 3008 2044 occidentem,
3046 1979 3122 2033 ita
3152 1979 3260 2033 erit
3295 1989 3351 2033 et
3373 1977 3652 2032 adventus

2063 2072 2186 2126 Filii
2225 2071 2468 2126 hominis
2499 2072 2566 2125 θ’.
2604 2091 2622 2122 ι
2653 2071 2720 2124 Ει
2745 2081 2870 2142 post
2891 2071 3140 2140 corporis
3172 2070 3637 2126 immortalitatem

2063 2169 2118 2217 et
2175 2159 2776 2230 incorruptibilitatem,
2837 2159 3037 2214 Filium
3097 2160 3337 2214 hominis
3399 2159 3638 2228 scipsum

2063 2250 2376 2320 appellavit,
2403 2265 2471 2304 ex
2499 2258 2697 2304 natura
2718 2250 3009 2304 nominans
3032 2265 3155 2318 quae
3172 2249 3348 2303 oculis
3373 2249 3637 2302 cernitur.

2064 2342 2191 2396 Haec
2237 2341 2385 2394 enim
2444 2350 2577 2396 tunc
2632 2341 2797 2396 etiam
2839 2340 3171 2411 apparebit:
3211 2339 3394 2393 divina
3437 2339 3644 2408 quippe

2062 2439 2259 2486 natura
2291 2432 2458 2486 etiam
2483 2433 2691 2502 angelis
2731 2440 2816 2486 est
2863 2431 3178 2485 invisibilis.
3231 2449 3248 2479 ‹
3278 2431 3448 2484 Deum
3469 2430 3638 2493 enim,

2056 2525 2212 2594 juxta
2236 2523 2409 2593 ipsius
2431 2523 2645 2578 Domini
2670 2539 2882 2588 vocem,
2920 2539 3081 2577 nemo
3117 2523 3252 2576 vidit
3277 2539 3513 2595 unquam
3535 2524 3639 2575 θ’.)

2061 2616 2130 2670 Ει
2177 2629 2375 2686 magno
2417 2613 2552 2668 Mosi
2599 2613 2677 2666 ait
2706 2630 2718 2666 :
2763 2632 2780 2664 ι
2808 2612 2978 2666 Nemo
3010 2612 3218 2667 videbit
3239 2611 3430 2666 faciem
3460 2626 3640 2665 meam

383 2703 527 2768 σίαν,
558 2701 689 2756 Υίὸν
737 2699 1026 2775 ἀνθρώπου
1080 2698 1272 2753 ἐαυτὸν
1324 2697 1788 2770 προσηγόρευσεν,
1851 2699 1959 2753 ἀπὺ

2061 2717 2117 2764 et
2147 2708 2296 2762 vivet
2341 2706 2406 2759 “.
2439 2726 2456 2758 ι
2492 2705 2631 2760 Illud
2677 2705 2823 2760 enim
2849 2723 2868 2758 ς
2905 2725 2922 2756 ι
2947 2705 3232 2759 Neminem
3267 2703 3520 2758 novimus
3544 2719 3640 2758 se-

380 2796 480 2866 τῆς
505 2793 786 2866 όρωμένης
821 2793 1035 2862 φύσεως
1061 2792 1353 2863 ὀνομάσας.
1388 2792 1534 2862 Αὕτη
1569 2792 1678 2862 γὰρ
1718 2791 1813 2844 καὶ
1839 2791 1959 2845 τότε

2061 2800 2305 2856 cundum
2360 2814 2630 2854 carnem:
2679 2805 2735 2852 et
2792 2796 2838 2850 si
2891 2795 3248 2868 cognovimus
3312 2794 3637 2864 (secundum

379 2887 700 2958 φανήσεται.
749 2885 816 2938 Ἦ
843 2884 951 2955 γὰρ
988 2883 1108 2938 θεία
1148 2883 1310 2952 φύσις
1349 2885 1444 2936 καὶ
1491 2883 1743 2952 ἀγγέλοις
1793 2883 1959 2952 ἀόρα-

2062 2889 2306 2960 carnem)
2332 2888 2636 2953 Christum,
2662 2888 2756 2942 sed
2786 2903 2934 2942 nunc
2961 2889 3072 2959 jam
3109 2903 3220 2941 non
3253 2887 3506 2941 novimus
3535 2886 3648 2950 ³⁵,ι

378 2996 489 3042 τος.
528 2996 547 3029 ι
571 2977 703 3030 Θεὸν
733 2976 844 3047 γὰρ
888 2975 1065 3039 οὐδεὶς
1110 2974 1323 3047 ἑώρακε
1360 2973 1600 3041 πώποτε,
1625 2994 1644 3026 ι
1680 2975 1822 3026 κατά
1863 2974 1959 3042 τὴν

2062 2997 2172 3037 non
2199 2981 2266 3035 ad
2288 2979 2585 3035 tollendam
2607 2989 2860 3034 naturam
2889 2988 3221 3048 assumptam
3252 2978 3389 3032 dixit
3422 2977 3645 3032 divinus

379 3069 545 3125 αὐτοῦ
591 3069 686 3123 τοῦ
734 3067 937 3138 Κυρίου
984 3069 1188 3138 φωνήν.
1225 3069 1336 3120 Καὶ
1376 3067 1454 3138 τῷ
1485 3067 1710 3137 μεγάλῳ
1733 3057 1959 3120 Μωῦσεί

2061 3073 2376 3145 Apostolus,
2389 3071 2485 3126 sed
2507 3070 2574 3124 ad
2591 3069 3068 3125 confirmationem
3100 3069 3300 3130 futura:
3313 3069 3368 3122 in
3386 3068 3544 3122 nobis
3557 3068 3644 3122 in-

379 3163 519 3231 ἐφηο
568 3181 585 3212 ι
616 3160 805 3223 Οὐδεὶς
851 3159 1043 3230 ὄψεται
1076 3158 1136 3211 τὸ
1176 3159 1468 3228 πρόσωπόν
1515 3176 1640 3227 μου,
1682 3159 1775 3211 καὶ
1805 3157 1959 3229 ζήσε-

2063 3163 2544 3235 corruptibilitatis
2559 3172 2615 3216 et
2645 3161 3090 3224 immortalitatis,
3109 3169 3164 3214 et
3177 3161 3479 3231 spiritualis
3494 3161 3642 3214 vitae.

378 3272 488 3310 ται.
513 3274 530 3306 ι
562 3254 636 3306 Τὸ
661 3255 770 3325 γάρ
793 3271 806 3284 ·
849 3272 866 3304 ι
891 3252 1094 3305 Οὐδένα
1135 3252 1356 3321 οἴδαμεν
1397 3251 1537 3302 κατὰ
1567 3251 1767 3320 σάρκα,
1815 3251 1863 3301 εἰ
1901 3249 1956 3302 δὲ

381 3349 477 3402 καλ⁵
511 3347 835 3416 ἐγνώκαμεν
879 3342 1136 3412 Χριστὸν,
1183 3341 1318 3395 ἀλλὰ
1347 3340 1442 3395 νῦν
1473 3341 1658 3393 οὐκέτι
1689 3338 1957 3407 γινώσκο-

383 3455 504 3509 μεν·
537 3460 554 3491 ι
597 3440 699 3491 οὐκ
740 3439 819 3500 είς
874 3433 1156 3500 ἀναίρεσιν
1207 3433 1304 3504 τῆς
1348 3432 1646 3502 ληφθείσης
1690 3431 1904 3501 φύσεως
1930 3433 1959 3484 ὁ

380 3532 523 3596 θεῖος
552 3525 708 3584 εἶπεν
751 3525 1091 3589 Ἀπόστολος,
1125 3523 1240 3577 ἀλλ’
1267 3524 1348 3587 είς
1387 3523 1676 3593 βεϐαίωσιν
1709 3524 1806 3594 τῆς
1840 3525 1959 3576 ἐσο-

383 3625 549 3696 μένης
576 3623 711 3693 ἡμῖν
741 3619 1048 3690 ἀφθαρσίας
1081 3635 1142 3670 τε
1177 3616 1271 3669 καὶ
1298 3615 1618 3680 ἀθανασίας,
1655 3617 1751 3670 καὶ
1793 3633 1960 3668 πνευ-

383 3716 620 3787 ματικῆς
644 3713 808 3784 ζωῆς.
839 3707 912 3766 Οὐ
939 3711 1002 3780 δὴ
1035 3711 1196 3781 χάριν
1234 3709 1510 3778 ἐπήγαγεν
1529 3725 1542 3736 ·
1583 3728 1601 3761 ι
1621 3709 1782 3760 Ὥστε
1806 3709 1960 3770 εἴτις

378 3809 437 3860 ἐν
471 3804 688 3875 Χριστῷ
720 3803 882 3872 καινὴ
921 3802 1118 3864 κτίσις,
1161 3801 1228 3853 τὰ
1267 3801 1469 3870 ἀρχαῖα
1515 3799 1814 3869 παρῆλθεν,
1850 3797 1958 3850 ἰδοὺ

378 3899 568 3968 γέγονε
595 3895 665 3949 τὰ
692 3895 871 3948 πάντα
894 3893 1077 3946 καινά.
1108 3911 1126 3943 ι
1166 3891 1246 3944 Τὰ
1276 3889 1331 3942 δὲ
1363 3887 1595 3958 ἐσόμενα
1627 3889 1701 3951 ὡς
1728 3903 1960 3957 γεγενη-

382 3990 520 4054 μένα
551 3987 794 4059 εἴρηκεν.
829 3985 1055 4038 Οὐδέπω
1081 3982 1188 4052 γάρ
1213 3982 1314 4051 τῆς
1344 3980 1643 4042 ἀθανασίας
1670 3980 1956 4049 ἐτύχομεν,

378 4079 679 4150 τευξόμεθα
705 4079 783 4144 δὲ,
816 4077 908 4130 καὶ
935 4076 1187 4146 τυχόντες
1215 4075 1311 4126 οὐκ
1338 4073 1624 4142 ἀσώματοι
1659 4071 1960 4141 γενησόμε-

379 4171 467 4234 θα,
510 4169 624 4225 ἀλλ’
658 4168 957 4223 ἀθανασίαν
995 4168 1348 4237 ἐνδυσόμεθα.
1390 4189 1407 4220 ι
1434 4169 1508 4222 Οὐ
1555 4168 1782 4237 θέλομεν
1826 4165 1954 4234 γὰρ,

385 4265 553 4332 φησὶν
581 4265 610 4316 ὁ
644 4263 786 4325 θεῖος
828 4260 1170 4325 ’Δπόστολος,
1212 4262 1561 4324 ἐκδύσασθαι,
1589 4262 1703 4316 ἀλλ’
1734 4258 1957 4314 ἐπενδύο

379 4353 595 4414 σαπθαι,
635 4354 724 4406 ἵνα
769 4351 1053 4422 καταποθῇ
1097 4351 1157 4404 τὺ
1203 4353 1396 4425 θνητὸν
1439 4355 1546 4407 ὐπὸ
1598 4355 1697 4424 τῆς
1741 4351 1952 4420 ζωῆς.»

377 4445 485 4498 Kal
514 4444 705 4498 πάλιν·
753 4461 771 4494 ι
795 4445 888 4496 Δεῖ,⁹
906 4444 1014 4513 γάρ
1045 4442 1105 4495 τὸ
1134 4443 1372 4514 φθαρτὸν
1421 4446 1580 4498 τοῦτο
1629 4443 1954 4497 ἐνδύσασθαι

2059 3257 2237 3324 Quare
2257 3255 2468 3309 addidit
2491 3270 2504 3305 :
2530 3273 2548 3303 ι
2575 3253 2631 3308 Si
2653 3269 2760 3322 qua
2782 3252 2835 3304 in
2855 3251 3073 3305 Christo
3092 3267 3233 3305 nova
3255 3260 3530 3314 creatura,
3549 3266 3646 3305 ve-

2059 3355 2176 3402 tera
2201 3345 2700 3408 transierunt,ecee
2719 3343 2862 3396 facta
2881 3341 3207 3396 suntomnia
3224 3357 3365 3396 nova
3381 3342 3448 3393 ⁸⁸.
3471 3360 3488 3392 ι
3511 3341 3650 3408 Quae

2059 3447 2241 3493 autem
2285 3438 2469 3491 futura
2495 3443 2672 3500 erant,
2713 3442 2772 3488 ut
2809 3434 2950 3488 facta
2987 3433 3146 3488 dixit.
3201 3433 3456 3488 Nondum
3493 3433 3642 3488 enim

2060 3545 2250 3585 sumus
2313 3528 2784 3582 immortalitatem
2855 3523 3182 3581 consecuti:
3237 3539 3646 3592 consequemur

2060 3635 2264 3685 autem,
2329 3629 2386 3676 et
2436 3635 2563 3675 cum
2613 3619 2881 3673 fuerimus
2934 3616 3138 3685 adepti,
3186 3631 3298 3670 non
3328 3616 3642 3684 incorporei

2062 3715 2283 3779 ﬁemus,
2313 3714 2410 3768 sed
2437 3711 2904 3766 immortalitatem
2934 3709 3280 3763 induemusn
3308 3708 3577 3762 Nolumus
3618 3727 3636 3757 ι

2059 3808 2228 3870 enim,
2253 3808 2328 3860 ait
2355 3806 2575 3860 divinus
2597 3803 2908 3874 Apostolus,
2938 3823 2956 3854 ι
2988 3803 3303 3872 exspoliari,
3327 3802 3422 3858 sed
3449 3817 3644 3872 super~

2061 3899 2274 3963 vestiri,
2308 3908 2368 3952 ut
2400 3897 2761 3952 absorbeatur
2783 3895 2928 3966 quod
2954 3894 3184 3949 mortale
3206 3902 3291 3948 est
3311 3910 3342 3948 a
3366 3895 3383 3912 ⁶
3403 3894 3515 3948 vita
3539 3894 3636 3946 ⁸⁷.)

2061 3992 2129 4046 Et
2162 4005 2381 4044 rursum
2418 4007 2430 4042 :
2472 4008 2491 4040 ‹
2526 3987 2755 4058 Oportet
2802 3987 2951 4042 enim
3003 3985 3361 4056 corruptibile
3401 3985 3507 4039 hoc
3556 3985 3644 4038 in-

2061 4084 2230 4138 duere
2261 4081 2751 4151 incorruptionem,
2790 4089 2846 4134 et
2869 4079 3100 4133 mortale
3128 4079 3234 4132 hoc
3265 4077 3496 4131 induere
3532 4078 3638 4130 im-

2061 4175 2450 4229 mortalitatem
2499 4173 2562 4226 ”.
2595 4191 2612 4223 ι
2664 4171 2755 4226 Sic
2790 4171 2958 4241 igitur
2993 4170 3284 4223 Dominum
3319 4183 3425 4221 non
3463 4169 3645 4222 incor-

2059 4281 2286 4335 poreum
2332 4264 2492 4327 dixit,
2531 4262 2626 4318 sed
2670 4261 3151 4331 incorruptibilem
3179 4259 3344 4314 etiam
3370 4274 3492 4327 qua:
3527 4274 3643 4312 cer-

2060 4358 2211 4411 nitur
2256 4366 2506 4410 naturam
2541 4370 2684 4418 esse,
2723 4362 2888 4423 atque
2923 4352 3307 4414 immortalem,
3346 4350 3642 4418 divinaque

2060 4450 2231 4520 gloria
2283 4447 2637 4520 glorificatam
2664 4446 2892 4501 credere
2924 4443 3132 4499 docuit.
3160 4442 3274 4497 Hoc
3303 4442 3449 4497 enim
3481 4441 3644 4495 nobis

377 4535 708 4607 ἀφθαρσίαν,
738 4534 831 4588 καὶ
863 4532 925 4585 τὸ
972 4532 1164 4602 θνητὸν
1212 4533 1372 4586 τοῦτο
1400 4533 1723 4587 ἐνδύσασθαι
1755 4533 1954 4586 ἀθανα-

2060 4519 2111 4595 in
2164 4540 2403 4610 Epistola
2432 4538 2499 4593 ad
2527 4537 2908 4606 Philippenses
2937 4535 3140 4590 clarius
3171 4533 3433 4588 ostendit.
3477 4550 3493 4580 ι
3534 4531 3644 4585 Νο-

380 4629 519 4682 σίαν.
557 4646 574 4678 ι
616 4625 773 4680 Οὕτω
804 4625 986 4678 τοίνυν
1015 4624 1105 4676 τὸν
1137 4623 1337 4696 Κύριον
1360 4626 1458 4677 οὐκ
1482 4625 1777 4696 ἀσώματον
1801 4624 1953 4693 εἴρηο

378 4738 492 4785 κεν,
537 4719 652 4773 ἀλλ’
682 4717 961 4788 ἄφθαρτον
1011 4713 1150 4772 εἶναι
1195 4717 1291 4770 καὶ
1323 4717 1420 4788 τὴν
1457 4717 1741 4788 ὁρωμένην
1775 4716 1959 4786 φύσιν,

377 4812 468 4864 καὶ
521 4809 809 4873 ἀθάνατον,
863 4811 958 4862 καὶ
998 4812 1062 4880 τῇ
1113 4809 1233 4880 θεία
1269 4808 1395 4880 δόξῃ
1438 4807 1836 4880 δεδοξασμὲνην
1873 4824 1964 4860 πι-

377 4902 586 4956 στεύειν
612 4898 840 4964 ἐδίδαξε.
864 4899 1038 4953 T0610
1065 4901 1173 4969 γὰρ
1200 4902 1257 4954 ἐν
1301 4904 1366 4972 τῇ
1393 4899 1529 4970 πρὸς
1557 4899 1952 4970 Φιλιππησίους

375 4994 708 5064 σαφέστερον
751 4991 897 5063 ἡμᾶς
948 4990 1347 5056 ἐξεπαίδευσεν.
1384 5010 1401 5041 ι
1433 4991 1623 5062 Ἥμῶν
1653 4991 1783 5061 γὰρ,
1821 4991 1949 5062 ἔφη,

371 5085 432 5137 τὸ
466 5083 768 5152 πολίτευμα
800 5084 860 5134 ἐν
903 5083 1150 5153 οὐρανοῖς
1197 5083 1433 5153 ὑπάρχει
1459 5099 1472 5112 ·
1513 5083 1570 5147 ἐξ
1604 5075 1664 5135 οὗ
1699 5083 1792 5135 καὶ
1837 5083 1950 5136 Σω-

371 5177 517 5245 τῆρα
548 5173 968 5248 ἀπεκδεχόμεθα
997 5171 1204 5244 Κύριον
1240 5173 1467 5244 Ἰησοῦν,
1508 5172 1567 5236 ὃς
1597 5190 1953 5243 μετασχημα-

377 5265 515 5318 τίσει
546 5265 609 5318 τὸ
637 5265 797 5334 σῶμα
833 5265 932 5334 τῆς
952 5262 1343 5328 ,ταπεινώσεως
1373 5263 1531 5335 ἡμῶν
1572 5265 1652 5326 είς
1696 5263 1757 5316 τὸ
1802 5263 1956 5330 γενέο

376 5357 497 5410 σθαι
527 5357 660 5410 αὐτὸ
689 5355 1013 5428 σύμμορφον
1045 5355 1124 5426 τῷ
1161 5354 1372 5426 σώματι
1397 5356 1496 5427 τῆς
1541 5355 1698 5424 δόξης
1719 5356 1902 5408 αὐτοῦ.
1932 5375 1950 5407 ι

385 5449 659 5518 Ἐναργῶς
687 5448 740 5501 δὲ
768 5448 858 5501 διὰ
883 5448 1086 5501 τούτων
1112 5447 1368 5514 ἐδίδαξεν,
1393 5449 1474 5501 ὅτι
1512 5447 1668 5516 σῶμα
1713 5448 1812 5517 μὲν
1837 5447 1952 5500 ἔστι

372 5539 431 5591 τὸ
469 5537 798 5592 Δεσποτικὸν
833 5537 1010 5608 σῶμα,
1045 5537 1188 5591 θεῖον
1243 5539 1299 5592 δὲ
1355 5539 1533 5609 σῶμα,
1580 5537 1674 5590 καὶ
1715 5541 1780 5609 τῇ
1831 5537 1951 5608 θείᾳ

443 5697 490 5731 ⁸⁸
523 5698 762 5754 lThess.
796 5715 873 5763 ιιι,
908 5700 991 5762 12,
1021 5698 1103 5752 15.

375 5770 423 5799 ’³
455 5770 613 5822 Joan.
654 5786 690 5831 ι,
728 5770 812 5821 18.

379 5840 424 5869 ’³
449 5840 683 5910 l-‘iuttpp.
709 5855 786 5904 nr,
817 5837 902 5891 20.

1214 5695 1259 5730 ⁸³
1294 5697 1338 5751 ll
1365 5697 1557 5752 Thess.
1597 5712 1652 5757 ιι,
1695 5697 1744 5748 l.

1858 5695 1902 5726 9°
1944 5693 2077 5747 ibid.
2125 5692 2174 5746 8.

906 5770 954 5801 "
989 5768 1159 5823 Exod.
1195 5784 1379 5835 χχχιιι,
1404 5768 1489 5822 20.
1567 5767 1613 5798 ⁹⁵
1645 5765 1687 5821 ll
1718 5767 1840 5821 Cor.
1878 5782 1932 5829 ι’,
1971 5765 2053 5820 16.

2059 4642 2172 4688 stra
2205 4639 2389 4686 autem
2413 4629 2780 4691 conversatio,
2813 4627 3012 4696 inquit,
3037 4626 3094 4680 in
3126 4623 3282 4680 cmlis
3322 4631 3406 4679 est
3439 4640 3450 4675 :
3493 4621 3643 4676 unde

2059 4725 2225 4780 etiam
2257 4723 2596 4778 Salvatorem
2649 4728 3030 4788 exspectamus
3081 4718 3374 4772 Dominum
3427 4715 3638 4776 Jcsum,

2061 4818 2155 4887 qui
2205 4813 2523 4870 reformabit
2579 4827 2778 4881 corpus
2823 4809 3157 4864 humilitatis
3182 4806 3642 4877 1273nostrm,

2063 4917 2125 4962 ut
2163 4908 2256 4962 ﬁat
2287 4905 2568 4960 conformo
2597 4903 2815 4972 corpori
2866 4900 3056 4969 gloria:
3108 4902 3229 4970 ejus
3276 4897 3343 4950 θ’.
3389 4916 3407 4947 ›
3467 4896 3644 4950 Mani-

2050 4998 2188 5052 feste
2223 5005 2413 5050 autem
2446 5010 2545 5064 per
2586 4994 2702 5048 haec
2741 4990 2954 5055 docuit,
2999 5005 3202 5059 corpus
3243 4988 3466 5058 quidem
3523 5001 3649 5041 esse

2053 5104 2256 5158 corpus
2288 5087 2660 5149 Dominieum,
2688 5083 2782 5138 sed
2818 5083 3067 5137 divinum
3112 5095 3313 5150 corpus
3357 5086 3413 5133 et
3459 5077 3644 5130 divina

2055 5177 2228 5249 gloria
2278 5176 2664 5247 gloriﬁcatum.
2710 5173 2788 5229 Ne
2814 5172 2982 5244 igitur
3008 5171 3429 5244 appellationem
3466 5167 3645 5237 fugia-

2059 5283 2202 5330 mus,
2240 5283 2338 5336 per
2369 5283 2532 5336 quam
2557 5267 2732 5320 salute
2763 5263 2924 5334 potiti
2953 5278 3162 5325 sumus,
3206 5277 3302 5330 per
3343 5273 3506 5328 quam
3557 5271 3646 5311 rc-

2057 5367 2254 5414 novata
2285 5367 2413 5412 sunt
2441 5358 2646 5423 omnia,
2693 5365 2753 5410 ut
2788 5356 3050 5428 magister
3093 5355 3207 5424 ipse
3261 5351 3329 5405 ad
3374 5349 3645 5420 Ephesios

2057 5446 2308 5502 scribens
2335 5445 2448 5499 ait:
2498 5466 2514 5498 ι
2545 5446 2860 5502 Secundum
2894 5443 3295 5515 beneplacitum
3328 5443 3468 5509 ejus,
3494 5439 3642 5509 quod

2054 5536 2342 5608 proposuit
2376 5534 2431 5590 in
2477 5553 2544 5592 eo
2574 5538 2628 5591 in
2672 5537 3085 5607 dispensatione
3112 5533 3473 5605 plenitudinis
3501 5540 3643 5586 tem-

2291 5693 2331 5722 “
2372 5692 2530 5745 Rom.
2573 5707 2676 5744 xlv.
2729 5688 2812 5740 l0.
2925 5690 2969 5720 θ’
3006 5689 3196 5743 Matth.
3245 5704 3386 5751 XXIV,
3417 5684 3506 5748 27»,
3550 5686 3646 5738 27.

2168 5765 2209 5793 ’δ”
2249 5762 2380 5815 ibid.
2419 5762 2505 5814 17.
2617 5761 2658 5790 ’⁷
2698 5759 2740 5811 ll
2762 5758 2888 5813 Cor.
2915 5775 2964 5823 v,
2995 5759 3047 5812 4.
3162 5759 3204 5789 ⁸⁸
3234 5760 3248 5811 1
3280 5759 3404 5811 (lor.
3438 5773 3521 5821 xv,
3552 5757 3650 5809 55.
