4072 6428
401 397 424 460 1
447 399 532 461 ίθῖ

1384 393 1877 454 THEODORETI
1923 393 2268 458 EPISCOPI
2309 398 2674 460 CYRENSIS

3521 389 3658 452 1408

399 523 615 578 porum,
667 506 973 561 instaurare
1018 499 1201 557 omnia
1248 500 1304 554 in
1327 499 1549 556 Christo
1569 513 1690 569 qua":
1712 498 1769 552 in
1802 498 1975 560 caelis,

2081 502 2206 575 δόξῃ
2256 503 2664 572 δεδοξασμένον.
2712 499 2803 570 Μὴ
2835 497 3016 552 τοίνυν
3059 496 3320 567 φύγωμεν
3383 513 3659 567 προσηγο-

398 611 452 654 ιτι
489 613 609 668 qua:
643 599 700 652 in
730 606 874 652 terra
912 603 1039 649 sunt
1065 596 1119 648 in
1150 594 1270 663 ipso
1306 593 1346 645 ¹.
1381 610 1398 642 ι
1428 591 1713 646 Discamus
1735 597 1916 644 autem
1943 604 1975 643 a

399 689 556 745 beata
589 690 692 744 hac
728 690 910 758 lingua
935 687 1102 741 etiam
1136 699 1246 754 quo
1279 683 1442 737 modo
1462 681 1772 752 glorificare
1809 695 1975 750 opor-

401 787 510 834 teat
563 777 989 838 benefactorem,
1037 775 1150 828 Deo
1208 780 1265 828 et
1310 773 1460 827 Patri
1516 786 1717 826 nomen
1769 769 1976 824 Christi

397 872 798 927 consociantes.
861 868 1125 923 Romanis
1178 867 1328 922 enim
1384 866 1636 921 scribens
1707 865 1789 918 sic
1850 863 1974 916 ait:

406 977 424 1012 ι
452 960 652 1030 (Juxta)
682 958 1038 1028 Evangelium
1073 971 1256 1011 meum
1279 964 1338 1010 et
1367 955 1814 1026 praedicationem
1845 954 1976 1009 Jesu

393 1049 620 1114 Christi,
667 1048 972 1104 secundum
1027 1046 1421 1102 revelationem
1473 1043 1720 1116 mysterii
1769 1051 1978 1112 tempo-

397 1139 551 1194 ribus
592 1139 812 1194 aaternis
865 1139 1064 1193 taciti:
1115 1137 1264 1207 quod
1317 1151 1466 1190 nunc
1509 1135 1843 1205 patefactum
1891 1140 1978 1188 est

395 1244 495 1299 per
528 1230 839 1300 Scripturas
871 1229 1266 1298 prophetarum
1301 1228 1604 1282 secundum
1637 1232 1974 1296 praeceptum

394 1321 583 1375 aeterni
609 1320 728 1385 Dei,
763 1328 818 1373 et
849 1321 917 1373 ad
951 1319 1324 1374 obeditionem
1355 1317 1482 1373 fidei
1509 1318 1565 1371 in
1601 1317 1816 1372 cunctis
1839 1333 1974 1387 gen-

398 1412 549 1466 tibus
573 1411 798 1480 cogniti,
823 1411 926 1465 soli
947 1409 1182 1479 sapienti
1205 1410 1317 1464 Deo
1340 1425 1439 1479 per
1463 1408 1650 1464 Jesum
1669 1408 1974 1476 Christum,

395 1503 486 1556 cui
529 1502 700 1572 gloria
742 1501 797 1555 in
839 1502 1059 1556 saecula.
1092 1501 1266 1556 Amen
1296 1503 1338 1554 '.
1367 1520 1386 1552 ι
1435 1501 1516 1555 Ad
1548 1500 1816 1571 Ephesios
1843 1516 1976 1556 vero

395 1594 646 1648 scribens
693 1593 773 1646 sic
819 1592 1098 1646 laudavit:
1151 1610 1170 1643 ι
1202 1591 1266 1646 Εἰ
1313 1600 1498 1647 autem
1535 1592 1630 1662 qui
1666 1600 1861 1661 potens
1892 1599 1978 1645 est

395 1685 576 1737 omnia
630 1684 808 1738 facere
858 1683 1372 1753 superabundanter
1411 1698 1574 1752 quam
1616 1682 1854 1752 petimus
1883 1689 1978 1736 aut

396 1775 772 1845 intelligimus,
816 1775 1120 1829 secundum
1161 1775 1422 1828 virtutem
1469 1790 1591 1843 quae
1622 1783 1884 1844 operatur
1919 1775 1975 1828 in

2083 593 2226 662 piav,
2256 594 2323 646 δι’
2355 591 2423 666 ἦς
2475 592 2862 661 ἀπελαύσαμεν
2915 590 3208 660 σωτηρίας,
3244 590 3310 642 δι’
3340 582 3408 656 ἦς
3447 590 3660 642 ἀνεκαι-

2078 684 2234 754 νίσθη
2264 688 2331 739 τὰ
2377 685 2576 746 πάντα,
2623 684 2699 747 ὡς
2739 682 2901 746 αὐτὸς
2947 681 3052 752 ἔφη
3091 683 3119 734 6
3149 679 3469 740 διδάσκαλος
3504 678 3660 746 Ἐφε-

2082 778 2219 842 σίοις
2268 778 2522 848 γράφων·
2571 796 2590 829 ι
2613 777 2773 830 Κατά
2797 775 2898 846 τὴν
2935 775 3184 828 εὐδοκίαν
3213 772 3401 835 αὐτοῦ,
3432 771 3499 842 ἢν
3524 787 3658 838 προ-

2078 867 2230 921 έθετο
2263 870 2320 920 ὲν
2354 868 2504 939 αὐτῷ
2547 870 2626 932 εἰς
2674 866 2986 936 οἰκονομίαν
3017 863 3112 919 τοῦ
3149 864 3518 934 πληρώματος
3547 863 3657 916 τῶν

2078 959 2307 1029 καιρῶν,
2331 957 2920 1028 ἀνακεφαλαιώσασθαι
2937 956 3008 1010 τὰ
3027 955 3278 1009 πάνταὲν
3305 954 3384 1024 τῷ
3415 951 3655 1024 Χριστῷ,

2076 1051 2146 1105 τά
2175 1053 2370 1116 ἐντοῖς
2400 1052 2652 1122 οὐρανοῖς
2704 1050 2800 1104 καὶ
2825 1049 2918 1102 ἐπὶ
2946 1051 3046 1118 τῆς
3073 1048 3176 1118 γῆς
3201 1048 3259 1099 ἐν
3286 1045 3456 1116 αὐτῷ.
3485 1064 3503 1097 ι
3537 1045 3659 1100 Μά-

2078 1142 2261 1212 θωμεν
2287 1142 2344 1195 δὲ
2394 1141 2544 1213 παρά
2575 1141 2676 1210 τῆς
2709 1140 2984 1213 μακαρίας
3033 1137 3264 1208 ταυτησὶ
3289 1137 3535 1207 γλώττης
3559 1136 3658 1190 καὶ

2075 1236 2224 1298 ὅπως
2260 1235 2342 1288 δεῖ
2373 1233 2619 1299 δοξάζειν
2642 1233 2732 1286 τὸν
2765 1231 3081 1304 εὐεργέτην,
3117 1231 3196 1300 τῷ
3228 1230 3348 1300 Θεῷ
3369 1231 3463 1284 καὶ
3482 1229 3659 1300 lla-cpi.

2075 1325 2176 1396 τὴν
2214 1324 2312 1377 τοῦ
2361 1322 2599 1394 Χριστοῦ
2644 1322 3016 1393 προσηγορίαν
3045 1321 3485 1391 προσάπτοντας.
3520 1320 3657 1374 Ῥω-

2081 1416 2263 1487 μαίοις
2289 1416 2386 1486 μὲν
2399 1416 2510 1482 γὰρ
2529 1413 2859 1468 ἐπιστέλλων
2877 1407 2981 1467 ὧδέ
3001 1430 3163 1484 φησι·
3193 1433 3210 1464 ι
3237 1413 3310 1466 Τὸ
3324 1411 3657 1480 Εὐαγγέλιόν

2081 1522 2205 1574 μου,
2230 1506 2322 1558 καὶ⁵
2351 1505 2414 1557 τὺ
2433 1505 2698 1574 κήρυγμα
2729 1502 2906 1572 Ἰησοῦ
2929 1501 3187 1572 Χριστοῦ,
3213 1501 3352 1554 κατὰ
3382 1501 3660 1555 ἀποκάλυ-

2077 1596 2170 1662 ψιν
2209 1595 2502 1664 μυστηρίου
2555 1594 2766 1664 χρόνοις
2796 1591 3038 1656 αἰωνίοις
3078 1593 3460 1663 σεσιγημένου,
3500 1609 3660 1660 φανε-

2080 1682 2345 1750 ρωθέντος
2367 1700 2426 1734 τε
2448 1681 2542 1735 νῦν
2566 1681 2655 1734 διά
2676 1698 2733 1734 τε
2751 1680 2982 1752 Γραφῶν
3001 1681 3358 1752 προφητικῶν
3378 1682 3498 1735 κατ’
3531 1684 3656 1736 ἐπι-

2079 1775 2250 1845 ταγὴν
2295 1774 2389 1827 τοῦ
2440 1773 2656 1828 αἰωνίου
2704 1773 2863 1836 Θεοῦ,
2899 1773 3096 1836 κα“ιείς
3128 1773 3380 1845 ὑπακοὴν
3419 1773 3658 1836 πίστεως

395 1865 575 1930 nobis,
628 1866 728 1934 ipsi
768 1867 941 1936 gloria
987 1867 1042 1919 in
1091 1866 1337 1920 Ecclesia
1378 1866 1433 1919 in
1471 1865 1693 1920 Christo
1729 1865 1880 1930 Jesu,
1919 1866 1974 1919 in

2079 1867 2158 1928 είς
2188 1866 2367 1918 πάντα
2404 1865 2473 1918 τὰ
2518 1865 2642 1935 ἔθνη
2679 1863 3100 1934 γνωρισθέντος,
3156 1865 3303 1934 μόνῳ
3355 1865 3504 1934 σοφῷ
3535 1864 3658 1934 Θεῷ

393 1970 584 2011 omnes
612 1956 995 2026 generationes
1018 1957 1364 2011 saeculorum.
1401 1958 1573 2010 Amen
1600 1958 1640 2010 ³.
1670 1977 1687 2008 ›
1721 1956 1789 2011 Ει
1814 1957 1976 2026 paulo

392 2048 647 2115 superius
681 2066 692 2100 :
750 2067 763 2098 ι
803 2049 976 2117 Hujus
1025 2048 1103 2102 rei
1157 2049 1329 2118 gratia
1371 2047 1530 2102 ﬂecto
1557 2064 1734 2118 genua
1764 2064 1884 2102 mea
1907 2049 1975 2103 ad

393 2135 610 2189 Patrem
650 2137 863 2190 Domini
907 2137 1083 2194 nostri
1125 2137 1254 2192 Jesu
1315 2136 1544 2200 Christi,
1601 2153 1669 2191 ex
1700 2153 1810 2206 quo
1855 2153 1976 2190 om-

397 2227 483 2280 nis
519 2228 823 2296 paternitas
867 2228 924 2282 in
971 2229 1127 2284 cmlis
1173 2236 1229 2282 et
1263 2228 1317 2280 in
1350 2237 1490 2282 terra
1542 2229 1854 2282 nominatur
1881 2229 1921 2281 ⁸.
1951 2247 1968 2278 ι

397 2315 465 2368 Et
498 2323 619 2382 post
654 2317 887 2384 plurima
923 2334 936 2368 :
981 2335 998 2368 ι
1029 2316 1246 2371 Gratias
1271 2317 1502 2386 agimus,
1542 2318 1738 2386 inquit,
1762 2334 1979 2387 semper

398 2421 498 2474 pro
533 2407 792 2461 omnibus
819 2407 978 2462 vobis
1027 2407 1080 2460 in
1113 2409 1334 2462 nomine
1369 2407 1585 2463 Domini
1633 2409 1806 2462 nostri
1847 2410 1974 2464 Jesu

395 2495 600 2550 Christi
644 2498 754 2550 Deo
789 2508 844 2551 et
880 2499 1026 2552 Patri
1050 2499 1091 2550 ⁸.
1127 2519 1145 2550 ι
1183 2499 1616 2568 Philippensium
1641 2501 1806 2555 etiam
1837 2502 1976 2556 libe-

398 2586 670 2640 ralitatem
745 2587 960 2659 1274
1018 2589 1502 2646 benedictionibus
1562 2608 1975 2648 remunerans;

403 2695 421 2726 ι
452 2677 596 2730 Deus
625 2685 809 2731 autem
839 2694 1012 2743 meus,
1048 2679 1247 2749 inquit,
1278 2680 1502 2750 impleat
1531 2698 1750 2737 onmem
1785 2699 1977 2738 neces-

395 2766 611 2819 sitatem
635 2777 873 2822 vestram
897 2769 1199 2823 secundum
1227 2771 1450 2824 divitias
1477 2786 1605 2826 suas
1633 2771 1688 2824 in
1716 2772 1886 2842 gloria
1921 2773 1976 2827 in

394 2854 616 2910 Christo
657 2857 784 2912 Jesu
835 2859 876 2912 ⁸.
915 2879 931 2910 ι
966 2859 1211 2915 Ηοιιταξὶε
1243 2868 1424 2915 autem
1456 2861 1529 2916 ita
1558 2871 1814 2930 precatus
1844 2871 1930 2918 est
1961 2882 1974 2918 :

402 2962 420 2994 ι
448 2945 592 2999 Deus
636 2946 808 3014 pacis,
845 2947 940 3016 qui
968 2948 1158 3002 eduxit
1192 2949 1259 3003 de
1291 2951 1524 3004 mortuis
1554 2962 1828 3019 pastorem
1866 2971 1977 3008 ma-
2033 2968 2044 2978 '

393 3050 560 3104 gnum
577 3037 762 3090 ovium
792 3038 847 3090 in
875 3039 1137 3109 sanguine
1163 3043 1475 3096 testamenti
1504 3045 1718 3108 aaterni,
1747 3045 1762 3063 ⁶
1787 3045 1975 3098 Domi-

391 3141 524 3180 num
551 3136 800 3182 nostrum
831 3129 1038 3194 Jcsum,
1068 3140 1216 3201 aptet
1240 3147 1336 3186 vos
1362 3132 1414 3185 in
1442 3133 1589 3186 omni
1617 3149 1782 3203 opere
1807 3135 1974 3200 bono,

396 3227 457 3272 ut
507 3217 722 3272 faciatis
777 3221 899 3290 ejus
936 3192 1297 3287 volun-tatem,
1331 3223 1538 3278 faciens
1567 3225 1620 3278 in
1651 3192 1807 3279 vobis
1829 3227 1976 3295 quod
2002 3192 2044 3251 C

393 3307 607 3376 placeat
636 3325 822 3364 coram
851 3328 909 3365 se
942 3328 1040 3381 per
1061 3313 1248 3368 Jesum
1279 3313 1584 3381 Christum,
1610 3317 1699 3370 cui
1734 3327 1818 3371 est
1857 3319 1974 3388 glo—

394 3402 474 3457 ria
528 3403 581 3457 in
629 3405 826 3459 saacula
875 3407 1223 3461 saeculorum.
1277 3407 1452 3461 Amen
1503 3409 1542 3462 ".
1578 3429 1594 3460 ι
1633 3410 1751 3464 Non
1799 3413 1974 3466 solum

393 3503 576 3548 autem
603 3495 732 3548 dum
758 3495 1048 3564 glorificat,
1084 3497 1176 3550 sed
1210 3497 1374 3549 etiam
1405 3497 1534 3550 dum
1569 3498 1892 3552 exhortatur
1923 3509 1979 3553 et

393 3585 720 3649 obtestatur,
765 3587 1044 3640 Christum
1081 3588 1339 3641 cumDeo
1384 3597 1439 3641 et
1491 3589 1648 3642 Patre
1672 3591 1974 3659 conjungit,

393 3687 448 3730 et
496 3677 657 3731 beato
705 3677 995 3732 Timotheo
1049 3679 1299 3732 scribens
1350 3680 1590 3734 clamat:
1635 3701 1652 3731 ι
1688 3681 1978 3736 Testiiicor

393 3781 576 3820 coram
617 3768 728 3821 Deo
767 3776 821 3821 et
857 3769 983 3823 Jesn
1014 3769 1234 3823 Christo
1265 3772 1304 3824 ⁸.
1345 3793 1360 3822 ι
1399 3774 1467 3826 Et
1501 3773 1699 3829 iterum
1732 3793 1744 3828 :
1783 3795 1799 3825 ι
1830 3777 1976 3830 Prze-

393 3857 538 3925 cipio
575 3857 670 3910 tibi
706 3875 888 3913 coram
917 3861 1028 3916 Deo
1055 3863 1149 3931 qui
1172 3863 1411 3918 vivificat
1441 3868 1644 3932 omnia,
1677 3878 1734 3922 et
1761 3868 1977 3929 Christo,

392 3947 518 4001 .Iesu
574 3948 668 4018 qui
718 3951 1091 4006 testimonium
1140 3954 1383 4009 reddidit
1431 3958 1536 4012 sub
1576 3959 1772 4012 Pontio
1803 3960 1977 4015 Pilato

396 4036 597 4091 bonam
657 4040 1080 4106 confessionem,
1140 4055 1202 4099 ut
1260 4061 1447 4101 serves
1486 4049 1800 4103 mandatum
1859 4052 1977 4105 sine

394 4128 608 4182 macula
638 4128 1128 4199 irreprehensibile
1162 4152 1336 4207 usque
1362 4138 1416 4192 in
1441 4139 1738 4194 adventum
1761 4143 1976 4197 Domini

394 4219 569 4273 nostri
599 4220 727 4275 Jesu
757 4222 982 4288 Christi,
1005 4242 1181 4295 quem
1215 4230 1329 4283 suis
1358 4230 1699 4300 temporibus
1724 4235 1979 4290 ostendet

393 4307 588 4364 beatus
609 4318 664 4364 et
696 4313 845 4367 solus
869 4326 1082 4384 potens,
1115 4317 1230 4372 Rex
1264 4322 1760 4389 regnin,Dominus
1797 4325 1978 4380 domi-

394 4401 662 4466 nantium,
694 4406 786 4472 qui
819 4406 969 4460 solus
992 4408 1158 4462 habet
1187 4410 1680 4478 immortalitatem,
1712 4423 1767 4469 et
1794 4417 1973 4473 lucem

2077 1958 2162 2010 διὰ
2226 1957 2399 2026 Ἰησοῦ
2449 1955 2686 2028 Χριστοῦ
2715 1997 2729 2019 ,
2781 1949 2824 2024 ᾧ
2873 1958 2906 2026 ή
2942 1955 3066 2022 δόξα
3113 1957 3189 2020 εἰς
3255 1957 3379 2018 τοὺς
3427 1957 3656 2016 αἰῶνας.

2091 2049 2281 2119 Ἀμήν,
2305 2067 2321 2098 ι
2371 2048 2636 2116 Ἐφεσίοις
2658 2047 2716 2100 δὲ
2763 2047 2992 2116 γράφων
3028 2047 3201 2110 οὕτως
3247 2047 3488 2118 ῦμνησε·
3529 2047 3660 2118 «Τῷ

2078 2143 2132 2194 δὲ
2161 2141 2442 2211 δυναμένῳ
2479 2141 2620 2209 ὑπὲρ
2659 2139 2838 2192 πάντα
2890 2138 3114 2207 ποιῆσαι
3167 2138 3306 2208 ὑπὲρ
3351 2137 3416 2190 ὲκ
3475 2153 3662 2208 περισ-

2081 2233 2172 2284 σοῦ
2203 2229 2278 2287 ὧν
2307 2231 2626 2300 αἰτούμεθα,
2661 2231 2692 2299 ἦ
2729 2229 2979 2299 νοοῦμεν,
3013 2229 3151 2281 κατὶι
3176 2229 3273 2295 τὴν
3303 2229 3530 2296 δύναμιν
3558 2227 3661 2299 τὴν

2077 2325 2477 2395 ἐνεργουμένην
2512 2326 2570 2375 ὲν
2597 2325 2751 2392 ἡμῖν,
2779 2319 2927 2390 αὐτῷ
2959 2323 2990 2390 ἡ
3019 2320 3146 2383 δόξα
3197 2322 3255 2372 ὲν
3305 2323 3370 2390 τῇ
3422 2321 3657 2388 Ἐκκλη⁹

2081 2413 2280 2484 σία’ὲν
2330 2411 2551 2485 Χριστῷ
2598 2411 2774 2482 Ἰησοῦ
2834 2413 2914 2474 είς
2961 2413 3142 2475 πάσας
3193 2412 3292 2475 τὰς
3341 2412 3534 2480 γενεὰς
3560 2412 3658 2466 τοῦ

2080 2505 2273 2569 αἰῶνος
2307 2505 2416 2559 τῶν
2446 2505 2680 2559 αἰώνων.
2721 2506 2914 2578 Ἀμήν.
2949 2525 2967 2558 ›
2994 2505 3104 2558 Καὶ
3139 2503 3334 2574 μικρὸν
3363 2503 3420 2556 δὲ
3453 2503 3660 2557 τούτων

2079 2597 2389 2668 ἔμπροσθεν
2439 2595 2613 2659 οὕτως
2644 2597 2748 2666 ἔφη
2771 2613 2787 2628 ο
2827 2616 2845 2648 ι
2875 2595 3078 2649 Τούτου
3111 2593 3274 2664 χάριν
3311 2594 3552 2663 κάμ’πτω
3585 2594 3660 2648 τὰ

2079 2689 2281 2760 γόνατά
2317 2706 2417 2759 μου
2451 2687 2588 2758 πρὸς
2615 2688 2706 2740 τὸν
2739 2687 2955 2758 Πατέρα
2980 2686 3074 2739 τοῦ
3112 2686 3320 2757 Κυρίου
3354 2685 3514 2756 ἡμῶν
3561 2687 3662 2756 Ἰη-

2081 2781 2175 2834 σοῦ
2205 2779 2460 2850 Χριστοῦ,
2499 2778 2556 2845 ἐξ
2592 2774 2652 2833 οῦ
2677 2781 2827 2832 πᾶσα
2862 2776 3068 2848 πατριά
3112 2779 3169 2829 ὲν
3198 2775 3414 2846 οὐρανῷ
3438 2776 3532 2828 καὶ
3565 2776 3662 2829 ἐπὶ

2078 2873 2184 2940 γῆς
2241 2871 2585 2941 ὀνομάζεται.
2619 2889 2637 2919 ι
2699 2871 2809 2923 Καὶ
2872 2869 3011 2936 μετά
3073 2867 3338 2921 πλεῖστα’
3379 2867 3663 2938 «Εὐχαρι-

2081 2962 2335 3032 στοῦμεν,
2369 2962 2524 3030 φησί,
2569 2961 2799 3014 πάντοτε
2831 2959 2972 3030 ὑπὲρ
3007 2958 3224 3012 πάντων
3257 2958 3412 3027 ὐμῶν
3457 2960 3513 3011 ὲν
3537 2959 3668 3011 ἐνόει

2082 3069 2214 3122 ματι
2237 3050 2330 3104 τοῦ
2369 3049 2575 3118 Κυρίου
2607 3047 2763 3118 ήμῶν
2809 3043 2986 3116 Ἰησοῦ
3022 3043 3283 3116 Χριστοῦ.
3316 3043 3394 3113 τῷ
3425 3041 3543 3113 Θεῷ
3563 3042 3663 3096 καὶ

2079 3143 2272 3212 Πατρί.
2299 3161 2316 3192 ι
2358 3140 2467 3194 Καὶ
2492 3140 2672 3210 μέντοι
2705 3137 2798 3190 καὶ
2825 3137 2921 3206 τὴν
2949 3134 3323 3203 Φιλιππησίων
3351 3133 3662 3204 φιλοτιμίαν

2080 3238 2200 3298 ταῖς
2234 3233 2504 3299 εὐλογίαις
2533 3230 2834 3301 ἠμείψατο·
2878 3246 2896 3278 ι
2938 3227 2996 3282 Ὀ
3027 3227 3083 3281 δὲ
3127 3226 3256 3287 Θεός
3303 3244 3403 3296 μου
3434 3224 3654 3296 πληρώ⁸

2079 3343 2172 3378 σαι
2209 3326 2387 3378 πᾶσαν
2435 3323 2623 3392 χρείαν
2653 3320 2806 3391 ὑμῶν
2838 3317 2980 3373 κατά
3027 3317 3118 3371 τὸν
3153 3315 3383 3369 πλοῦτον
3407 3315 3573 3368 αὑτοῦ
3602 3316 3662 3366 ὲν

2077 3415 2203 3486 δόξῃ
2230 3417 2286 3466 ὲν
2318 3412 2538 3484 Χριστῷ
2580 3411 2777 3480 Ἰησοῦ.
2807 3428 2825 3459 ι
2875 3409 3151 3478 Ἑϐραίοις
3185 3406 3241 3459 δὲ
3285 3405 3458 3469 οὕτως
3498 3402 3664 3473 ἐπηύ-

2080 3507 2206 3572 ξατο
2229 3523 2243 3536 ·
2281 3523 2300 3556 ι
2337 3505 2394 3558 '0
2427 3504 2484 3557 δὲ
2508 3503 2640 3566 Θεὸς
2681 3503 2780 3572 τῆς
2805 3501 3048 3572 εἰρήνης,
3085 3502 3112 3553 ό
3134 3497 3426 3568 ἀναγαγὼν
3456 3498 3520 3549 ὲκ
3546 3496 3660 3549 τῶν

2077 3598 2286 3668 νεκρῶν
2319 3597 2410 3650 τόν
2447 3595 2680 3666 ποιμένα
2704 3594 2809 3648 τῶν
2831 3591 3120 3664 προϐάτων
3154 3591 3244 3644 τὸν
3275 3591 3448 3660 μέγαν
3480 3591 3535 3641 ἐν
3569 3587 3664 3640 αἵ-

2083 3707 2210 3760 ματι
2259 3688 2526 3758 διαθήκης
2557 3685 2798 3748 αἰωνίου,
2850 3686 2940 3737 τὸν
2987 3683 3190 3753 Κύριον
3225 3682 3381 3753 ἡμῶν
3420 3678 3657 3749 Ἰησοῦν,

2079 3779 2406 3850 καταρτίσαι
2436 3779 2578 3849 ὑμᾶς
2608 3779 2665 3829 ἐν
2697 3777 2856 3830 παντὶ
2888 3776 3034 3846 ἔργῳ
3056 3773 3270 3844 ἀγαθῷ,
3298 3775 3376 3836 εἰς
3408 3772 3466 3824 τὸ
3501 3772 3661 3842 ποιῆ-

2081 3889 2170 3924 σαι
2208 3870 2267 3923 τὸ
2315 3869 2528 3938 θέλημα
2567 3868 2758 3930 αὐτοῦ,
2794 3868 2961 3920 ποιῶν
2991 3869 3048 3918 ἐν
3099 3866 3227 3934 ὑμῖν
3261 3864 3322 3916 τὸ
3366 3862 3662 3932 εὐάρεστον

2078 3961 2306 4014 ἐνώπιον
2333 3961 2496 4015 αὐτοῦ
2524 3961 2612 4014 διὰ
2648 3958 2820 4027 Ἰησοῦ
2855 3957 3114 4029 Χριστοῦ,
3207 3958 3239 4025 ἡ
3261 3955 3387 4022 δόξα
3423 3957 3503 4016 εἰς
3534 3955 3661 4016 τοῦς

2079 4053 2302 4116 αἰῶνας.
2354 4052 2547 4123 Ἀμήν.
2577 4069 2593 4102 ι
2624 4051 2697 4104 Οὐ
2739 4050 2897 4120 μόνον
2947 4049 3003 4102 δὲ
3051 4048 3366 4117 δοξολογῶν.
3400 4045 3535 4100 ἀλλά
3567 4046 3663 4098 καὶ

2079 4141 2492 4214 παραγγέλλων,
2539 4141 2631 4192 καὶ
2679 4139 3206 4210 διαμαρτυρόμενος,
3262 4135 3522 4190 συνάπτει
3566 4134 3660 4188 τὸν

2077 4233 2310 4306 Χριστὸν
2335 4232 2413 4304 τῷ
2437 4232 2556 4302 Θεῷ
2597 4233 2692 4285 καὶ
2720 4231 2914 4300 Πατρί.
2950 4233 3062 4284 Καὶ
3094 4229 3170 4300 τῷ
3213 4228 3468 4300 μακαρίῳ
3493 4227 3664 4293 Τιμο-

2077 4328 2184 4396 θέῳ
2211 4325 2436 4396 γράφων
2590 4341 2602 4353 ⁸
2631 4342 2648 4374 ι
2671 4324 3121 4392 Διαμαρτύρομαι
3144 4320 3371 4373 ἐνώπιον
3403 4319 3495 4370 τοῦ
3521 4316 3661 4370 Θεοῦ

2078 4419 2173 4471 καὶ
2221 4415 2397 4487 Ἰησοῦ
2428 4414 2686 4483 Χριστοῦ.
2715 4434 2730 4462 ι
2764 4414 2873 4466 Καὶ
2897 4413 3086 4466 πάλινο
3121 4431 3140 4463 ι
3172 4410 3546 4480 Παραγγέλλω
3574 4425 3660 4462 σοι

394 4488 665 4546 inhabitat
725 4495 1211 4554 inaeeessibilem:
1257 4517 1421 4570 quem
1472 4505 1655 4559 nullus
1689 4506 1972 4562 hominum

2079 4509 2309 4564 ἐνώπιον
2354 4507 2449 4560 τοῦ
2479 4507 2613 4560 Θεοῦ
2667 4507 2758 4560 τοῦ
2801 4505 3194 4575 ζωογονοῦντος
3224 4504 3290 4558 τὰ
3335 4506 3536 4568 πάντα,
3565 4503 3664 4556 καὶ

392 4581 547 4645 vidit,
585 4584 681 4637 sed
717 4601 819 4640 nec
849 4588 1035 4643 videre
1057 4599 1256 4660 potest,
1281 4593 1370 4646 cui
1397 4593 1576 4649 honor
1598 4604 1653 4649 et
1682 4597 1972 4666 imperium

2082 4599 2319 4673 Χριστοῦ
2381 4597 2574 4668 Ἰησοῦ,
2641 4598 2734 4651 τοῦ
2795 4598 3247 4668 μαρτυρήσαντος
3294 4597 3388 4648 ἐπὶ
3433 4594 3660 4648 Ποντίου

393 4675 806 4740 sempiternum.
832 4679 1005 4734 Amen
1037 4681 1077 4736 θ.
1107 4701 1125 4732 ι

2085 4692 2315 4746 Πιλάτου
2341 4689 2442 4759 τὴν
2467 4688 2635 4758 καλὴν
2677 4687 2990 4756 ὁμολογίαν,
3021 4687 3257 4757 τηρῆσαί
3292 4701 3351 4738 σε
3379 4684 3475 4754 τὴν
3509 4685 3663 4736 ὲντοο

393 4759 491 4828 “IV
526 4763 750 4818 ἄσπιλον
788 4769 1152 4839 ἀνεπίληπτον
1186 4773 1346 4842 μέχρι
1376 4777 1474 4844 τῆς
1526 4778 1848 4845 ἐπιφανείας
1872 4783 1964 4836 τοῦ
2001 4785 2204 4852 Κυρίου
2251 4782 2408 4852 ἡμῶν
2454 4781 2628 4850 Ἰησοῦ
2693 4780 2952 4850 Χριστοῦ,
2980 4780 3046 4850 ἢν
3105 4780 3320 4850 καιροῖς
3371 4777 3523 4839 ἰδίοις
3552 4775 3662 4827 δεί-

398 4856 474 4920 ξει
506 4861 533 4912 ὁ
571 4860 837 4931 μακάριος
866 4866 958 4918 καὶ
1010 4866 1166 4934 μόνος
1194 4866 1481 4936 δυνάστης,
1514 4871 1541 4921 ὁ
1569 4871 1821 4938 βασιλεὺς
1852 4875 1958 4927 τῶν
2000 4875 2391 4946 βασιλευόντων
2416 4913 2430 4935 ,
2458 4874 2551 4926 καὶ
2618 4871 2822 4941 Κύριος
2881 4871 2986 4923 τῶν
3023 4870 3404 4942 κυριευόντων,
3435 4872 3462 4921 6
3499 4867 3660 4937 μόνος

395 4953 531 5021 ἔχων
570 4954 890 5018 ἀθανασίαν,
922 4957 1036 5024 φῶς
1071 4959 1234 5012 οἰκῶν
1281 4960 1602 5031 ἀπρόσιτονο
1633 4962 1690 5017 ὃν
1719 4960 1856 5020 εἶδεν
1917 4970 2089 5034 οὐδεὶς
2144 4968 2468 5038 ἀνθρώπων,
2499 4968 2622 5022 οὔτε
2687 4969 2814 5021 ἰδεῖν
2863 4967 3120 5020 δύναται·
3149 4956 3193 5032 ᾧ
3226 4963 3361 5034 τιμὴ
3391 4963 3485 5015 καὶ
3522 4964 3662 5034 κρά-

394 5060 484 5107 τος
510 5045 743 5098 αἰώνιον.
795 5046 985 5115 Ἀμήν.

465 5163 589 5218 llzec
648 5181 677 5218 a
733 5165 934 5220 divinis
974 5168 1237 5235 apostolis
1283 5170 1597 5235 didicimus,
1647 5173 1788 5228 hanc
1812 5177 1974 5230 nobis

393 5255 706 5309 doctrinam
753 5265 808 5309 et
837 5256 1076 5311 Joannes
1115 5268 1171 5312 et
1196 5260 1501 5325 Matthzeus,
1535 5265 1974 5334 evangelicarum

396 5347 772 5401 narrationum
794 5346 942 5402 ﬂuvii
967 5350 1209 5414 maximi,
1236 5355 1607 5422 protulerunt.
1636 5355 1734 5411 Hie
1753 5359 1975 5427 quidem

395 5437 586 5492 dicens
616 5455 630 5491 :
677 5457 694 5488 ι
725 5438 892 5493 Liber
925 5444 1300 5510 generationis
1335 5446 1465 5500 Jesu
1503 5447 1708 5502 Christi
1745 5449 1843 5503 ﬁlii
1877 5451 1979 5504 Da-

397 5527 560 5592 vidis,
605 5527 703 5583 filii
744 5531 979 5586 Abraha:
1027 5534 1105 5599 '°;
1145 5555 1163 5585 ι
1199 5537 1290 5591 ille
1316 5552 1447 5591 vero
1481 5553 1602 5607 qum
1630 5549 1756 5593 ante
1781 5541 1977 5596 smcnla

477 5730 504 5806 ί·
527 5730 726 5806 Ephcs.
765 5733 896 5806 td).
932 5736 988 5806 4?
1020 5736 1184 5806 Rom.
1210 5752 1314 5806 svi,
1344 5734 1526 5789 ‘25—‘27.
1603 5739 1622 5768 ³
1654 5739 1853 5806 Ενίιρς,
1894 5755 1969 5799 ιιι,
2002 5739 2087 5792 20.

410 5799 426 5829 ⁷
463 5797 628 5851 llebr.
654 5816 765 5866 xm,
803 5802 892 5868 20,
925 5801 1014 5856 2|.

2153 5173 2338 5228 Ταῦτα
2374 5171 2526 5242 παρὰ
2566 5170 2678 5224 τῶν
2706 5169 2867 5222 θείων
2923 5167 3281 5238 ἐδιδάχθημεν
3322 5167 3658 5232 ἀποστόλων,

2081 5266 2283 5337 ταύτην
2325 5266 2420 5317 καὶ
2466 5264 2722 5329 Ἰωάννης
2753 5263 2850 5314 καὶ
2909 5259 3208 5323 Ματθαῑος,
3239 5259 3349 5313 τῶν
3378 5260 3662 5328 εὐαγγελι-

2083 5359 2196 5413 κῶν
2224 5356 2596 5428 κηρυγμάτων
2628 5358 2677 5408 οἱ
2715 5355 2963 5425 μέγιστοι
3000 5353 3256 5422 ποταμοὶ,
3278 5353 3376 5423 τὴν
3398 5352 3660 5406 διδασκα-

2083 5449 2202 5502 λίαν
2261 5449 2392 5515 ήμίν
2449 5447 2857 5516 προσήνεγκαν·
2917 5444 2945 5496 6
3006 5442 3102 5511 μὲν
3161 5441 3364 5494 εἰπών·
3426 5462 3443 5492 ι
3473 5441 3659 5504 ntere;

2087 5539 2350 5608 γενέσεως
2377 5537 2552 5607 Ἰησοῦ
2573 5534 2814 5606 Χριστοῦ
2835 5534 2952 5588 υἱοῦ
2977 5534 3162 5600 Δαὸὶδ,
3194 5533 3309 5586 υἱοῦ
3341 5533 3588 5604 Ἀϐραάμ
3609 5549 3620 5561 ·
3637 5554 3656 5586 ιι

2189 5742 2210 5768 ⁸
2246 5738 2380 5792 ibid.
2411 5739 2490 5791 H.

2584 5737 2602 5768 ³
2638 5736 2837 5804 Ephcs.
2869 5752 2920 5801 v,
2943 5734 3031 5787 9.0.
3147 5735 3167 5765 ⁶
3197 5731 3435 5804 Philipp.
3465 5749 3536 5800 Iv,
3572 5731 3655 5787 l9.

1091 5806 1110 5836 ⁸
1147 5805 1189 5858 ll
1216 5804 1356 5858 Tim.
1391 5821 1460 5871 IV,
1500 5808 1563 5859 13
1662 5804 1729 5862 ⁸⁷1
1767 5809 1905 5861 Tim.
1938 5825 2008 5873 vi,
2039 5808 2198 5862 13-16
2225 5825 2307 5876 sq.
2351 5809 2391 5837 ‘°
2425 5806 2612 5860 Matth.
2649 5822 2683 5870 ι,
2711 5806 2759 5858 1.
