4072 6422
409 364 547 436 nos
1707 368 2070 429 EPISTOLA
2105 370 2385 434 CXLVII.
3530 375 3670 444 1m

402 478 434 526 ὁ
461 474 520 528 δὲ
552 473 622 526 τὰ
670 474 776 544 πρὸ
818 473 925 526 τῶν
977 473 1188 526 αίώνων
1217 470 1497 551 ,ἐπιδείξας
1518 487 1531 500 ·
1570 492 1587 523 ι
1625 471 1716 526 Ἐν
1746 474 1885 544 ἀρχῇ
1919 470 1987 545 ἧν

2088 474 2243 532 fuere
2293 476 2654 532 manifestans
2692 495 2705 529 ι
2768 497 2784 525 ι
2818 478 2874 531 ln
2928 477 3202 549 principio
3241 489 3362 536 erat
3400 482 3663 550 Verbum,
3708 478 3711 481 ’

403 567 433 617 ὁ
465 567 654 633 Λόγος,
688 564 782 618 καὶ
813 566 842 617 ό
874 564 1043 633 Λόγος
1077 559 1145 635 ἦν
1174 564 1309 634 πρὸς
1342 563 1432 616 τὸν
1456 562 1607 626 Θεὸν,
1638 564 1735 617 καὶ
1764 565 1895 630 Θεὸς
1916 563 1985 637 ἦν

2091 575 2147 621 et
2181 567 2422 623 Verbum
2454 576 2576 623 erat
2612 567 2760 639 apud
2786 570 2983 635 Deum,
3010 580 3068 626 et
3093 572 3239 627 Deus
3256 582 3376 628 erat
3407 574 3665 632 Verbum.

403 659 431 707 ὁ
467 654 654 722 Λόγος.
683 649 853 717 Οὗτος
882 650 949 725 ἦν
986 656 1043 707 ἐν
1070 656 1215 724 ἀρχῇ
1250 654 1387 725 πρὸς
1415 653 1508 708 τὸν
1556 653 1689 707 Θεόν
1711 670 1722 682 ·
1761 656 1855 708 καὶ
1905 658 1986 710 ὅτι

2092 657 2208 713 Hoc
2265 669 2387 717 erat
2430 661 2487 729 in
2532 661 2806 731 principio
2857 662 3002 732 apud
3031 664 3227 731 Deum,
3273 676 3330 722 et
3360 668 3542 724 omnia
3569 684 3671 741 per

402 745 584 798 πάντα
615 745 682 799 δι’
704 744 871 798 αὑτοῦ
905 745 1123 814 ἐγένετο
1150 744 1286 815 (2‘5).
1325 762 1342 794 ι

2094 749 2272 820 ipsum
2306 752 2448 808 facta
2480 762 2608 808 sunt
2638 754 2702 808 “.
2735 772 2752 805 ι

405 970 621 1042 1275
636 972 1001 1065 Sequuntur
1022 973 1342 1065 Ερξξεοίιιτ,
1367 994 1523 1065 (μιᾳ),
1557 995 1593 1035 α
1617 966 1952 1065 Sit-monti};
1986 980 2050 1039 in
2072 978 2381 1065 columine
2406 981 2805 1065 epistularum
2833 983 3199 1065 Theodoreti
3214 998 3666 1065 prcetermzssaz,

769 1055 839 1114 in
874 1055 1172 1117 Gamerii
1215 1056 1517 1145 eluctari?
1561 1055 1814 1145 et_ali(_1_i.
1846 1057 2027 1145 edita:
2070 1060 2365 1145 fuerant;
2404 1055 2743 1145 secundum
2792 1064 3093 1145 ordinem,
3136 1055 3311 1145 quem

1226 1134 1573 1195 Garnerius
1622 1134 2113 1218 inAI'hca‘doreti
2146 1137 2535 1218 aliorumque
2581 1140 2861 1218 epistolis

1513 1214 1968 1275 constituendis
2001 1214 2382 1280 observavit.

508 1334 683 1392 PMZ'.
712 1367 783 1377 —
814 1336 1059 1406 Ἰωάννῃ
1089 1338 1402 1404 ἐπισκόπῳ
1428 1340 1999 1421 Γερμανικείιιςμϐ).

473 1449 557 1504 Τὰ
588 1450 687 1520 μὲν
720 1449 963 1521 πρότερα
995 1449 1299 1521 γράμματα
1325 1449 1427 1519 τῆς
1467 1449 1570 1522 σῆς
1594 1451 1871 1523 όσιότητος
1893 1452 1985 1505 εὑ-

399 1539 503 1606 θὺς
528 1539 821 1609 δεξάμενος
855 1540 1253 1611 ἀντιγέγραφα.
1284 1541 1420 1614 Περὶ
1448 1540 1506 1593 δὲ
1549 1541 1659 1595 τῶν
1686 1543 1985 1613 προκειμέ-

400 1648 510 1683 νων
543 1630 693 1683 οὐδέν
721 1631 868 1684 ἐστιν
895 1629 1113 1682 ἐλπίσαι
1138 1629 1391 1700 χρηστόν.
1416 1628 1528 1699 Τῆς
1551 1629 1660 1701 γὰρ
1690 1630 1985 1695 παντελοῦς

398 1720 741 1784 ἁποστασίας
780 1720 1150 1791 ὑπολαμϐάνω
1196 1719 1370 1773 ταῦτα
1413 1717 1553 1774 εἶναι
1602 1720 1881 1791 προοίμια.
1910 1722 1985 1774 Τὸ

397 1815 509 1885 γὰρ
556 1814 687 1877 τοὺς
742 1814 1076 1885 θρηνοῦντας
1120 1815 1187 1868 τὰ
1240 1813 1382 1867 κατὰ
1418 1812 1559 1884 βίαν,
1586 1813 1659 1876 ὥς
1696 1830 1880 1881 φασιν,
1925 1814 1983 1867 ἐν

409 1906 624 1976 Ἐφέσῳ
646 1904 988 1975 γεγενημένα
1012 1904 1087 1975 μὴ
1111 1903 1532 1974 μεταμέλεσθαι,
1564 1902 1679 1956 ἀλλ’
1699 1903 1983 1973 ἐπιμένειν

2230 1342 2481 1396 CXLVII.
2526 1374 2589 1384 —-
2621 1342 2820 1397 Joanm'
2851 1342 3109 1415 Episcopo
3148 1344 3512 1400 Germanicitv.

2159 1454 2242 1511 Ad
2276 1444 2491 1526 priores
2523 1456 2835 1511 sanctitatis
2862 1468 2969 1513 tuae
2998 1458 3214 1513 litteras
3254 1460 3511 1531 rescripsi
3547 1475 3670 1515 cum

2089 1550 2330 1620 primum
2384 1549 2592 1620 accepi.
2637 1549 2715 1604 De
2758 1550 3016 1620 praesenti
3058 1560 3241 1606 autem
3291 1568 3479 1608 rerum
3528 1560 3670 1608 statu

2091 1640 2231 1695 nihil
2281 1639 2414 1695 boni
2468 1655 2690 1710 sperare
2736 1641 2889 1703 licet,
2926 1640 3362 1712 defectionisque
3410 1643 3675 1699 absoluta:

2091 1731 2250 1785 initia
2282 1731 2401 1786 haec
2431 1746 2553 1787 esse
2578 1731 2835 1785 arbitror.
2866 1730 3023 1797 Quod
3043 1731 3191 1785 enim
3221 1733 3300 1797 hi,
3338 1733 3552 1804 1276
3574 1733 3668 1803 qui

2091 1838 2180 1877 res
2204 1838 2302 1893 per
2326 1823 2460 1887 vim,
2508 1832 2569 1876 ut
2607 1821 2922 1892 perhibent,
2976 1822 3178 1893 Ephesi
3227 1832 3407 1894 gestas
3441 1822 3669 1889 deﬂent,

2090 1923 2329 1969 mentem
2368 1930 2481 1968 non
2531 1920 2767 1979 mutant,
2814 1914 2911 1969 sed
2967 1914 3025 1969 in
3067 1914 3137 1969 iis
3178 1922 3503 1984 permanent
3548 1929 3672 1984 quae

394 1999 513 2059 τοῖς
556 1994 896 2065 παρανόμοις
949 1994 1079 2065 παρ’
1111 1994 1291 2048 αὐτῶν
1346 1992 1712 2064 τολμηθεῖσιν,
1759 1994 1854 2047 καὶ
1887 1996 1985 2047 ἐπ-

2089 2008 2279 2055 contra
2307 2001 2455 2072 leges
2474 2009 2795 2071 patrarunt,
2836 2011 2893 2057 et
2931 2002 3258 2072 injustitiam
3286 2003 3449 2057 simul
3478 2003 3673 2072 impie-

395 2088 704 2158 οικοδομείν
734 2086 876 2141 κατὰ
900 2086 1098 2140 ταυτὸν
1134 2087 1236 2158 τήν
1265 2104 1326 2141 τε
1361 2085 1574 2140 ἀδικίαν
1610 2086 1705 2139 καὶ
1725 2085 1826 2156 τὴν
1856 2085 1986 2139 ἀσέ-

398 2179 575 2241 ϐειαν,
605 2180 701 2232 καὶ
733 2179 795 2232 τὸ
837 2180 964 2242 τοὺς
1015 2177 1209 2241 ἄλλους
1269 2178 1409 2250 μήτε
1455 2177 1868 2247 συμϐουλεύειν,
1901 2178 1988 2231 ἵνα

397 2272 585 2333 αὐτοῖς
627 2268 899 2341 ἐξαρνηθῇ
942 2269 1009 2322 τὰ
1041 2268 1398 2340 τολμηθέντα,
1436 2272 1573 2340 μήτε
1616 2269 1988 2340 ἐπιμενόντων

398 2355 483 2425 οἷς
520 2361 860 2433 παρανόμως
914 2361 1147 2431 ἔδρασαν
1201 2361 1423 2431 φεύγειν
1456 2361 1556 2434 τὴν
1591 2362 1899 2427 κοινωνίαν,
1934 2362 1987 2416 τί

398 2454 511 2509 τῶν
548 2454 801 2526 χρηστῶν
847 2454 1089 2519 ἐλπίζειν
1118 2455 1221 2527 ἐᾷς
1262 2455 1325 2507 Ei
1359 2456 1456 2525 μὲν
1480 2456 1591 2526 γὰρ
1636 2455 1871 2526 ἐπῄνουν
1918 2454 1988 2507 τὰ

399 2545 749 2616 γεγενημένα
795 2545 871 2608 ὡς
904 2541 979 2603 εὖ
1025 2546 1121 2599 καὶ¹
1153 2545 1334 2609 καλῶς
1365 2546 1578 2617 ἔχοντα,
1613 2548 1841 2611 εἰκότως
1872 2550 1986 2611 τοῖς

400 2638 553 2709 παρὰ
581 2637 731 2706 σφῶν
756 2637 1170 2707 ἐπαινουμένοις
1192 2637 1475 2708 ἐπέμενον.
1505 2639 1567 2691 Εί
1591 2639 1648 2692 δὲ
1674 2637 1982 2710 θρηνοῦσιν,

398 2729 479 2793 ὡς
504 2728 774 2798 λέγουσιν,
822 2729 917 2782 καὶ
949 2730 1162 2801 ἀνάγκῃ
1192 2730 1288 2783 καὶ
1315 2728 1405 2802 βίᾳ
1434 2729 1609 2784 ταῦτα
1640 2732 1983 2802 πεπραχέναι

400 2820 556 2890 φασὶ,
592 2819 645 2873 τί
690 2819 893 2890 δήποτε
938 2820 1013 2890 μὴ
1057 2820 1169 2890 (2'7)
1203 2819 1554 2892 ἐξαρνοῦνται
1584 2822 1619 2876 ἃ
1653 2824 1986 2894 παρανόμως

398 2909 744 2981 δεδράκασιν,
776 2906 914 2963 ἀλλὰ
949 2908 1008 2962 τὸ
1034 2908 1231 2979 παρὸν,
1267 2910 1363 2963 καί⁵
1388 2911 1596 2981 σφόδρα
1622 2910 1681 2964 ὃν
1705 2911 1985 2983 ὀλιγοχρό-

398 3017 533 3067 νιον,
558 2998 653 3054 τοῦ
686 3000 975 3072 μέλλοντος
1005 3000 1442 3071 προτετίμηται;
1474 3002 1541 3054 Τί
1570 3002 1770 3074 δήποτε
1802 3003 1859 3055 δὲ
1892 3003 1987 3056 καὶ

401 3092 695 3164 προφανῶς
720 3091 1029 3162 ψεύδονται,
1070 3092 1165 3146 καί
1192 3109 1322 3163 φασι
1357 3092 1626 3164 μηδεμίαν
1658 3093 1988 3164 γεγενῆσθαι

399 3184 533 3257 περὶ
572 3183 635 3237 τὸ
661 3182 840 3253 δόγμα
885 3184 1266 3254 καινοτομίαν;
1313 3183 1414 3236 Διὰ
1442 3185 1630 3247 ποίους
1659 3185 1854 3255 φόνους
1895 3186 1988 3240 καὶ

400 3275 657 3347 γοητείας
708 3273 978 3344 ἐξηλάθην
1043 3274 1187 3342 ὲγώ;
1226 3275 1286 3328 ’0
1344 3274 1496 3329 δεῖνά
1542 3291 1693 3342 τινας
1725 3277 1987 3348 ’μοιχείας

402 3367 738 3438 ὲτόλμησεν;
769 3363 962 3428 Ποίους
1008 3367 1036 3417 ό
1066 3364 1212 3417 δεῖνα
1239 3363 1500 3437 διώρυξεν
1531 3365 1767 3433 τάφους;
1815 3366 1983 3435 Δῆλόν
2010 3352 2053 3409 C

400 3460 519 3513 ἐστι
561 3457 657 3511 καὶ⁸
697 3458 810 3521 τοῖς
858 3454 1173 3528 βαρϐάροις,
1212 3455 1289 3517 ὡς
1324 3455 1611 3527 δογμάτων
1644 3456 1805 3527 χάριν
1838 3456 1986 3528 κάμὲ

399 3548 497 3603 καὶ
529 3548 659 3611 τοὺς
689 3547 882 3611 ἄλλους
909 3545 1198 3617 ἐξήλασαν.
1240 3547 1350 3600 Καὶ
1401 3532 1512 3619 γὰρ
1546 3546 1637 3601 τὸν
1669 3547 1857 3618 κύριον
1886 3548 1987 3601 Δό-

403 3658 556 3712 μνον,
586 3640 663 3705 ὡς
715 3641 785 3695 τὰ
819 3639 1089 3709 κεφάλαια
1147 3637 1224 3710 μὴ
1276 3637 1592 3709 δεξάμενον,
1641 3639 1891 3694 καθεῖλον
1936 3641 1986 3694 οί

402 3733 692 3804 βέλτιστοι,
721 3731 1061 3801 πανεύφημα
1092 3729 1269 3784 ταῦτα
1298 3730 1649 3798 καλέσαντες,
1681 3732 1775 3785 καὶ
1812 3732 1986 3804 ἐμμέ-

398 3842 515 3879 νειν
566 3823 779 3887 τούτοις
822 3822 1275 3893 ὁμολογήσαντες.
1343 3821 1484 3891 Ἐγὼ
1513 3822 1622 3901 γὰρ
1664 3822 1845 3876 αὐτῶν
1886 3824 1987 3888 τὰς

400 3914 722 3979 καταθέσεις
748 3914 1011 3983 ἀνέγνωνο
1037 3914 1136 3984 ἐμὲ
1164 3913 1221 3966 δὲ
1244 3914 1319 3977 ὠς
1345 3913 1443 3983 τῆς
1472 3914 1736 3981 αἱρέσεως
1758 3913 1987 3986 ἔξαρχον

399 4004 780 4078 ἀπεκήρυξαν,
813 4005 1056 4068 καὶτοὺς
1084 4003 1277 4068 ἄλλους
1301 4003 1563 4067 ὡσαύτως
1583 4003 1674 4057 διὰ
1697 4006 1798 4077 τὴν
1818 4007 1986 4077 αὐτὴν

399 4099 579 4153 αἰτίαν
608 4096 883 4163 ἐξέϐαλον.
900 4097 1025 4150 Ὀτι
1054 4096 1163 4167 γὰρ
1191 4096 1289 4168 τὴν
1317 4096 1626 4167 πρακτικὴν
1650 4097 1849 4168 ἀρετὴν
1873 4101 1986 4161 τοῖς

413 4190 758 4262 ’Δμαξοϐίοις
790 4188 1045 4259 μᾶλλονῆ
1075 4190 1256 4262 αὐτοῖς
1281 4187 1687 4257 νομοθετεῖσθαι
1719 4190 1867 4260 παρὰ
1889 4188 1983 4244 τοῦ

400 4284 652 4355 Σωτῆρος
685 4280 977 4342 ὑπέλαϐον,
1011 4278 1151 4333 αὐτὰ
1209 4278 1308 4351 βοᾷ
1353 4278 1424 4332 τὰ
1461 4281 1780 4351 πράγματα.
1826 4282 1985 4335 Κατὰ

399 4376 510 4447 γὰρ
534 4374 888 4431 Κανδιδιανοῦ
914 4372 1009 4428 τοῦ
1038 4371 1259 4426 Πισίδου
1283 4369 1395 4441 (28)
1419 4371 1697 4436 λιϐέλλους
1721 4373 1984 4429 ἐπέδοσόω

398 4485 562 4534 τινες,
618 4466 864 4539 μοιχείας
912 4463 1077 4519 αὐτοῦ
1134 4462 1571 4533 κατηγοροῦντες
1612 4463 1835 4530 πολλὰς,
1890 4465 1985 4518 καὶ

398 4560 593 4633 ἐτέρας
625 4558 987 4631 παρανομίας.
1018 4556 1128 4610 Καί
1155 4571 1317 4625 φασιν
1339 4555 1618 4625 είρηκέναι
1641 4558 1740 4627 τῆς
1766 4556 1983 4610 συνόδου

396 4654 489 4708 τὸν
526 4651 774 4722 ἔξαρχονθ
828 4651 891 4703 Εί
950 4648 1235 4719 δογμάτων
1292 4650 1678 4718 κατηγορεῖτε,
1713 4647 1982 4719 δεχόμεθα

397 4744 523 4807 τοὺς
556 4739 851 4803 λιϐέλλουςο
908 4739 970 4792 οὐ
1018 4739 1129 4809 γὰρ
1168 4737 1403 4808 ἦλθομεν
1443 4737 1709 4807 μοιχείαις
1737 4736 1975 4793 δικάσαι.

398 4835 499 4889 Διά
527 4851 609 4888 τοι
640 4831 800 4887 τοῦτο
836 4829 933 4885 καὶ
962 4828 1208 4901 Ἀθήνιον
1234 4829 1329 4883 καὶ
1365 4828 1707 4894 Ἀθανάσιον,
1745 4827 1850 4881 ὑπὸ
1880 4829 1980 4899 τῆς

398 4924 724 4995 ἀνατολικῆς
761 4922 1125 4992 ἐκϐληθέντας
1164 4921 1407 4987 συνόδου,
1442 4919 1543 4983 τὰς
1584 4919 1790 4984 οἰκείας
1840 4921 1979 4974 ἀπο-

398 5018 581 5073 λαϐεῖν
615 5013 944 5087 Ἐκκλησίας
966 5011 1278 5065 ἐκέλευσαν
1301 5010 1379 5075 ὡς
1401 5011 1556 5066 οὐδὲν
1579 5011 1679 5082 μὲν
1708 5012 1837 5083 περὶ
1861 5011 1980 5083 βίου

470 5172 512 5204 ³⁸
542 5172 706 5228 Joan.
744 5185 784 5235 I,
820 5168 936 5223 1-5.

472 5304 582 5364 (25)
621 5304 829 5361 Ctetera
862 5301 1263 5358 desiderantur.

470 5366 583 5448 (26)
615 5376 766 5448 Hanc
794 5373 1101 5448 epistolam,
1145 5386 1280 5448 (ιυωῇ
1299 5370 1355 5425 in
1402 5369 1662 5448 omnibus
1690 5369 1975 5448 codicibus

397 5439 490 5502 est
532 5439 845 5501 centesima"
880 5439 1402 5511 vicesima—quinta,
1459 5439 1789 5511 Sirmondus
1842 5456 1873 5494 a
1916 5457 1974 5495 se

439 5517 824 5571 rmtermisam
854 5509 1221 5567 collocaverat
1249 5512 1304 5565 in
1333 5509 1634 5580 appendice
1663 5510 1731 5564 ad
1765 5521 1972 5566 tomum

425 5586 468 5641 γ
506 5584 747 5654 Operum
794 5582 1148 5645 Theodoreti,
1190 5597 1247 5652 p.
1279 5582 1383 5636 702
1404 5595 1543 5654 sequ,
1568 5596 1730 5649 quam
1756 5596 1824 5635 ex
1856 5582 1977 5649 ejus

398 5651 685 5710 voluntate
717 5653 1091 5724 posuissemus
1133 5651 1235 5706 suo
1267 5662 1406 5715 loco,
1440 5651 1547 5724 nisi
1572 5657 1849 5724 et_omn_es
1878 5667 1980 5724 nu—

401 5724 539 5795 I_n_eri
574 5720 747 5795 seqq.
808 5723 1375 5795 epistolarumgquos
1423 5721 1601 5795 solent
1642 5720 1979 5795 i_n_citandis

401 5789 736 5851 Theodoreti
779 5789 1031 5864 epistolis
1064 5789 1270 5863 sequi,'
1293 5789 1598 5863 perturbati
1645 5790 1899 5858 fuissent,
1923 5799 1980 5845 et

2088 2102 2368 2164 talemque
2412 2102 2805 2165 superstruunt
2860 2111 2875 2148 :
2921 2094 3014 2148 alii
3058 2111 3192 2150 vero
3231 2108 3336 2150 nec
3377 2096 3670 2150 consilium

2088 2186 2223 2241 dant
2245 2194 2307 2241 ut
2339 2188 2557 2257 ejurent
2576 2203 2698 2257 qua}
2720 2196 2934 2258 patrata
2970 2196 3119 2253 sunt,
3151 2203 3256 2243 nec
3279 2204 3470 2243 eorum
3494 2188 3589 2258 qui
3613 2187 3669 2241 in

2089 2293 2379 2349 perperam
2426 2278 2597 2347 gestis
2633 2287 2996 2348 perseverant
3034 2279 3479 2333 communionem
3521 2276 3674 2332 devi-

2090 2378 2230 2433 tant,
2273 2370 2406 2440 quid
2444 2369 2575 2424 boni
2612 2386 2838 2441 sperare
2884 2371 3207 2443 permittit?
3253 2371 3469 2426 Etenim
3520 2369 3566 2424 si
3606 2384 3670 2423 ca

2089 2475 2211 2528 qua:
2246 2462 2387 2512 facta
2417 2469 2566 2524 sunt,
2604 2469 2865 2530 tanquam
2917 2462 3059 2533 bene
3082 2476 3149 2516 ac
3194 2470 3342 2516 recte
3376 2467 3527 2530 gesta
3550 2458 3671 2511 lau-

2086 2551 2299 2614 darent,
2322 2552 2449 2620 jure
2487 2551 2542 2604 in
2568 2551 2636 2605 iis
2666 2568 2787 2621 quae
2823 2551 2927 2622 ipsi
2950 2552 3241 2606 laudarent
3282 2551 3668 2621 persisterent.

2086 2638 2155 2695 At
2190 2640 2235 2695 si
2278 2640 2502 2708 lugent,
2557 2647 2617 2691 ut
2663 2639 2892 2703 dicunt,
2940 2646 2997 2693 et
3031 2638 3085 2692 vi
3132 2652 3197 2691 ac
3231 2635 3563 2691 necessitate
3587 2633 3669 2688 fe-

2087 2732 2228 2788 cisse
2287 2747 2346 2786 se
2404 2730 2581 2795 aiunt,
2640 2746 2741 2785 cur
2796 2744 2906 2783 non
2972 2727 3269 2798 repudiant
3319 2742 3442 2797 qua:
3480 2733 3669 2780 contra

2086 2823 2234 2894 leges
2265 2830 2516 2892 egerunt,
2576 2820 2673 2875 sed
2738 2818 2885 2889 quod
2926 2833 3168 2888 praesens
3233 2826 3355 2881 est,
3416 2814 3672 2886 quamvis

2086 2914 2269 2986 exigui
2326 2913 2399 2968 sit
2454 2912 2749 2982 temporis,
2793 2910 2982 2966 futuro
3022 2909 3321 2964 antelatum
3349 2907 3478 2964 est?
3528 2905 3670 2974 Quid

2087 3016 2276 3062 autem
2303 3006 2469 3061 etiam
2502 3014 2689 3074 aperte
2712 3004 3082 3068 mentiuntur,
3098 3011 3155 3056 et
3180 3000 3386 3056 nullam
3409 2999 3673 3054 doctrina:

2092 3097 2509 3153 innovationem
2537 3095 2735 3151 factam
2774 3093 3006 3149 dicunt?
3026 3092 3300 3159 Quasnam
3319 3089 3390 3144 ob
3418 3089 3596 3144 caedes
3618 3098 3674 3143 et

2089 3187 2358 3243 maleﬁcia
2383 3186 2648 3257 expulsus
2675 3201 2777 3255 ego
2803 3200 2926 3239 sum
2954 3184 2977 3238 ?
3008 3197 3260 3252 quaenam
3286 3180 3378 3236 hic
3400 3180 3673 3236 adulteria

2089 3278 2410 3336 commisit?
2447 3294 2570 3347 quae
2635 3277 2892 3346 sepulcra
2949 3275 3042 3330 ille
3093 3272 3368 3344 perfodit?
3412 3272 3672 3326 Barbaris

2087 3371 2220 3442 ipsis
2242 3381 2592 3442 perspectum
2624 3377 2709 3423 est
2733 3367 2855 3422 illos
2882 3376 2997 3421 tum
3039 3382 3150 3431 me,
3188 3374 3306 3421 tum
3346 3364 3504 3431 alios,
3540 3363 3674 3434 dog-

2086 3472 2295 3517 malum
2357 3476 2523 3516 causa
2577 3459 2826 3532 ejecisse.
2884 3459 3021 3514 Nam
3066 3459 3174 3513 et'
3219 3455 3505 3511 dominum
3561 3454 3673 3508 Βο-

2087 3568 2300 3618 mnum,
2347 3551 2496 3623 quod
2530 3550 2782 3625 Capitula
2835 3566 2946 3605 non
2987 3548 3281 3619 reciperet,
3326 3548 3433 3602 viri
3474 3546 3668 3617 optimi

2087 3643 2485 3715 deposuerunt,
2518 3643 2668 3697 omni
2708 3641 2870 3697 laude
2893 3640 3057 3712 digna
3084 3640 3201 3695 hmo
3223 3638 3576 3703 aﬂirmantes,
3614 3648 3670 3693 et

2088 3735 2143 3789 in
2168 3734 2258 3789 bis
2281 3749 2340 3789 se
2376 3732 2728 3804 acquiescere
2753 3732 3108 3802 profitentes;
3139 3746 3331 3786 eorum
3361 3730 3506 3784 enim
3543 3745 3671 3800 pro.
3692 3771 3704 3780 .

2086 3826 2359 3883 fessiones
2388 3840 2491 3896 ego
2524 3824 2668 3896 legi:
2702 3840 2789 3879 me
2822 3839 2958 3879 vero
2982 3824 3134 3880 velut
3162 3824 3435 3879 haereseos
3466 3815 3671 3892 princi-

2086 3932 2213 3987 pem
2246 3914 2600 3981 abdicarunt,
2644 3925 2701 3971 et
2739 3916 2880 3972 alios
2908 3917 3116 3987 pariter
3153 3916 3402 3971 eamdem
3440 3914 3512 3968 ob
3540 3930 3670 3969 cau-

2087 4023 2205 4063 sam
2238 4008 2593 4078 cxpulerunt.
2630 4007 2887 4063 Activam‘
2932 4008 3137 4078 quippe
3176 4006 3437 4061 virtutem
3474 4005 3669 4060 Hama-

2085 4099 2269 4153 xobiis
2318 4100 2503 4169 potius
2560 4115 2724 4169 quam
2768 4098 2877 4154 sibi
2923 4114 2955 4153 a
3004 4098 3296 4153 Servatore
3342 4098 3667 4166 imperatam

2087 4191 2237 4261 ipsos
2259 4192 2623 4256 existimasse,
2654 4206 2743 4246 res
2780 4190 3036 4245 clamant.
3074 4189 3352 4244 Adversus
3374 4188 3669 4243 Candidia-

2085 4297 2220 4335 num
2263 4282 2411 4337 enim
2448 4283 2689 4339 Pisidam
2732 4300 2856 4343 cum
2888 4284 3107 4338 libellos
3135 4283 3360 4353 quidam
3390 4282 3667 4351 porrexis—

2085 4382 2229 4440 sent,
2256 4376 2428 4429 multa
2458 4375 2578 4445 ejus
2610 4375 2883 4430 adulteria
2916 4383 2973 4429 et
2993 4374 3099 4429 alia
3134 4375 3342 4429 scelera
3366 4372 3668 4428 criminan-

2086 4473 2187 4531 tes,
2213 4467 2426 4537 1277
2454 4466 2648 4539 synodi
2665 4467 2957 4537 praesidem
2984 4465 3335 4536 respondisse
3356 4465 3544 4520 ferunt
3573 4465 3664 4520 :Si

2084 4558 2337 4629 dogmata
2377 4558 2638 4631 arguitis,
2671 4558 2888 4614 libellos
2921 4558 3267 4613 admittimus
3313 4575 3327 4611 :
3372 4572 3484 4611 non
3515 4557 3666 4611 enim

2083 4649 2360 4714 venimus,
2381 4659 2442 4704 ut
2461 4650 2531 4705 de
2558 4648 2850 4705 adulteriis
2869 4650 3203 4721 judicemus.
3230 4648 3387 4706 Unde
3408 4656 3465 4703 et
3499 4648 3671 4703 Athe-

2085 4740 2238 4795 nium
2280 4749 2336 4796 et
2369 4741 2752 4806 Athanasium,
2784 4741 2853 4796 ab
2885 4730 3149 4797 orientali
3176 4740 3385 4812 synodo
3411 4749 3671 4796 exaucto-

2086 4840 2255 4897 ratos,
2283 4832 2443 4889 sedes
2460 4849 2589 4888 suas
2620 4833 2871 4903 recipere
2904 4834 3229 4904 jusserunt:
3265 4831 3420 4902 quasi
3454 4831 3523 4886 de
3557 4832 3668 4886 vita

2086 4920 2347 4978 Servator
2383 4933 2576 4980 noster
2614 4924 2791 4996 legem
2838 4924 3049 4978 nullam
3101 4923 3380 4989 statuerit,
3418 4923 3513 4977 sed
3536 4921 3669 4991 dog-

2084 5023 2231 5070 mata
2268 5015 2385 5071 sola
2429 5030 2652 5071 servare
2690 5015 3036 5086 praeceperit,
3084 5030 3208 5085 qua:
3255 5015 3503 5071 omnium
3551 5027 3679 5067 ma-

2079 5301 2382 5358 Garnerius
2405 5301 2522 5372 ipse
2553 5303 2608 5357 in
2632 5304 2901 5368 auctario,
2933 5303 3032 5358 ubi
3059 5309 3458 5359 commentatur
3484 5298 3539 5351 in
3562 5296 3664 5352 has

2080 5373 2361 5442 epistolas,
2389 5381 2591 5427 nostra:
2624 5389 2751 5427 eum
2790 5374 3033 5430 dedisset
3072 5374 3251 5427 locum
3277 5386 3342 5423 ac
3364 5383 3662 5442 numerum

2081 5437 2243 5512 quem
2270 5459 2371 5496 nos
2388 5444 2490 5513 ipsi
2511 5443 2785 5498 dedimus.
2818 5444 2914 5499 Est
2937 5453 3120 5500 autem
3142 5443 3255 5513 haec
3289 5438 3519 5513 epistola
3545 5437 3661 5491 col-

2080 5508 2189 5567 lata
2227 5526 2351 5566 cum
2408 5508 2600 5568 'eodice
2657 5512 3088 5575 Vindobonensi,
3137 5511 3294 5582 cujus
3326 5508 3661 5578 discrepan-

2081 5592 2175 5654 tes,
2193 5583 2458 5654 lectiones
2494 5584 2725 5654 margini
2758 5584 3131 5654 ascripsimus.

2178 5653 2271 5791 27%
2293 5656 2375 5707 ἐκ.
2404 5653 2637 5707 Ἦηόυϋξ
2904 5653 2925 5673 ⁷’

2178 5724 2251 5791 28
2314 5723 2573 5778 Πισιδίου.
2615 5722 2778 5779 Vind.

2180 5722 2271 5779 28)
2314 5723 2573 5778 Πισιδίου.
2615 5722 2778 5779 Vind.
