4072 6424
431 392 560 455 1111

1447 379 1934 444 THEODORETI
1975 376 2318 438 EPISCOPI
2350 375 2718 436 CYRENSIS

3553 367 3689 433 141:2

423 507 571 561 xime
615 498 1008 574 sapientissimi
1077 498 1168 555 isti
1237 497 1633 568 depravarunt.
1701 493 1778 549 Ne
1837 493 2005 563 igitur

2110 494 2199 544 τοῦ
2233 491 2484 560 Σωτῆρος
2519 490 2630 562 (29)
2658 491 3142 562 νομοθετήσαντος,
3183 491 3320 558 μόνα
3376 490 3432 542 δὲ
3485 489 3552 543 τὰ
3597 488 3686 543 δό-

424 597 680 660 illudant,
721 593 1167 663 impietatemque
1196 597 1403 660 tegant,
1433 603 1597 658 quam
1629 594 1688 641 et
1717 586 1921 653 linguis
1943 591 2000 638 et

426 688 684 742 manibus
715 685 1128 740 conﬁrmarunt.
1157 681 1312 748 Quod
1345 681 1390 736 si
1429 681 1546 735 haec
1575 681 1651 735 ita
1688 693 1746 734 se
1773 693 1884 732 non
1909 677 2005 730 ha-

426 779 588 842 bent,
637 776 868 832 caedium
911 789 1106 830 causas
1155 774 1413 837 edicant,
1457 770 1768 826 Servatoris
1830 768 2005 822 nostri

427 879 755 925 naturarum
812 866 1112 920 discrimen
1141 906 1156 932 ,
1204 864 1577 934 unionemque
1624 861 2003 925 inconfusam,

424 959 634 1028 scripto
659 956 1050 1022 conﬁteantur,
1086 955 1358 1026 integram
1399 961 1524 1024 post
1571 952 1837 1006 unionem
1891 959 2006 1004 tum

425 1045 772 1100 divinitatem
822 1052 940 1097 tum
991 1044 1394 1097 humanitatem
1449 1041 1716 1096 mansisse
1763 1055 2006 1110 pronun-

425 1139 584 1191 tient.
629 1138 778 1191 Deus
819 1151 933 1190 non
969 1134 1256 1190 irridetur.
1294 1134 1669 1205 Explodantur
1712 1147 1858 1186 nunc
1887 1139 2006 1184 tan-

426 1230 552 1284 dem
613 1230 894 1298 capitula,
964 1244 1086 1298 quae
1156 1229 1354 1298 saepius
1406 1235 1567 1281 antea
1633 1227 2002 1290 damnarunt,

428 1320 632 1390 Ephesi
676 1328 862 1375 autem
899 1335 1077 1390 nuper
1119 1319 1515 1389 approbarunt.
1567 1319 1689 1372 Non
1729 1317 2008 1386 decipiant

428 1411 776 1465 sanctitatem
841 1417 988 1463 tuam
1043 1408 1401 1462 mendacibus
1424 1407 1628 1461 verbis.
1686 1405 2009 1461 Laudabant

429 1517 551 1570 quae
605 1517 635 1556 a
687 1515 774 1554 me
822 1499 1128 1554 Antiochiae
1181 1514 1282 1568 pro
1333 1497 1599 1552 concione
1658 1497 2006 1561 dicebantur,

431 1601 548 1647 tum
597 1607 627 1645 e
667 1607 896 1645 numero
943 1591 1173 1645 fratrum
1228 1604 1353 1644 cum
1405 1596 1612 1654 essent,
1667 1598 1784 1643 tum
1839 1589 2011 1643 lecto—

432 1699 519 1738 res
557 1682 708 1747 facti,
739 1689 796 1735 et
831 1681 1048 1736 diaconi
1088 1679 1346 1745 ordinati,
1376 1690 1431 1734 et
1453 1679 1783 1750 presbyteri,
1816 1688 1872 1733 et
1895 1679 2012 1748 epi-

429 1775 578 1842 scopi
619 1790 631 1825 :
669 1780 726 1825 et
759 1771 914 1826 ﬁnito
953 1787 1227 1834 sermone,
1265 1770 1742 1840 amplexabantur,
1780 1769 2011 1824 deoscu-

2108 600 2296 653 γματα
2330 583 2618 652 φυλάττειν
2650 583 3025 648 κελεύσαντος,
3057 583 3092 636 ἃ
3127 581 3232 649 πρὸ
3253 581 3362 634 τῶν
3395 582 3569 637 ἄλλων
3606 582 3690 634 διο

2111 669 2369 740 ἐφθειραν
2392 672 2440 722 oi
2470 671 2789 738 σοφώτατοι.
2829 670 2920 740 Μὴ
2937 671 3117 725 τοίνυν
3145 670 3512 737 παιζέτωσαν,
3554 670 3689 741 μηδὲ

2111 762 2504 832 κρυπτέτωσαν
2551 763 2649 833 τὴν
2705 763 2976 827 ἀσέϐειαν,
3016 763 3084 833 ἢν
3127 764 3222 817 καὶ
3265 765 3386 826 ταῖς
3421 762 3692 831 γλώτταις

2109 854 2204 907 καὶ
2234 857 2354 917 ταῖς
2382 856 2571 926 χερσὶν
2604 854 2964 909 ἐϐεϐαίωσαν.
2990 856 3052 907 Ei
3097 854 3154 906 δὲ
3214 855 3288 926 μὴ
3324 853 3476 908 ταῦθ’
3518 852 3691 918 οὔτως

2109 943 2245 1016 ἔχει,
2266 945 2576 999 εἰπάτωσαν
2609 946 2718 999 τῶν
2739 944 2962 1014 σφαγῶν
2992 943 3092 1008 τὰς
3121 945 3322 1009 αίτίας,
3353 944 3692 1015 ὁμολογησά-

2106 1053 2288 1089 τωσαν
2317 1036 2608 1106 ἐγγράφως
2639 1035 2750 1090 τῶν
2777 1034 2869 1088 τοῦ
2908 1037 3159 1107 Σωτῆρος
3190 1037 3221 1105 ή
3232 1035 3346 1105 μῶν
3376 1036 3591 1103 φύσεων
3629 1034 3692 1087 τὸ

2108 1127 2385 1198 διάφορον,
2422 1128 2520 1197 τῆς
2547 1125 2795 1190 ἑνώσεως
2825 1125 2886 1178 τὸ
2911 1126 3236 1196 ἀσύγχυτον·
3266 1125 3579 1178 εἰπάτωσαν
3613 1124 3688 1188 ὡς

2109 1217 2205 1270 καὶ
2236 1215 2376 1286 μετὰ
2401 1215 2500 1286 τὴν
2528 1216 2721 1270 ἕνωσιν
2749 1214 3056 1285 ἀκραιφνὴς
3089 1214 3184 1266 xui
3224 1215 3256 1283 ή
3287 1211 3478 1281 θεότης
3527 1210 3620 1263 καὶ
3653 1211 3687 1280 ἠ

2109 1307 2508 1378 ἀνθρπωπότης
2545 1305 2831 1376 διέμεινεν.
2873 1304 2931 1357 '0
2962 1303 3073 1374 (30)
3103 1301 3235 1365 Θεὸς
3261 1301 3322 1355 ού
3356 1300 3688 1370 μυκτηρίζε-

2107 1416 2216 1451 ται.
2257 1396 2590 1469 Ἀρνηθῶσιν
2638 1393 2733 1447 νῦν
2788 1393 2856 1447 τὰ
2900 1393 3186 1462 κεφάλαια,
3221 1391 3258 1445 ἆ
3288 1390 3545 1453 πολλάκις
3591 1389 3690 1459 μὲν

2109 1487 2482 1560 ἄπεκήρυξαν,
2518 1488 2574 1540 ὲν
2623 1485 2833 1555 Ἐφέσῳ
2865 1483 2922 1537 δὲ
2957 1482 3052 1537 νῦν
3088 1481 3439 1536 ἐϐεϐαίωσαν.
3479 1478 3571 1550 Μὴ
3602 1479 3692 1545 ἑξ-

2109 1580 2476 1635 απατάτωσάν
2539 1595 2632 1632 σου
2686 1576 2787 1649 τὴν
2833 1572 3086 1646 ὁσιότητα
3135 1575 3312 1642 λόγοις
3366 1573 3692 1644 κεχρημένοι

2109 1672 2381 1743 ψευδέσιν.
2425 1670 2686 1742 Ἐπῄνουν
2734 1668 2802 1721 τὰ
2847 1670 2976 1736 παρ’
3006 1667 3142 1738 ἐμοῦ
3186 1669 3243 1721 ὲν
3281 1666 3581 1736 Ἀντιοχείᾳ
3612 1664 3694 1716 λεο

2112 1765 2342 1834 γόμενα,
2378 1763 2472 1815 καὶ
2506 1761 2726 1830 ἀδελφοί
2754 1761 2926 1824 ὄντες,
2957 1760 3052 1814 καὶ
3091 1757 3434 1828 ἀναγνῶσται
3467 1756 3694 1827 γενόμε-

430 1863 826 1932 labanturque,
858 1870 915 1916 et
958 1873 1141 1931 caput,
1182 1869 1238 1916 et
1283 1870 1496 1930 pectus,
1539 1869 1595 1915 et
1621 1851 1836 1926 manus,
1870 1877 2008 1914 non-

2110 1869 2210 1916 νοι,
2245 1853 2339 1906 καὶ
2371 1853 2605 1906 διάκονοι
2634 1850 3118 1923 χειροτονηθέντες,
3162 1850 3256 1902 καὶ
3305 1847 3691 1918 πρεσϐύτεροι,

431 1952 566 2006 nulli
605 1952 768 2005 etiam
821 1966 996 2020 genua
1033 1949 1347 2020 tangebam,
1397 1949 1705 2002 doctrinam
1759 1957 2004 2002 nostram

431 2041 783 2111 apostolicam
815 2041 1158 2110 appellantes
1181 2058 1192 2093 :
1217 2051 1273 2095 et
1302 2041 1444 2094 hanc
1472 2040 1634 2094 modo
1655 2040 2005 2104 damnarunt,

432 2134 577 2189 hanc
603 2135 951 2188 anathemate
975 2133 1340 2188 conﬁxerunt.
1369 2133 1544 2202 Atque
1579 2147 1681 2203 ego
1705 2133 1818 2198 ille,
1843 2147 2007 2200 quem

432 2226 620 2279 lumen
673 2225 963 2288 vocabant,
1012 2241 1125 2278 non
1174 2223 1415 2278 Orientis
1456 2224 1660 2287 solius,
1714 2221 1810 2277 sed
1859 2223 2010 2278 orbis

435 2316 700 2380 universi,
740 2316 1084 2386 proscriptus
1131 2331 1274 2378 sum,
1326 2330 1390 2369 ac
1445 2330 1513 2369 ne
1565 2314 1723 2384 panis
1761 2314 2007 2384 quidem,

432 2416 699 2477 quantum
734 2409 790 2461 in
829 2408 962 2477 ipsis
987 2417 1091 2474 est,
1123 2423 1290 2461 usura
1320 2407 1494 2460 fruor.
1529 2407 1667 2460 Nam
1715 2415 1772 2460 et
1825 2407 1890 2460 iis
1914 2406 2009 2475 qui

433 2515 534 2553 nos
560 2501 938 2568 alloquuntur,
968 2500 1184 2569 1278
1211 2499 1503 2553 anathema
1529 2499 1787 2552 dixerunt
1810 2515 1822 2551 :
1845 2513 2009 2568 quem

432 2604 564 2643 vero
597 2590 761 2659 paulo
801 2599 928 2644 ante
961 2591 1355 2659 deposuerunt,
1401 2598 1457 2643 et
1483 2589 1781 2648 Valentini.
1825 2590 2013 2659 Apoli-

432 2679 692 2749 narisque
726 2680 1012 2734 erroribus
1056 2679 1320 2734 infectum
1362 2681 1830 2750 pronuntiarunt,
1862 2680 2012 2734 hunc

434 2779 693 2839 tanquam
714 2771 732 2791 ⁴
754 2770 882 2825 ﬁdei
909 2770 1172 2825 victorem
1209 2771 1481 2836 colebant,
1519 2773 1746 2842 ejusque
1777 2772 2012 2841 pedibus

433 2861 871 2916 advolvebantur
896 2903 911 2926 ,
956 2872 1012 2916 ct
1053 2863 1268 2916 veniam
1318 2863 1653 2930 poscebant,
1704 2869 1761 2916 et
1799 2871 2010 2932 patrem

435 2951 781 3021 spiritualem
815 2953 1229 3021 nuncupabant.
1255 2951 1574 3022 Cujusmodi
1600 2952 1898 3022 polypodes
1934 2953 2014 3008 sic

433 3041 504 3094 ad
537 3056 668 3095 saxa
693 3042 931 3096 colorem
967 3058 1126 3096 suum
1153 3043 1387 3108 variant,
1434 3051 1529 3096 aut
1554 3053 1737 3098 cutem
1773 3043 1842 3098 ad
1883 3043 2012 3098 folia

435 3133 792 3196 chamaeleon,
853 3133 996 3186 sicut
1047 3132 1103 3186 hi
1139 3143 1382 3187 mentem
1412 3134 1478 3188 ad
1516 3142 1767 3205 tempora
1807 3144 1862 3192 et
1888 3153 2014 3193 sen—
2039 3173 2081 3230 ο

436 3226 662 3280 tentiam
695 3224 1074 3279 commutant?
1100 3223 1210 3278 Nos
1234 3239 1366 3278 vero
1390 3225 1499 3279 illis
1527 3235 1582 3279 et
1608 3227 1923 3294 cathedras,
1956 3237 2012 3283 et

435 3317 752 3388 dignitates,
779 3325 834 3370 et
865 3315 1049 3370 brevis
1073 3316 1340 3385 temporis
1362 3315 1589 3371 delicias
1611 3317 2010 3387 cedimus,cum

435 3407 752 3478 apostolicis
777 3413 958 3461 autem
983 3405 1334 3476 dogmatibus
1354 3447 1366 3471 ,
1401 3422 1521 3476 quae
1554 3408 1782 3463 molesta
1817 3417 2014 3478 putant

433 3499 599 3554 exilia
625 3498 1028 3568 praestolamur,
1084 3497 1339 3553 idoneam
1386 3498 1652 3554 habentes
1685 3501 2015 3555 consolatio-

435 3606 561 3645 nem
587 3589 807 3645 Domini
837 3589 1101 3643 tribunal.
1121 3588 1416 3659 Spcramus
1437 3589 1582 3644 enim
1621 3591 1738 3646 fore
1762 3602 1821 3644 ut
1845 3591 2012 3646 multa

434 3683 599 3736 nobis
621 3691 844 3752 peccata
870 3690 1057 3735 nostra
1087 3681 1301 3751 injuriae
1328 3681 1490 3752 hujus
1530 3683 1702 3753 gratia
1751 3682 2008 3737 dimittat.

434 3774 795 3829 Sanctitatcm
851 3788 1018 3842 porro
1066 3781 1216 3826 tuam
1267 3772 1533 3840 obtestor,
1602 3783 1663 3828 ut
1716 3775 2013 3844 impietatis

433 3861 876 3917 communionem
907 3861 1134 3926 devitet,
1160 3861 1448 3933 exigatque
1473 3864 1541 3917 ab
1567 3865 1648 3919 eis
1691 3873 1753 3918 ut
1792 3867 2012 3935 cjurent

433 3968 556 4021 qua:
575 3951 716 4005 facta
743 3958 889 4005 sunt.
911 3950 1068 4017 Quod
1091 3953 1134 4006 si
1164 3953 1362 4020 nolint,
1389 3955 1563 4025 fugiat
1594 3963 1852 4024 tanquam
1884 3953 2011 4008 ﬁdei

433 4043 766 4115 proditores.
817 4044 1110 4114 Tantisper
1151 4056 1333 4102 autem
1385 4055 1709 4116 exspectare
1747 4047 2008 4117 pietatem

433 4145 607 4201 tuam,
645 4144 706 4190 ut
742 4135 946 4201 videat,
973 4153 1104 4191 num
1128 4139 1312 4208 aliqua
1345 4137 1688 4208 tempestatis
1724 4138 1909 4193 futura
1940 4140 2010 4194 sit

432 4227 685 4291 mutatio,
730 4227 956 4283 minime
1002 4229 1477 4298 reprehenderim.
1528 4230 1659 4284 Post
1709 4230 2010 4286 ordinatio-

432 4336 560 4375 nem
593 4337 723 4376 sane
748 4322 999 4392 praasidis
1033 4321 1299 4386 Orientis,
1350 4321 1570 4391 pateﬁet
1605 4338 1831 4392 prorsus
1853 4339 2008 4378 mens

429 4421 486 4467 ct
511 4414 783 4468 sententia
809 4414 1266 4485 uniuscujusque.
1295 4414 1398 4468 Pro
1434 4414 1595 4469 nobis
1623 4430 1784 4469 orare
1819 4415 2008 4485 digne-

2111 1946 2205 1998 καὶ
2253 1944 2560 1998 ἐπίσκοπον
2603 1945 2696 1996 καὶ
2753 1944 2889 2012 μετά
2941 1943 3002 1995 τὸ
3061 1941 3213 2003 τέλος
3262 1941 3360 2011 τῆς
3407 1939 3694 2006 διαλέξεως

2111 2034 2596 2106 περιεπτύσσοντο,
2640 2037 2733 2086 καὶ
2781 2032 3132 2102 κατεφίλουν,
3164 2032 3258 2085 καὶ
3307 2030 3566 2101 κεφαλὴν,
3597 2030 3696 2084 καὶ

2113 2127 2311 2198 στήθη,
2369 2129 2464 2182 καὶ
2523 2129 2730 2198 χεῖρας·
2787 2127 2930 2189 τινὲς
2979 2126 3038 2179 δὲ
3091 2125 3270 2179 αὐτῶν
3323 2125 3418 2178 καὶ
3450 2124 3694 2192 γονάτων

2110 2221 2365 2290 ἥπτοντο,
2401 2219 2500 2288 τὴν
2530 2218 2874 2272 διδασκαλίαν
2910 2217 3066 2288 ήμῶν
3097 2216 3463 2287 ἀποστολικὴν
3496 2216 3695 2286 ὀνομά-

2112 2312 2316 2375 ζοντες*
2357 2311 2450 2364 xai
2479 2309 2683 2382 ταύτην
2717 2310 2813 2363 νῦν
2851 2307 3227 2382 ἀπεκήρυξαν,
3265 2308 3468 2380 ταύτην
3509 2307 3696 2361 ἀνεθε-

2115 2404 2370 2474 μάτισαν.
2407 2404 2518 2457 Καὶ
2546 2403 2658 2473 ἐγὼ
2690 2405 2809 2474 μὲν,
2833 2403 2890 2459 δν
2917 2404 3184 2474 φωστῆρα
3216 2403 3469 2468 ἐκάλουν,
3499 2401 3559 2456 οὐ
3595 2403 3694 2472 τῆς

2112 2495 2378 2565 ἀνατολῆς
2419 2495 2607 2566 μόνης,
2653 2495 2788 2550 ἀλλά
2825 2496 2920 2549 καὶ
2963 2498 3060 2566 τῆς
3099 2495 3442 2565 οἰκουμένης,
3487 2495 3698 2564 ἀπεκη-

2115 2586 2342 2657 ρύχθην,
2371 2587 2465 2640 καὶ
2496 2587 2615 2640 οὐδὲ
2642 2587 2831 2658 ἄρτου,
2854 2586 2914 2639 τό
2943 2604 3006 2656 γε
3032 2588 3111 2650 εἰς
3131 2587 3325 2649 αὐτοὺς
3348 2579 3504 2658 ἧκον,
3532 2602 3697 2654 μεταο

2113 2678 2388 2748 λαγχάνω.
2423 2679 2532 2731 Καὶ
2553 2677 2662 2747 γὰρ
2690 2680 2814 2742 τοὺς
2851 2677 3415 2749 προσδιαλεγομένους
3441 2678 3571 2747 ἡμῖν
3601 2676 3694 2728 ἀνα

2115 2769 2479 2839 εθεμάτισανο
2504 2767 2563 2821 ὂν
2589 2768 2646 2822 δὲ
2679 2769 2784 2839 πρὸ
2807 2768 3037 2839 βραχέος
3059 2766 3332 2830 καθεῖλον,
3365 2767 3459 2820 καὶ
3489 2766 3558 2818 τὰ
3587 2765 3696 2818 Βα-

2113 2857 2349 2913 λεντίνου
2384 2860 2479 2912 καὶ
2508 2859 2759 2912 Ἀπολινα
2769 2859 2883 2931 ρίου
2909 2861 3124 2929 φρονεῖν
3148 2859 3378 2929 ἔφασαν,
3410 2857 3598 2912 τοῦτον
3621 2857 3697 2920 ὡς

2114 2951 2408 3024 νικηφόρον
2459 2955 2740 3024 περιεῖπον
2784 2953 2882 3023 τῆς
2925 2953 3177 3018 πίστεως,
3223 2952 3316 3006 καὶ⁵
3355 2950 3463 3004 τῶν
3504 2950 3694 3004 τούτου

2115 3044 2598 3116 προεκυλινδοῦντο
2625 3044 2822 3111 ποδῶν,
2857 3044 2948 3097 καὶ
2981 3045 3308 3116 συγγνώμην
3333 3042 3576 3114 ἐζήτουν,
3602 3042 3697 3095 καί

2116 3137 2328 3208 πατέρα
2361 3137 2728 3206 πνευματικὸν
2753 3137 2999 3192 ἐκάλουν.
3024 3138 3174 3190 Ποῖοι
3199 3135 3496 3199 πολύποδες
3523 3133 3697 3198 οὕτως

2114 3228 2252 3298 πρὸς
2296 3228 2394 3291 τὰς
2439 3227 2645 3297 πέτρας
2693 3227 2792 3298 τὴν
2831 3227 3037 3280 οἰκείαν
3081 3226 3464 3279 ἐναλλάττουσι
3503 3225 3694 3295 χρόαν,

2113 3319 2146 3389 ἢ
2198 3318 2310 3391 (51)
2353 3318 2744 3391 χαμαιλέοντες
2792 3319 2929 3391 πρὸς
2964 3319 3033 3372 τὰ
3061 3316 3235 3387 φύλλα
3281 3316 3341 3370 τὸ
3368 3316 3587 3386 χρῶμα,
3619 3315 3696 3378 ὼς

2113 3405 2257 3465 οὗτοι
2288 3413 2386 3482 τὴν
2419 3411 2644 3482 γνώμην
2673 3411 2806 3482 πρὸς
2828 3410 2954 3474 τοὺς
2984 3413 3210 3482 καιροὺς
3233 3409 3694 3481 μεταϐάλλουσιν;

2127 3504 2318 3575 Ἡμεῖς
2368 3503 2425 3556 δὲ
2473 3504 2658 3566 αὐτοῖς
2700 3501 3159 3574 παραχωροῦμεν,
3195 3504 3289 3555 καὶ
3339 3502 3566 3572 θρόνων,
3599 3501 3694 3554 καὶ

2113 3594 2440 3665 ἀξιωμάτων
2463 3596 2557 3648 καί
2583 3595 2684 3664 τῆς
2713 3593 3046 3665 προσκαίρου
3075 3593 3304 3664 τρυφῆςο
3341 3592 3477 3663 μετὰ
3502 3593 3558 3645 δὲ
3588 3591 3694 3645 τῶν

2113 3683 2486 3738 ὰποστολικῶν
2543 3683 2831 3753 δογμάτων
2877 3681 2976 3745 τὰς
3029 3681 3272 3753 χαλεπάς
3331 3683 3694 3752 νομιζομένας

2113 3776 2498 3847 προσμένομεν
2533 3773 2769 3845 ὲξορίας,
2803 3773 3080 3844 ἀρκοῦσαν
3111 3774 3325 3844 ἔχοντες
3363 3774 3692 3844 παραψυχὴν

2111 3868 2173 3921 τὸ
2227 3865 2321 3919 τοῦ
2372 3865 2642 3917 Δεσπότου
2689 3864 2994 3935 κριτήριον.
3061 3864 3384 3934 Ἐλπίζομεν
3432 3863 3562 3936 γὰρ,
3616 3865 3692 3927 ὡς

2113 3957 2281 4012 πολλὰ
2324 3957 2434 4010 τῶν
2475 3957 2758 4028 ἡμετέρων
2793 3956 3204 4027 ἁμαρτημάτων
3259 3956 3346 4009 διὰ
3392 3956 3550 4028 τήνδε
3591 3957 3691 4026 τὴν

2111 4051 2324 4104 ἀδικίαν
2373 4051 2401 4102 ὁ
2447 4049 2724 4118 Δεσπότης
2778 4049 2998 4118 ἀφήσει.
3044 4048 3155 4120 Τὴν
3186 4048 3245 4101 δὲ
3295 4050 3395 4120 σὴν
3437 4050 3692 4120 ὁσιότητα

2072 4211 2078 4216 .
2111 4141 2414 4212 παρακαλῶ
2442 4139 2779 4209 φυλάξασθαι
2818 4139 2919 4210 τῆς
2957 4140 3211 4204 ἀσεϐείας
3243 4142 3342 4210 τὴν
3382 4142 3666 4194 κοινωνίαν

2111 4236 2206 4288 καὶ
2235 4234 2513 4304 προτεῖναι
2540 4233 2638 4303 μὲν
2661 4232 2845 4295 αὐτοῖς
2873 4231 3176 4304 ἀρνηθῆναι
3201 4233 3270 4286 τὰ
3300 4233 3686 4303 πεπραγμέναο

2110 4330 2159 4381 εἰ
2189 4330 2244 4382 δὲ
2277 4330 2351 4401 μὴ
2375 4331 2679 4404 θελήσαιεν,
2700 4335 2892 4402 φυγεῖν
2915 4333 2990 4395 ὼς
3013 4333 3279 4404 προδότας
3309 4333 3408 4403 τῆς
3431 4331 3688 4395 πίστεως.

2110 4420 2259 4484 Τέως
2311 4422 2369 4476 δὲ
2409 4423 2820 4494 προσμείνασάν
2876 4440 2970 4476 σου
3018 4423 3118 4494 τήν
3170 4422 3481 4476 θεοσέϐειαν
3537 4421 3690 4490 ἰδεῖν,

430 4503 528 4568 ris,
550 4503 799 4559 Domine.
839 4505 997 4560 Nunc
1027 4507 1174 4560 enim
1207 4505 1551 4577 potissimum
1575 4522 1678 4577 ope
1720 4508 1825 4562 ista
1865 4507 2007 4561 indi-

2111 4512 2159 4562 εἰ
2191 4511 2302 4582 (52)
2331 4514 2440 4584 ἄρα
2473 4531 2556 4576 τις
2587 4514 2739 4567 ἔσται
2769 4514 2863 4568 τοῦ
2899 4514 3167 4585 χειμῶνος
3202 4514 3692 4585 μεταϐολὴ,γούδα-

429 4610 640 4665 gemus,
686 4605 748 4651 ut
772 4599 1032 4652 resistere
1078 4599 1355 4668 possimus
1401 4597 1668 4653 adversus
1698 4613 1763 4652 ea
1787 4613 1909 4667 qua:
1947 4599 2005 4652 in

429 4702 530 4742 nos
555 4688 952 4759 excogitantur.

2117 4599 2234 4669 μῶς
2270 4602 2658 4674 ἐμεμψάμεθα.
2695 4604 2854 4657 Μετὰ
2886 4603 3068 4674 μέντοι
3097 4603 3196 4674 τὴν
3228 4602 3562 4674 χειροτονίαν
3593 4601 3691 4655 τοῦ

2112 4690 2210 4759 τῆς
2238 4690 2530 4762 Ἀνατολῆς
2554 4693 2836 4764 προέδρου,
2857 4693 2990 4765 δήλη
3013 4694 3229 4757 πάντως
3245 4697 3278 4763 ὴ
3295 4695 3526 4748 ἑκάστου
3553 4693 3688 4763 γενή
3703 4721 3723 4728 -

431 4799 585 4835 σεται
625 4782 840 4855 γνώμη.
880 4782 1233 4847 Εΰξασθαιδὲ
1272 4782 1412 4855 ὑπὲρ
1450 4783 1634 4853 ἡμῶν,
1684 4783 1940 4846 δέσποτα,
1984 4781 2344 4847 καταξίωσον.
2378 4785 2492 4838 Νῦν
2523 4785 2633 4857 γὰρ
2677 4787 3039 4858 διαφερόντως
3092 4788 3253 4859 τῆσδε
3281 4788 3382 4857 τῆς
3421 4785 3681 4858 βοηθείας

428 4873 682 4944 δεόμεθα,
710 4875 798 4928 ἵνα
815 4872 1131 4943 δυνηθῶμεν
1152 4873 1426 4941 ἀντισχεῖν
1451 4872 1589 4954 πρὸς
1632 4871 1698 4924 τά
1737 4873 1858 4924 καθ’
1891 4870 2049 4942 ἡμῶν
2089 4873 2462 4945 μελετώμενα.

429 4983 648 5055 1279
670 4983 944 5055 QXLYlll.
963 5013 1036 5055 _——
1053 4981 1523 5055 Commonitorium
1553 4983 1871 5055 sanctissimi
1900 4983 2010 5053 epi-

500 5052 640 5123 scopi
684 5052 891 5123 δεμ-ἰαί,
939 5053 1124 5123 datum
1187 5053 1488 5118 Posidonio,
1533 5069 1652 5107 cum
1709 5052 2006 5107 mitteretur

496 5122 724 5176 Romam
747 5131 962 5192 propter
980 5122 1208 5178 Nestorii
1231 5124 1516 5195 negotium.

2111 4982 2296 5039 PMH'.
2325 4985 2893 5054 -Ὑπομνηστικὸν
2933 4987 3041 5042 τοῦ
3072 4986 3399 5057 άτιωτάτου
3436 4988 3692 5043 ἐπισκό-

2181 5071 2300 5139 {Iov
2340 5057 2666 5139 Κυρζλλου,
2711 5058 3040 5139 rer-operor
3088 5058 3240 5139 πρρς
3259 5128 3270 5139 _
3288 5059 3691 5139 Ιᾷῐοιγιειδώνιοξρ

2179 5125 2604 5200 ᾀξτοσταλένζα
2625 5125 2760 5196 παρ’
2777 5125 2964 5182 αὑτοῦ
2983 5128 3053 5182 ἐν
3071 5125 3146 5198 τῇ
3171 5128 3386 5200 Ῥώμῃ,
3408 5127 3528 5182 τῶν
3537 5131 3692 5200 μετὰ

2177 5196 2509 5265 Νεστόριον
2534 5197 2765 5252 ἕνεκεν.
3021 5243 3025 5246 ι
3115 5196 3141 5198 ”
3280 5196 3292 5199 ’
3334 5196 3360 5200 “’
3539 5196 3582 5222 ”

1221 5328 1318 5384 Est
1347 5326 1537 5400 Cyrilli
1566 5329 1798 5400 epistola
1829 5328 1933 5398 XI;
1965 5328 2092 5384 vide
2121 5337 2331 5385 tomum
2359 5329 2619 5398 LXXV",
2650 5331 2755 5386 col.
2779 5331 2867 5388 85.

500 5480 610 5554 (29)
650 5481 804 5554 ἡμῶν
835 5481 988 5538 addit
1021 5481 1182 5554 Vind.

512 5551 589 5604 ‘50
637 5551 845 5608 b'abcst
869 5554 938 5608 ab
967 5551 1183 5607 eodem.
1497 5569 1500 5571 λ

498 5551 610 5692 (σιξ
645 5621 770 5679 Ηαξε
798 5624 1135 5692 ἢ--χρῶμα
1171 5622 1369 5680 absunt
1399 5637 1431 5678 ει
1463 5621 1500 5679 V

645 5621 770 5679 llaec
798 5624 1135 5696 ἧ--χρῶμα
1171 5622 1369 5680 absunt
1399 5637 1431 5678 a
1463 5620 1628 5679 Vind.

591 5478 610 5694 ἰ

2172 5481 2283 5557 (‘5?)
2316 5483 2468 5557 Εἰ-
2490 5485 2759 5557 μεταϐολή
2801 5487 2988 5543 nescio
3018 5504 3090 5543 an
3124 5489 3392 5548 omissum
3423 5489 3591 5551 fuerit
3625 5463 3691 5542 in

2101 5551 2299 5630 V_ind.';
2335 5554 2404 5611 ab
2460 5551 2779 5629 apographo
2825 5559 3052 5630 quidem
3097 5559 3168 5616 ad
3215 5560 3318 5618 nos
3364 5559 3692 5617 transmisso

2104 5621 2310 5678 aberat.
