4072 6418
343 479 346 481 λ
400 415 545 479 ’1413

1798 399 2161 460 EPISTOLA
2195 401 2304 460 CL.

3542 351 3716 464 1m

406 529 585 584 PMO'.
617 556 690 568 —
727 513 1482 593 'Artlmagpor_é:tia:eo.lﬁc
1511 513 1842 593 γραφείσης
1876 528 1985 593 {ra-

2096 511 2313 593 1289
2346 511 2578 593 CXLIX.
2619 543 2690 552 —
2728 514 3047 593 Eateinplnm
3105 513 3339 593 epistola
3389 514 3598 593 scripta:
3647 531 3679 566 α

467 602 548 666 ρὰ
589 595 870 650 Ἰωάννου
897 582 1254 644 ’ἐπίσκόπου
1293 582 1646 654 Ἀντιοχείας
1690 582 1841 650 πρὸς
1878 583 1987 634 Νε-

475 667 742 734 στόριον.

475 777 564 847 Τῷ
593 775 831 845 δεσπότῃ
865 791 965 844 μου
995 768 1395 839 θεοφιλεστάτῳ
1451 763 1544 819 καὶ
1567 762 1847 834 ὁσιωτάτῳ
1871 763 1991 814 ἐπι-

406 870 592 938 σκόπῳ
616 867 918 936 Νεστορίιρ,
964 864 1220 934 Ἰωάννης
1249 863 1306 914 έν
1342 858 1529 929 Κυρίῳ
1550 856 1780 927 χαίρειν.

477 960 580 1011 Τὸν
625 955 865 1026 ἐμαυτοῦ
913 953 1115 1007 σκοπὸν
1173 951 1301 1023 περὶ
1357 949 1455 1020 τὴν
1505 948 1614 1018 σὴν.
1655 943 1986 1008 θεοσέϐειαν,

406 1067 457 1102 κ.
493 1066 542 1101 τ.
576 1047 623 1100 λ.

2246 581 2454 635 Joanne
2480 585 2721 654 episcopo
2758 581 3079 638 Antiocheno
3105 581 3175 637 a'd
3215 581 3540 638 Nestorium.

2165 763 2402 817 Domino
2434 779 2557 818 meo
2587 764 2871 833 piissimo.
2923 764 3380 832 sanctissimeque
3421 762 3683 833 episcopo

2101 854 2376 918 Nestorio,
2404 855 2642 909 Joannes
2675 857 2728 908 in
2762 856 2992 910 Domino
3015 856 3269 909 salutem.

2170 946 2342 999 Meam
2373 945 2441 1000 de
2478 955 2571 1000 tua
2602 948 2804 1016 pietate
2837 946 3185 1009 sententiam,
3220 955 3328 999 etc.

616 1163 810 1217 Exstat
834 1164 972 1216 inter
997 1159 1248 1230 epistolas
1284 1159 1513 1212 Joannis
1543 1154 1874 1217 Autiocheni,
1913 1152 2129 1222 hujusce
2161 1151 2484 1223 Patrologiaz
2529 1154 2725 1209 ercaa
2770 1163 2895 1206 tom.
2926 1152 3182 1218 LXXVII,
3212 1154 3310 1207 col.
3343 1154 3502 1209 1449.

396 1278 533 1332 PN'.
565 1306 636 1317 ——
675 1273 1000 1339 Ἐπιστολὴ
1032 1272 1392 1339 Θεοδωρίτου
1425 1270 1766 1324 ἐπισκόπου
1784 1266 1986 1339 δύρου

399 1349 553 1418 πρὸς
588 1345 878 1413 Ἰωάννην
907 1336 1260 1412 Ἀντιοχείας
1291 1342 1630 1395 ἐπίσκοπον
1659 1336 1896 1408 (35-55).

478 1460 612 1515 Λίαν
634 1460 774 1531 ῆλγη
783 1476 849 1511 σα
869 1461 981 1521 τοῖς
996 1455 1459 1525 άναθεματισμοίς
1475 1452 1732 1524 ἐντυχὼν,
1763 1450 1856 1513 οῦς
1874 1447 1984 1519 (36)

398 1553 729 1615 ἀπέστειλας
776 1551 1078 1622 ἀνατρέψαι
1123 1547 1347 1611 τούτους
1382 1547 1676 1617 ἐγγράφως
1703 1546 1846 1614 ’ἡμῖν
1873 1541 1984 1612 (57)

398 1645 686 1708 κελεύσας,
719 1644 813 1697 καὶ
841 1642 939 1714 τὴν
981 1640 1265 1712 αἱρετικὴν
1303 1639 1484 1692 αὐτῶν
1533 1637 1741 1690 ἔννοιαν
1772 1633 1985 1705 γυμνὴν

397 1737 575 1789 ἅπασι
629 1736 990 1803 καταστῆσαι.
1019 1732 1272 1802 Ἦλγησα
1311 1730 1369 1782 δὲ
1406 1729 1516 1800 (58)
1549 1730 1628 1782 ὅτι
1669 1727 1808 1798 ἀνὴρ
1861 1743 1982 1778 ποι-

2103 1264 2570 1336 Ῑ281έ1288
2595 1264 2702 1320 CL.
2733 1296 2802 1304 ——-
2823 1264 3130 1318 Theodoreti
3161 1266 3389 1336 episcOpi
3415 1264 3540 1336 Cyri
3573 1265 3684 1335 cpi-

2240 1335 2378 1388 stola
2406 1338 2474 1387 ad
2503 1336 2766 1388 Joannem
2804 1336 3188 1388 Antiochenam
3218 1335 3534 1405 episeopum.

2167 1445 2334 1501 Valde
2364 1447 2538 1510 dolui,
2575 1462 2700 1501 cum
2728 1447 3223 1503 anathematismos
3259 1448 3682 1517 legissem,quos

2094 1537 2370 1602 direxisti,
2405 1537 2567 1592 nobis
2589 1538 2940 1608 praacipiens,
2988 1550 3049 1592 ut
3075 1554 3172 1593 eos
3194 1540 3400 1609 scripto
3431 1538 3683 1594 destrue-

2093 1645 2300 1695 remus,
2354 1641 2412 1685 et
2465 1641 2525 1686 ut
2569 1631 2894 1685 haereticum
2949 1645 3143 1684 eorum
3195 1646 3420 1684 sensum
3471 1631 3679 1684 nudum

2089 1721 2350 1776 omnibus
2375 1722 2447 1775 ob
2477 1723 2666 1776 oculos
2699 1737 3058 1791 poneremus.
3086 1722 3244 1776 Dolui
3285 1732 3493 1784 autem,
3531 1721 3678 1790 quod

401 1825 615 1894 μαίνειν
639 1823 820 1894 λαχὼν
849 1823 944 1876 καὶ
971 1823 1208 1892 ποίμνην
1228 1821 1499 1890 τοσαύτην
1525 1817 1978 1888 πεπιστευμένος,

2087 1817 2172 1869 vir
2195 1815 2456 1884 pascendi
2497 1815 2730 1870 sortitus
2751 1814 3012 1881 ofﬁcium,
3062 1824 3118 1870 et
3153 1815 3242 1870 cui
3279 1831 3408 1885 grex
3461 1815 3681 1884 1239

398 1915 497 1969 καὶ
528 1915 856 1986 θεραπεύειν
889 1913 959 1967 τὰ
982 1914 1181 1983 ἀσθενῆ
1212 1913 1321 1966 τῶν
1357 1912 1646 1983 προϐάτων
1681 1927 1980 1981 προστετα-

397 2007 624 2078 γμένος,
656 2009 803 2060 νοσεῖ
831 2007 930 2077 μὲν
959 2005 1144 2068 αὐτὸς,
1174 2005 1269 2056 καὶ
1293 2004 1413 2057 λίαν
1446 2003 1711 2073 σφοδρῶς,
1737 2003 1981 2069 ἀναπιμ-

399 2099 544 2169 πλᾷν
581 2115 638 2151 τε
671 2099 929 2169 πειρᾶται
959 2096 1058 2164 τῆς
1091 2096 1248 2148 νόσου
1290 2097 1384 2148 καὶ
1435 2095 1503 2148 τὰ
1535 2093 1848 2162 θρέμματα,
1889 2092 1984 2144 καὶ

396 2190 514 2244 τῶν
557 2189 766 2261 ἀγρίων
820 2190 1024 2260 θηρίων
1072 2185 1434 2258 χαλεπώτερα
1467 2185 1536 2238 τὰ
1584 2184 1984 2254 ποιμαινόμενα

399 2282 748 2352 καθίστησιν.
796 2282 858 2334 Οἱ
901 2282 1000 2352 μὲν
1055 2281 1164 2349 γὰρ
1215 2281 1286 2333 τὰ
1329 2279 1727 2349 διεσπαρμένα,
1757 2279 1850 2330 καὶ
1886 2277 1984 2346 τῆς

400 2375 640 2446 ποίμνης
669 2373 1052 2445 κεχωρισμένα
1078 2371 1379 2426 διασπῶσιν
1408 2370 1765 2442 ἁρπάζοντες·
1791 2371 1818 2423 ὁ
1842 2369 1898 2421 δὲ
1927 2371 1984 2423 ἐν

402 2465 558 2536 μέσῳ
588 2464 790 2535 ταύτης
823 2464 1132 2535 τυγχάνων,
1166 2462 1262 2516 καὶ
1299 2462 1480 2532 σωτὴρ
1513 2458 1654 2515 εἶναι
1683 2462 1779 2516 καὶ
1809 2461 1985 2531 φύλαξ

396 2555 813 2626 νενομισμένος,
840 2554 1106 2626 λαθραίαν
1131 2554 1228 2624 τὴν
1258 2553 1468 2622 πλάνην
1495 2556 1608 2617 τοῖς
1639 2552 1984 2622 πειθομένοις

395 2648 594 2715 ἐνίησι.
629 2647 704 2699 Τὸ
733 2645 833 2715 μὲν
854 2645 962 2715 γὰρ
987 2643 1282 2716 προφανῶς
1325 2641 1612 2713 πολεμοῦν,
1645 2642 1868 2697 δυνατὸν
1889 2643 1983 2695 καὶ

395 2737 762 2807 φυλάξασθαιο
793 2736 856 2789 τὸ
882 2737 940 2789 δὲ
975 2737 1032 2788 ἐν
1069 2737 1309 2806 σχήματι
1345 2733 1528 2803 φιλίας
1559 2736 1660 2806 τὴν
1688 2733 1981 2803 ἐπιϐουλὴν

397 2829 731 2899 προσφέρον,
783 2826 1092 2896 ἀφύλακτον
1137 2825 1384 2896 εὑρίσκει
1428 2825 1520 2878 τὸν
1553 2823 1980 2895 πολεμούμενον,

399 2919 497 2973 καὶ
539 2918 650 2987 (59)
700 2917 888 2988 ῥᾳδίαν
918 2915 1068 2986 αὐτῷ
1099 2916 1198 2986 τὴν
1226 2916 1432 2988 βλάϐην
1463 2915 1725 2987 ἐντίθησι·
1773 2915 1855 2968 διὸ
1890 2915 1984 2970 καὶ

399 3012 510 3062 τῶν
532 3009 731 3074 ἔξωθεν
758 3009 1142 3079 πολεμούντων
1162 3011 1212 3062 οί
1243 3009 1456 3063 ἔνδοθεν
1493 3008 1857 3079 πολεμοῦντες
1878 3009 1984 3060 είσι

402 3101 529 3172 χαλε
536 3100 680 3153 πῶτε
691 3118 772 3171 ροι
781 3140 795 3153 .

471 3193 631 3246 Τουτί
661 3209 727 3263 με
759 3191 1019 3264 μειζόνως
1042 3193 1252 3264 ἠνίασε,
1278 3194 1338 3246 τὸ
1369 3195 1428 3246 ὲν
1451 3193 1734 3255 εὐσεϐείας
1762 3191 1985 3262 ὀνόματί

399 3302 458 3339 τε
485 3288 580 3339 καὶ
612 3289 875 3357 σχήματι,
919 3287 1013 3340 καὶ
1062 3289 1120 3340 ὲν
1169 3287 1424 3356 ποιμένος
1457 3286 1729 3355 ἀξιώματι
1777 3285 1983 3353 τυγχά-

400 3395 561 3432 νοντα
609 3378 706 3441 τὰς
748 3377 1027 3451 αἱρετικὰς
1060 3378 1154 3430 καὶ
1188 3376 1542 3446 βλασφήμους
1587 3375 1750 3446 ῥῆξαι
1778 3375 1980 3444 φωνάς’

401 3469 497 3522 καὶ
547 3469 646 3540 τὴν
689 3470 857 3524 πάλαι
905 3468 1225 3522 σϐεσθεῖσαν
1272 3467 1650 3538 Ἀπολιναρίου
1703 3467 1983 3537 φλήναφον

400 3559 537 3629 ὁμοῦ
581 3561 675 3613 καὶ
705 3560 940 3630 δυσσεϐῆ
969 3559 1320 3614 διδασκαλίαν
1363 3557 1794 3613 ἀνανεώσασθαι.
1841 3560 1983 3630 Πρός

398 3669 458 3704 τε
487 3651 698 3715 τούτοις
735 3651 797 3706 τὸ
829 3652 903 3723 μὴ
936 3652 1093 3723 μόνον
1114 3651 1285 3704 ταῦτα
1319 3650 1676 3724 πρεσϐεῦσαι,
1709 3651 1848 3705 ἀλλὰ
1887 3652 1982 3706 καὶ

398 3742 526 3806 τοὺς
568 3743 642 3814 μὴ
679 3741 1038 3812 πειθομένους
1091 3741 1238 3812 αὑτῷ
1285 3741 1738 3813 συμϐλασφημείν
1787 3742 1983 3816 ᾀναθε-

405 3833 627 3902 ματίσαι
677 3831 967 3903 τολμῆσαιο
1027 3832 1186 3903 εἴπερ
1235 3830 1452 3902 ἀληθῶς
1493 3830 1659 3884 αὑτοῦ
1698 3831 1872 3885 ταῦτα
1913 3832 1985 3886 τὰ

399 3925 736 3994 γεννήματα,
775 3924 870 3976 καὶ
899 3925 960 3976 οὐ
987 3921 1094 3975 τῶν
1125 3921 1331 3995 ἐχθρῶν
1355 3939 1439 3985 τις
1469 3923 1565 3993 τῆς
1598 3921 1874 3994 ἀληθείας,
1907 3925 1982 3990 ὼς

399 4014 463 4080 ἐξ
482 4015 690 4067 ἐκείνου
722 4013 893 4066 ταῦτα
926 4011 1286 4076 συντεθεικὼς
1311 4011 1535 4082 ἔρριψεν
1559 4015 1616 4065 έν
1644 4013 1816 4085 μέσῳ,
1842 4016 1982 4070 κατὰ

398 4105 462 4159 τδ
502 4105 868 4176 μυθευόμενον
923 4106 1100 4158 έκεῖνο
1154 4105 1324 4176 μῆλον
1357 4105 1453 4176 τῆς
1493 4103 1688 4174 ἔριδος,
1724 4107 1804 4170 είς
1850 4107 1984 4178 ὕψος

401 4198 632 4269 ἐγείρων
651 4197 750 4268 τὴν
777 4197 973 4266 φλόγα.

483 4289 625 4359 Ἐγὼ
675 4291 877 4354 τοίνυν,
925 4289 1024 4343 εἴτ’
1060 4291 1286 4354 ἐκεῖνος,
1323 4289 1422 4343 εἴτ’
1457 4289 1614 4354 ἄλλος
1663 4307 1767 4356 τις,
1813 4291 1890 4354 ὡς
1922 4291 1982 4355 ἐξ

401 4379 610 4435 ἐκείνου
666 4369 836 4433 ταῦτα
888 4379 1220 4446 συντέθεικε,
1253 4379 1332 4450 τῷ
1385 4381 1525 4448 φωτὶ
1565 4379 1660 4433 τοῦ
1713 4381 1979 4450 παναγίου

403 4471 719 4543 Πνεύματος
750 4470 997 4542 συνέργῳ
1022 4471 1162 4542 πρὸς
1195 4470 1292 4541 τὴν
1325 4471 1553 4542 ἔρευναν
1578 4475 1678 4542 τῆς
1702 4474 1982 4546 αἱρετικῆς
2013 4465 2062 4524 1)

403 4564 723 4630 κακοδοξίας
762 4565 1132 4634 χρησάμενος,
1168 4563 1312 4616 κατὰ
1353 4565 1414 4616 τὸ
1442 4563 1644 4636 μέτρον
1671 4567 1774 4635 τῆς
1809 4566 1983 4619 δοθεί-

404 4671 503 4724 σης
543 4672 634 4726 μοι
671 4655 954 4724 δυνάμεως
997 4653 1256 4725 διήλεγξα
1301 4653 1496 4722 ταῦτα,
1529 4655 1605 4718 ὡς
1632 4650 1740 4710 οἷόν
1789 4674 1850 4710 τε
1893 4653 1982 4729 ἦν·

401 4748 498 4801 καὶ
540 4749 638 4812 τὰς
676 4746 1042 4816 εὑαγγελικὰς
1074 4748 1170 4800 κα)⁴
1200 4747 1565 4812 ἁποστολικὰς
1597 4749 1873 4821 ἀντέθηκα
1903 4750 1986 4803 δι-

401 4841 719 4905 δασκαλίας
774 4842 868 4895 καὶ
905 4841 966 4894 τὸ
1010 4841 1299 4895 ἀλλόκοτον
1342 4841 1438 4895 τοῦ
1474 4843 1744 4914 δόγματος
1784 4843 1984 4910 ἔδειξα·

403 4932 495 4986 καὶ
513 4931 644 4998 ὅσην
678 4930 792 5000 ἔχει
825 4929 1122 4998 διαφωνίαν
1163 4929 1298 4999 πρὸς
1335 4931 1402 4984 τά
1442 4931 1562 4985 θεῖα
1599 4933 1844 5004 δόγματα
1887 4953 1982 4988 πε-

403 5022 602 5092 ποίηκα
654 5023 906 5093 φανερόν’
946 5019 1322 5092 παρεξετάσας
1370 5025 1510 5078 αὐτὰ
1549 5027 1666 5088 τοῖς
1703 5025 1799 5080 τοῦ
1835 5026 1980 5080 θείου

403 5111 718 5184 Πνεύματος
763 5112 963 5181 λόγοις,
995 5111 1090 5164 καὶ
1118 5109 1334 5177 διδάξας
1355 5113 1504 5177 ὅπως
1528 5115 1856 5187 ἀσύμφωνα,
1888 5120 1982 5172 καὶ

400 5201 510 5254 τῶν
533 5202 691 5256 θείων
723 5203 1002 5274 ἀλλότρια.

474 5295 618 5365 Πρὸς
649 5296 706 5349 δὲ
735 5296 836 5366 τὴν
866 5295 962 5349 τοῦ
1005 5293 1453 5366 ἀναθεματισμοῦ
1485 5295 1693 5366 τόλμαν
1727 5299 1983 5355 τοσοῦτον

403 5384 536 5454 ἐρῶ,
574 5387 656 5440 ὅτι
691 5386 925 5454 Παῦλος,
971 5388 1000 5440 ὁ
1053 5385 1572 5458 μεγαλοφωνότατος
1605 5391 1703 5460 τῆς
1729 5389 1986 5462 ἀληθείας

2085 1917 2269 1962 tantus
2293 1918 2378 1964 est
2411 1909 2676 1972 creditus,
2713 1916 2769 1962 et
2802 1924 2936 1963 oves
2975 1908 3223 1963 inﬁrmas
3274 1923 3471 1963 curare
3529 1923 3676 1976 prae-

2083 2007 2325 2070 ceptum,
2368 2016 2478 2054 non
2528 1999 2706 2054 solum
2759 2001 2982 2071 languet
3007 2001 3143 2070 ipse,
3179 2000 3482 2069 etquidem
3510 1998 3678 2052 vehe-

2084 2101 2320 2156 menter,
2357 2091 2454 2145 sed
2481 2091 2677 2145 nititur
2699 2092 2867 2145 etiam
2898 2107 3031 2145 oves
3057 2092 3389 2163 aegritudine
3418 2091 3672 2160 implere,

2083 2195 2139 2239 et
2171 2184 2306 2239 feris
2327 2185 2518 2240 bestiis
2541 2187 2740 2241 suavius
2767 2202 2832 2240 ea
2877 2202 3000 2256 quae
3021 2194 3150 2240 sunt
3168 2183 3442 2255 pascenda
3468 2183 3678 2238 discer-

2086 2278 2185 2346 pit.
2227 2278 2307 2332 llli
2340 2294 2578 2348 namque
2603 2294 2666 2332 ea
2691 2294 2814 2348 quae
2862 2287 2993 2332 sunt
3037 2278 3307 2347 dispersa,
3345 2285 3400 2330 et
3433 2292 3464 2330 a
3511 2291 3676 2346 grege

2085 2368 2281 2431 divisa,
2337 2370 2615 2438 rapientes
2662 2370 3003 2424 dilacerant:
3037 2369 3130 2423 hic
3171 2375 3356 2422 autem
3401 2367 3456 2420 in
3492 2366 3676 2420 medio

2082 2462 2265 2530 gregis
2307 2463 2598 2527 exsistens,
2648 2470 2705 2515 et
2747 2462 2990 2516 salvator
3027 2468 3320 2530 reputatus
3371 2467 3427 2514 et
3463 2465 3672 2523 custos,

2083 2552 2346 2606 latentem
2371 2568 2618 2607 errorem
2654 2552 2709 2606 in
2731 2568 2848 2616 eos,
2874 2553 2970 2621 qui
3001 2553 3078 2606 illi
3102 2559 3317 2622 parent,
3346 2551 3671 2605 introducit.

2081 2641 2238 2707 Quod
2265 2645 2413 2696 enim
2445 2652 2634 2712 aperte
2677 2653 2979 2714 Oppugnat,
3033 2643 3319 2698 observari
3357 2643 3516 2696 facile
3548 2652 3670 2702 est;

2079 2733 2228 2801 quod
2259 2749 2390 2788 vero
2424 2734 2527 2788 sub
2552 2734 2811 2788 amicitiae
2833 2735 3017 2806 specie
3045 2734 3278 2789 insidias
3310 2741 3489 2804 parat,
3519 2734 3676 2786 inve-

2081 2823 2164 2876 nit
2187 2839 2315 2878 eum
2348 2832 2544 2878 contra
2581 2840 2745 2894 quem
2785 2833 3014 2894 pugnat,
3061 2824 3368 2889 incautum,
3401 2825 3563 2892 eique
3589 2823 3670 2877 fa-

2081 2913 2186 2967 cile
2215 2913 2383 2968 infert
2417 2914 2697 2968 laesionem
2733 2931 2746 2968 :
2775 2915 2922 2970 unde
2946 2915 3014 2970 iis
3067 2916 3162 2985 qui
3211 2915 3458 2970 exterius
3500 2930 3673 2986 oppu-

2083 3013 2274 3074 gnant,
2305 3005 2540 3060 interius
2564 3016 2877 3078 pugnantes
2902 3015 3033 3061 sunt
3061 3008 3345 3062 saeviores.

2159 3187 2274 3244 Hoc
2299 3203 2384 3242 me
2413 3189 2588 3244 multo
2625 3190 2798 3260 magis
2828 3191 3142 3253 contristat,
3183 3190 3333 3260 quod
3369 3189 3474 3245 sub
3504 3190 3678 3260 pieta-

2089 3277 2159 3330 tis
2200 3279 2422 3332 nomine
2467 3287 2632 3347 atque
2678 3279 2874 3349 ﬁgura,
2929 3290 2986 3335 et
3032 3281 3085 3334 in
3123 3281 3360 3350 pastoris
3407 3281 3676 3352 dignitate

2085 3371 2418 3433 consistens,
2441 3371 2497 3424 in
2523 3371 2814 3426 haareticas
2835 3381 2892 3427 et
2921 3373 3276 3443 blasphemas
3295 3390 3461 3430 voces
3480 3390 3672 3429 erum-

2085 3464 2189 3532 pit,
2221 3471 2277 3518 et
2300 3463 2512 3518 dudum
2543 3466 2876 3521 exstinctam
2916 3466 3222 3537 Apolinarii
3254 3467 3471 3520 inanem
3508 3466 3674 3521 simul

2087 3556 2430 3627 impiamque
2477 3557 2785 3614 doctrinam
2819 3566 3064 3612 revocat.
3107 3557 3285 3627 Super
3322 3558 3438 3612 haec
3465 3566 3674 3622 autem,

2085 3665 2196 3704 non
2247 3650 2424 3704 solum
2463 3651 2594 3704 talia
2626 3650 2856 3715 sentire,
2903 3649 3000 3704 sed
3046 3658 3104 3704 et
3147 3650 3265 3704 suis
3311 3649 3676 3719 blasphemiis

2085 3758 2197 3796 non
2241 3741 2656 3797 consentientes
2702 3741 3171 3796 anathematizare
3221 3741 3673 3811 praesumpserit;

2087 3835 2134 3890 si
2175 3844 2360 3889 tamen
2402 3834 2578 3905 ipsius
2615 3834 2721 3890 ista
2771 3843 2902 3888 sunt
2935 3834 3208 3906 germina,
3246 3843 3303 3889 et
3340 3850 3452 3889 non
3489 3833 3676 3887 inimi-

2086 3943 2280 3983 corum
2340 3928 2618 3998 quispiam
2677 3927 2956 3992 veritatis,
3011 3936 3273 3997 tanquam
3315 3942 3382 3980 ex
3433 3926 3528 3980 illo
3561 3925 3679 3980 haec

2087 4036 2450 4090 componens,
2495 4019 2732 4090 projecit
2777 4019 2834 4072 in
2889 4019 3156 4083 medium,
3191 4018 3496 4073 secundum
3541 4017 3676 4071 illud

2086 4112 2235 4182 quod
2267 4121 2353 4166 est
2406 4111 2461 4165 in
2501 4111 2710 4176 fabula,
2753 4125 2980 4180 pomum
3032 4110 3346 4175 discordiae,
3396 4109 3454 4162 in
3499 4111 3672 4164 altum

2085 4203 2362 4257 ﬂammam
2405 4203 2675 4257 exaltans.

2156 4295 2270 4364 Ego
2297 4293 2557 4363 proinde,
2594 4293 2710 4347 sive
2739 4292 2807 4357 is,
2853 4293 2969 4347 sive
3000 4292 3143 4346 alius
3171 4292 3474 4362 quispiam,
3519 4293 3674 4348 velut

2085 4403 2154 4442 ex
2189 4386 2342 4440 illius
2379 4401 2638 4456 persona,
2689 4385 2807 4440 haec
2843 4385 3242 4454 composuerit,
3276 4385 3484 4439 auxilio
3531 4386 3674 4440 lucis

2087 4478 2426 4534 sanctissimi
2481 4476 2730 4546 Spiritus
2800 4477 2868 4531 ad
2918 4475 3338 4546 inquisitionem
3385 4492 3567 4546 pravae
3616 4487 3675 4532 et

2085 4569 2361 4625 haeretica;
2413 4569 2700 4639 opinionis
2753 4584 2908 4632 usus,
2964 4584 3064 4638 pro
3100 4568 3268 4623 modo
3301 4567 3518 4638 1290
3543 4584 3675 4623 con-

2086 4677 2256 4717 cessa:
2277 4661 2413 4715 mihi
2431 4661 2734 4727 facultatis,
2767 4660 2949 4731 quoad
2976 4659 3091 4714 fieri
3117 4660 3391 4730 potuit,ea
3416 4660 3672 4726 refutavi,

2087 4753 2484 4824 doctrinasque
2515 4754 2868 4825 evangelicas
2901 4763 2957 4808 et
2990 4752 3322 4823 apostolicas
3354 4752 3377 4778 θ
3413 4753 3671 4823 opposui,

2088 4859 2154 4899 ac
2193 4843 2468 4916 dogmatis
2493 4843 2894 4899 absurditatem
2917 4843 3174 4912 patefeci,
3197 4852 3254 4898 et
3274 4852 3539 4913 quantum
3564 4843 3674 4898 dis-

2087 4947 2278 5006 crepet
2313 4953 2343 4990 a
2381 4935 2588 4991 divinis
2635 4935 3023 5006 dogmatibus,
3067 4935 3292 5004 planum
3327 4935 3455 5000 feci,
3501 4950 3566 4988 ea
3605 4933 3672 4988 ad

2087 5029 2265 5082 sancti
2323 5027 2571 5096 Spiritus
2632 5026 2855 5096 eloquia
2907 5027 3292 5095 perpendens.
3360 5026 3675 5095 docensque

2088 5118 2330 5187 qualiter
2355 5134 2387 5172 a
2413 5117 2621 5173 divinis
2649 5117 2831 5171 aliena
2860 5116 2972 5170 sint
3005 5124 3062 5169 et
3089 5115 3470 5171 dissentanea.

2156 5300 2437 5354 Adversus
2497 5305 2684 5354 autem
2737 5297 3028 5353 audaciam
3082 5295 3524 5353 anathematismi
3571 5294 3677 5352 hoc

2084 5390 2355 5455 dixerim,
2412 5406 2614 5460 nempe
2670 5391 2950 5456 Paulum,
3014 5389 3384 5445 clarissimum
3424 5386 3676 5442 veritatis

404 5477 600 5548 κήρυξ,
627 5479 754 5538 τοὺς
777 5479 1262 5551 παραφθείραντας
1284 5480 1354 5532 τὰ
1375 5480 1706 5549 εὐαγγελικά
1735 5485 1830 5537 καὶ
1853 5485 1985 5536 ἀπο-

2086 5499 2423 5555 praaconem,
2462 5483 2586 5538 illos
2610 5483 3126 5544 anathematizasse,
3153 5480 3247 5549 qui
3277 5477 3590 5548 evangelica
3619 5485 3676 5531 et

408 5568 629 5624 στολικὰ
659 5570 966 5642 διδάγματα
998 5571 1381 5643 άνεθεμάτισε,
1442 5573 1537 5625 καὶ
1589 5573 1698 5627 τῶν
1740 5574 1985 5643 ἀγγέλων

2087 5577 2390 5648 apostolica
2434 5577 2768 5632 documenta
2821 5580 3185 5642 corruperant
3222 5588 3234 5624 :
3279 5570 3446 5640 idque
3477 5583 3675 5626 ausum

477 5706 683 5780 (δυ-εδ)
714 5707 866 5764 Hanc
881 5709 1213 5764 contulimus
1237 5723 1362 5763 cum
1390 5707 1523 5780 edit.
1549 5708 1824 5766 Mansiana
1853 5709 1984 5766 Col-

404 5779 530 5837 lect.
569 5780 814 5906 ampliss.
838 5780 1047 5835 Concil.
1078 5788 1209 5834 tom.
1238 5779 1302 5845 V,
1325 5794 1381 5850 p.
1410 5779 1498 5834 85.

476 5849 586 5906 (56)
617 5867 646 5904 ο
672 5867 698 5906 ς
729 5849 896 5906 Garn.

476 5849 586 5924 (56)
617 5849 698 5914 οἷς
729 5849 896 5906 Garn.

2165 5708 2279 5780 (ετ)
2304 5713 2434 5780 ἡμῖν
2466 5710 2618 5765 addit
2648 5709 2716 5764 M.

2166 5781 2277 5847 (58)
2309 5798 2366 5832 τε
2396 5781 2561 5836 Gam.

2166 5781 2258 5847 (58
2309 5798 2366 5832 τε
2396 5781 2561 5836 Gam.

2166 5781 2278 5922 (ὅθί
2305 5851 2398 5905 καί
2437 5850 2626 5907 aberat
2656 5863 2687 5903 ε
2722 5845 2888 5904 Garn.
