4072 6424
405 396 544 460 1415

1373 394 1859 456 THEODORETI
1894 393 2234 454 EPISCOPI
2267 394 2634 455 CYRENSIS

3511 387 3656 453 1416

404 505 572 559 etiam
605 503 870 559 adversus
894 503 1142 573 angelos,
1178 517 1290 556 non
1327 503 1456 556 item
1489 509 1684 556 contra
1727 515 1846 563 eos,
1879 499 1974 568 qui

2086 501 2517 570 κατατολμήσας,
2538 501 2599 553 οὐ
2620 501 2747 569 τοὺς
2767 499 3101 568 ἐμμένοντας
3132 499 3243 560 τοῖς
3263 497 3493 550 δοθεῖσιν
3514 499 3664 567 ὅροις

406 597 464 649 in
505 595 728 650 traditis
767 611 798 648 a
850 594 1120 664 theologis
1175 593 1416 647 decretis
1460 601 1787 662 permanent
1823 609 1834 643 :
1883 590 1987 643 hoc

406 687 556 741 enim
614 688 783 741 etiam
835 688 1321 742 benedictionibus
1390 684 1672 748 munivit,
1735 683 1983 737 dicens:

417 797 435 828 ι
465 777 794 846 Quicunque
851 779 993 832 hanc
1037 780 1283 849 regulam
1331 788 1657 848 sequentur,
1687 794 1791 848 pax
1821 791 1990 846 super

408 869 558 940 ipsos
580 878 635 923 et
662 871 1066 935 misericordia,
1127 879 1182 924 et
1226 886 1394 940 super
1432 870 1691 924 lsraelem
1733 867 1831 921 Dei
1865 869 1927 918 η.
1963 884 1979 914 ι

477 963 706 1032 Colligat
757 964 927 1032 igitur
968 964 1280 1018 istiusmodi
1332 977 1648 1017 sermonum
1695 968 1889 1014 auctor
1922 974 1990 1010 ex

409 1053 714 1123 apostolica
741 1059 1124 1110 exsecratione
1151 1054 1399 1108 laborum
1423 1067 1648 1108 suorum
1676 1049 1918 1120 praemia,
1935 1057 1989 1102 et

409 1146 799 1200 haereticorum
843 1147 1120 1201 seminum
1162 1146 1492 1215 manipulos.
1535 1144 1648 1198 Nos
1679 1157 1811 1195 vero
1857 1154 1990 1192 con-

382 1238 762 1306 .quiescemus
784 1238 839 1291 in
873 1221 1124 1292 doctrina
1159 1247 1476 1292 sanctorum
1500 1237 1745 1290 Patrum.

479 1415 751 1470 Caeterum
782 1414 914 1469 huic
930 1415 1180 1484 epistolae
1205 1413 1594 1470 subtexuimus
1619 1418 1989 1487 oppugnatio-

411 1522 532 1571 nes,
585 1515 646 1560 ut
684 1522 750 1561 ex
803 1508 919 1576 ipsa
959 1506 1200 1560 lectione
1252 1507 1576 1576 perspicias,
1629 1523 1697 1561 an
1733 1509 1989 1564 hazretica

411 1599 752 1667 problemata
779 1609 1003 1654 strenue
1045 1599 1393 1653 diluerimus.
1423 1599 1502 1652 Ad
1529 1599 1774 1670 singulos
1805 1610 1992 1655 autem

411 1691 902 1745 anathematismos
934 1707 1185 1745 seorsum
1213 1692 1424 1760 positos
1464 1692 1671 1760 protuli
1704 1692 1990 1746 refutatio-

409 1796 559 1844 nem,
589 1788 648 1834 ut
685 1781 922 1836 lectores
965 1781 1183 1836 facilius
1225 1781 1553 1851 intelligant,
1600 1796 1663 1836 ac
1699 1781 1993 1852 perspicua

410 1872 483 1927 sit
512 1872 830 1944 dogmatum
856 1874 1194 1944 redargutio.

414 2099 622 2168 1291
659 2099 789 2153 CLI.
809 2130 878 2138 —
901 2099 1203 2152 Theodoreti
1228 2100 1397 2151 oratio
1419 2099 1492 2168 ad
1533 2114 1636 2160 eos,
1679 2100 1770 2168 qui
1793 2100 1848 2152 in
1884 2098 1990 2151 Eu-

479 2167 746 2238 ᾗίῐνιῖιεεὶα
779 2179 826 2221 et
860 2168 1365 2238 Osroenarregione,
1405 2167 1584 2237 Syria,
1631 2167 1896 2221 Pliwnicia
1940 2176 1988 2220 et

482 2237 671 2293 Cilicia
709 2240 870 2291 vitam
904 2237 1253 2291 monasticam
1286 2237 1498 2307 degunt.

483 2370 821 2439 Respicienti
872 2369 1007 2424 mihi
1045 2379 1374 2439 praesentem
1416 2370 1678 2425 Ecclesia:
1715 2370 1990 2424 conditio-

409 2475 559 2523 nem,
601 2467 657 2514 et
686 2460 986 2528 procellam
1019 2476 1142 2528 quae
1180 2475 1357 2528 nuper
1401 2461 1457 2512 in
1509 2460 1748 2514 divinam
1803 2461 1987 2513 navim

410 2551 750 2614 surrexerit,
814 2551 1315 2619 vehementemque
1379 2560 1668 2605 ventorum
1722 2552 1988 2622 impetum

354 2690 357 2693 _
409 2652 577 2712 atque
627 2641 894 2696 ﬂuctuum
949 2642 1269 2696 violentiam
1317 2649 1376 2696 et
1414 2641 1808 2696 obscuritatem
1862 2658 1989 2712 pro-

408 2735 670 2801 fundam;
715 2734 1125 2789 contentionem
1166 2741 1431 2802 prwterea
1458 2734 1854 2804 navigantium,
1883 2751 1986 2804 pu-

410 2839 684 2896 gnamque
726 2839 940 2888 eorum,
981 2823 1185 2892 quibus
1221 2823 1389 2877 remis
1432 2823 1753 2877 incumbere
1799 2824 1988 2878 datum

406 2927 514 2985 est,
558 2918 988 2989 gubernatorum
1028 2915 1380 2978 ebrietatem,
1431 2913 1702 2968 malorum
1748 2916 1987 2985 denique

410 3010 931 3079 importunitatem;
987 3007 1240 3062 Jeremire
1283 3007 1444 3061 ﬂetus
1489 3007 1544 3060 in
1596 3016 1837 3062 mentem
1890 3024 1988 3062 ve-

408 3102 594 3164 niunt,
625 3108 788 3168 atque
814 3114 938 3154 cum
968 3098 1063 3151 illo
1096 3098 1274 3151 clamo
1303 3115 1315 3150 :
1373 3117 1390 3146 ι
1437 3097 1640 3152 Ventre
1675 3112 1818 3161 meo,
1858 3112 1989 3150 ven—

2089 592 2194 644 ὑπὸ
2213 591 2320 644 τῶν
2349 591 2614 660 θεολόγων
2641 590 2870 660 ἀνδρῶν’
2901 590 3124 652 τούτους
3144 590 3252 658 γὰρ
3283 590 3374 641 καὶ
3395 589 3666 656 εὐλογίαις

2087 682 2403 753 ὠχύρωσεν,
2434 682 2625 736 εἰπών’
2672 701 2690 734 ι
2731 684 2884 736 Ὅσοι
2916 681 2994 752 τῷ
3027 683 3211 734 κανόνι
3237 681 3410 751 τούτῳ
3445 683 3665 751 στοιχή-

2090 790 2272 825 σουσιν
2315 773 2449 842 (40),
2501 775 2689 844 εἰρήνη
2740 773 2824 825 ἐπ’
2857 774 3073 836 αὐτοὺς,
3115 772 3211 826 καὶ
3240 772 3407 835 ἕλεος,
3449 775 3542 826 καὶ
3573 775 3665 825 ἐπὶ

2086 864 2179 918 τὸν
2219 865 2433 936 Ἰσραὴλ
2469 865 2560 918 τοῦ
2585 864 2742 918 Θεοῦ.
2775 883 2793 916 ι

2159 957 2448 1027 Δρεπέσθω
2482 958 2659 1009 τοίνυν
2715 959 2743 1009 ὁ
2794 956 2901 1010 τῶν
2948 956 3120 1023 λόγων
3146 955 3351 1008 τούτων
3377 956 3562 1026 πατὴρ
3597 957 3663 1009 ἐκ

2089 1048 2190 1116 τῆς
2214 1048 2578 1116 ἀποστολικῆς
2609 1049 2748 1118 ἀρᾶς
2767 1047 2876 1101 τῶν
2900 1048 3116 1101 οἰκείων
3145 1047 3322 1100 πόνων
3355 1047 3425 1100 τά
3455 1048 3663 1117 ἐπίχει-

2092 1156 2182 1209 ρα,
2227 1140 2320 1191 καὶ
2350 1139 2459 1192 τῶν
2501 1139 2791 1208 αἱρετικῶν
2834 1139 3171 1209 σπερμάτων
3223 1139 3291 1192 τά
3340 1139 3657 1207 δράγματα’

2089 1231 2256 1302 ἡμεῖς
2287 1230 2345 1284 δέ
2393 1233 2460 1303 τῇ
2498 1232 2607 1285 τῶν
2653 1231 2824 1301 ἁγίων
2853 1233 3112 1303 Πατέρων
3145 1230 3485 1302 ἐμμενοῦμεν
3517 1230 3663 1283 διδα-

2092 1322 2306 1393 σκαλιᾳ.

2172 1413 2442 1480 ’Υπέταξα
2470 1413 2526 1466 δὲ
2553 1412 2647 1467 xui.
2674 1413 2771 1478 τὰς
2799 1415 3169 1484 γεγενημένας
3191 1415 3532 1486 ἀντιρρήσεις
3565 1416 3663 1483 τῇ·-

2090 1503 2148 1556 δέ
2177 1521 2278 1572 μου
2309 1507 2374 1574 τῇ
2400 1505 2677 1576 ἐπιστολῇ,
2708 1505 2794 1558 ἵνα
2827 1506 3090 1574 ἀναγνοὺς
3110 1506 3431 1574 δοκιμάσαις
3461 1503 3593 1574 (41),
3614 1505 3664 1556 εἰ

2091 1592 2330 1656 δυνατῶς
2345 1594 2453 1647 τῶν
2469 1595 2762 1665 αίρετικῶν
2781 1595 2987 1666 προϐλη
2997 1595 3181 1664 μάτων
3202 1595 3298 1665 τήν
3313 1593 3464 1647 λύσιν
3485 1597 3664 1666 ἐποιη-

2093 1681 2324 1752 σάμεθα.
2353 1684 2619 1738 Ἕκαστον
2652 1685 2707 1739 δέ
2745 1685 2854 1737 τῶν
2883 1683 3340 1755 ἀναθεματισμῶν
3383 1683 3507 1738 καθ’
3531 1685 3663 1738 ἐαυ-

2090 1773 2182 1824 τὸν
2207 1771 2486 1838 τεθεικὼς,
2514 1774 2780 1842 ἐξήγαγον
2811 1773 2910 1844 τὴν
2932 1773 3268 1843 ἀντίρρησιν,
3292 1772 3439 1834 ὅπως
3467 1771 3531 1824 ἂν
3567 1773 3666 1842 {Suo

2022 1865 2064 1924 Β
2093 1863 2222 1926 δίως
2263 1867 2374 1928 τοῖς
2411 1865 2824 1934 ἐντυγχάνουσιν
2870 1865 2903 1934 ἡ
2934 1865 3257 1934 κατανόησις
3289 1863 3534 1932 γένηται,
3568 1863 3665 1916 xui.

2096 1953 2274 2024 σαφὴς
2306 1953 2414 2008 τῶν
2452 1955 2737 2024 δογμάτων
2767 1956 2795 2008 ὀ
2823 1953 3063 2023 ἐλεγχος.

2091 2083 2267 2139 PNA'.
2297 2115 2368 2126 ——
2392 2085 2770 2152 Θεοδωρήτου
2803 2085 2913 2155 (42)
2945 2085 3094 2152 πρὸς
3145 2087 3286 2152 τοὺς
3335 2087 3405 2140 ἐν
3432 2086 3506 2153 τῇ
3544 2089 3662 2139 Εὐ-

2161 2155 2602 2223 φρατησίᾳ,(45)
2619 2157 2716 2210 καὶ
2735 2155 3053 2222 Ὀσροηνῇ,
3083 2157 3180 2208 καὶ
3203 2159 3406 2224 Συρίᾳ,
3420 2157 3516 2209 καὶ
3533 2161 3665 2210 Φοι-

2160 2227 2303 2292 νίκῃ
2343 2226 2452 2295 (Ut)
2495 2225 2591 2278 καὶ
2621 2228 2858 2292 Κιλικίᾳ
2892 2225 3279 2292 μονάζοντας.
3358 2287 3365 2306 θ

2173 2357 2347 2428 Ὁρῶν
2376 2359 2473 2429 τὴν
2497 2360 2555 2410 ἐν
2589 2358 2667 2429 τῷ
2707 2360 2936 2428 παρόντι
2986 2360 3162 2432 καιρῷ
3194 2359 3296 2429 τῆς
3337 2359 3663 2430 Ἐκκλησίας

2090 2449 2424 2504 κατάστασιν
2449 2451 2542 2503 καὶ
2566 2450 2663 2521 τὴν
2691 2451 2917 2520 ἔναγχος
2945 2452 3324 2505 ἐπαναστᾶσαν
3340 2455 3405 2522 τῇ
3434 2452 3555 2521 ἱερᾷ
3574 2450 3664 2520 νηῒ

2091 2541 2278 2612 ζάλην,
2314 2541 2408 2594 xui
2441 2541 2540 2605 τάς
2571 2543 2803 2613 σφοδρὰς
2847 2543 3167 2610 καταιγίδας
3213 2543 3305 2595 καί
3337 2543 3443 2595 τῶν
3487 2543 3666 2612 κυμάε·

2089 2649 2196 2685 των
2227 2633 2323 2702 τὴν
2356 2633 2661 2703 προσϐολὴν
2691 2635 2784 2686 xui.
2807 2633 2905 2704 τὴν
2930 2633 3150 2703 βαθεῖαν
3183 2636 3541 2704 σκοτομήνην,
3568 2635 3663 2688 καὶ

2089 2723 2227 2794 πρὸς
2265 2724 2472 2787 τούτοις
2495 2723 2602 2777 τῶν
2632 2724 2931 2795 πλωτήρων
2960 2726 3058 2794 τὴν
3096 2725 3228 2796 ἔριν,
3260 2728 3352 2780 xui
3379 2726 3485 2778 τῶν
3511 2726 3666 2796 ἐρέτ-

2091 2831 2204 2867 τειν
2237 2815 2510 2883 λαχόντων
2539 2815 2639 2884 τὴν
2671 2817 2870 2884 μάχην,
2906 2815 3000 2867 xui.
3029 2814 3129 2884 τὴν
3176 2815 3282 2867 τῶν
3316 2813 3663 2884 κυϐερνητῶν

2093 2904 2284 2974 μέθην,
2321 2905 2414 2956 καὶ
2444 2903 2777 2968 ἁπαξαπλῶς
2816 2905 2912 2975 τὴν
2947 2903 3052 2956 τῶν
3077 2903 3262 2957 κακῶν
3296 2905 3523 2975 ἀωρίαν,
3554 2907 3663 2956 τῶν

2103 2995 2368 3065 Ἰερεμίου
2411 2996 2625 3067 θρήνων
2651 2997 3159 3066 ἀναμιμνήσκομαι,
3184 2997 3278 3049 καὶ
3307 2997 3422 3067 μετ’
3452 2997 3663 3049 ἐκείνου

2094 3085 2221 3155 βοῶο
2251 3105 2268 3136 ι
2301 3087 2411 3154 Τὴν
2439 3087 2646 3140 κοιλίαν
2679 3103 2802 3157 μου,
2831 3087 2931 3154 τὴν
2972 3087 3182 3140 κοιλίαν
3221 3105 3323 3158 μου
3354 3085 3464 3155 ἐγὼ
3491 3086 3663 3152 ἀλγῶ,

409 3199 495 3246 tre
523 3206 644 3245 meo
669 3191 851 3254 doleo,
903 3198 959 3244 et
1007 3204 1204 3244 sensus
1238 3187 1421 3243 cordis
1469 3188 1576 3242 mei
1624 3187 1774 3242 dolet
1805 3187 1984 3240 anima

2092 3177 2186 3228 xui.
2213 3175 2284 3229 τά
2320 3177 2649 3249 αἰσθητήρια
2687 3179 2784 3246 τῆς
2815 3179 3042 3248 καρδίας
3078 3197 3178 3250 μου
3220 3181 3518 3251 μαιμάσσει
3552 3179 3664 3251 (45)

409 3299 568 3349 mea;
600 3284 768 3338 etiam
799 3281 1136 3350 discerpitur
1159 3295 1253 3336 cor
1284 3295 1468 3335 meum
1501 3281 1564 3344 υ,
1591 3299 1608 3330 ι
1637 3288 1693 3335 et
1724 3280 1988 3350 lacryma-

411 3389 537 3428 rum
564 3373 744 3427 fontes
765 3372 1011 3441 requiro,
1029 3379 1094 3424 ut
1121 3371 1407 3425 oculorum
1435 3368 1729 3425 stillicidiis
1761 3370 1986 3424 densan

407 3465 647 3520 tristitia:
691 3464 894 3518 nubem
949 3463 1265 3518 discutiam.
1313 3462 1544 3532 Oportet
1586 3464 1755 3526 enim,
1805 3463 1986 3518 hieme

410 3555 550 3610 adeo
589 3553 726 3617 fera,
762 3561 818 3606 et
845 3551 1248 3623 gubernatores
1281 3551 1530 3621 vigilare,
1587 3560 1643 3606 et
1678 3552 1986 3621 tempestati

406 3645 708 3710 adversari,
759 3653 817 3698 et
872 3644 940 3698 de
973 3644 1131 3698 navis
1174 3645 1349 3697 salute
1394 3643 1671 3707 meditari,
1699 3653 1756 3698 et
1791 3651 1987 3698 nautas

409 3741 600 3794 relicta
639 3746 827 3792 mutua
861 3736 1239 3801 contentione,
1289 3737 1547 3806 precibus
1570 3744 1627 3791 et
1663 3746 1781 3792 arte
1821 3737 1985 3791 ﬁnem

409 3831 570 3885 malis
596 3830 901 3898 imponere,
938 3836 995 3882 et
1030 3828 1351 3898 navigantes
1383 3829 1690 3896 quiescere,
1719 3839 1776 3883 et
1805 3845 1986 3898 neque

408 3919 665 3982 invicem,
699 3932 880 3986 neque
906 3933 1031 3970 cum
1065 3919 1530 3988 gubernatoribus
1565 3919 1766 3985 rixari;
1817 3920 1987 3974 maris

407 4019 592 4064 autem
639 4008 872 4063 Domino
929 4009 1258 4078 supplicare,
1309 4018 1530 4064 utnutu
1556 4011 1831 4065 tristitiam
1860 4027 1984 4064 mu-

408 4109 504 4157 tet.
547 4101 758 4170 1292
793 4099 1000 4153 Horum
1037 4109 1219 4155 tamen
1246 4101 1456 4170 aliquid
1482 4116 1642 4171 agere
1677 4101 1979 4170 unusquis-

405 4209 515 4263 que
559 4202 816 4256 recusat;
855 4199 910 4244 at
939 4193 1109 4247 veluti
1148 4193 1204 4246 in
1248 4209 1428 4263 pugna
1458 4201 1728 4248 nocturna
1756 4209 1859 4248 nos
1903 4195 1987 4247 in-

405 4285 582 4342 vicem
619 4302 731 4340 non
767 4293 1152 4357 agnoscentes,
1183 4295 1348 4356 atque
1392 4285 1633 4340 inimicis
1655 4286 1886 4351 relictis,
1927 4287 1984 4339 in

394 4379 774 4448 nosmetipsos
823 4380 1010 4433 omnia
1057 4378 1438 4432 consumimus
1489 4379 1632 4443 tela,
1663 4387 1719 4432 et
1761 4388 1984 4433 neStros

2089 3267 2290 3338 ἡψυχή
2335 3287 2460 3339 μου,
2491 3271 2870 3341 σπαράσσεται
2915 3271 3010 3324 καὶ
3046 3273 3076 3341 ή
3122 3271 3320 3341 καρδία
3361 3288 3485 3341 μου,
3516 3291 3534 3322 )
3569 3272 3667 3324 καὶ

2089 3363 2272 3432 πηγὰς
2293 3361 2543 3432 δακρύων
2569 3362 2832 3433 ἐπιζητῶ,
2858 3363 2945 3416 ἵνα
2967 3366 3087 3426 ταῖς
3119 3362 3298 3417 λιϐάσι
3326 3363 3435 3416 τῶν
3461 3363 3664 3432 ὀφθαλ-

2092 3454 2230 3524 μῶν,
2258 3454 2319 3507 τδ
2349 3455 2483 3510 πολὺ
2528 3457 2627 3526 τῆς
2659 3456 2896 3527 ἀθυμίας
2929 3458 3395 3526 ἀποσκευάσωμαι
3438 3456 3549 3526 (46)
3575 3456 3666 3510 νέα

2089 3563 2208 3615 φος.
2236 3547 2363 3600 Δέον
2389 3547 2498 3618 γὰρ
2525 3550 2580 3602 ἐν
2614 3548 2785 3612 οὕτως
2813 3549 2992 3620 ἀγρίῳ
3019 3549 3248 3620 χειμῶνι
3286 3549 3381 3603 καὶ
3413 3550 3540 3611 τοὺς
3569 3567 3668 3601 xu-

2087 3639 2360 3711 ϐερνήτας
2406 3640 2784 3711 ἐγρηγορέναι,
2823 3641 2933 3693 καὶ·
2971 3639 3051 3710 τῷ
3096 3640 3321 3693 κλύδωνι
3371 3640 3663 3711 μάχεσθαι,

2089 3731 2183 3784 xui.
2215 3733 2312 3800 τῆς
2344 3730 2437 3783 τοῦ
2479 3732 2717 3799 σκάφους
2754 3732 3029 3802 σωτηρίας
3070 3732 3374 3804 φροντίζειν
3406 3734 3501 3786 καὶ
3540 3735 3667 3796 τοὺς

2087 3820 2288 3883 ναύτας
2313 3821 2412 3889 τῆς
2440 3824 2558 3874 κατ’
2582 3822 2822 3890 ἀλλήλων
2848 3823 3018 3893 ἔριδος
3045 3824 3384 3886 ἀποστάντας
3410 3825 3541 3894 εὐχῇ
3573 3825 3666 3876 xui.

2085 3912 2249 3983 τέχνῃ
2295 3913 2363 3965 τὰ
2389 3913 2535 3966 δεινὰ
2569 3912 2826 3966 διαλύειν·
2871 3915 2964 3967 καὶ
2998 3915 3122 3977 τοὺς
3150 3915 3442 3985 πλωτῆρας
3487 3917 3664 3985 ἡσυχῆ

2087 4004 2380 4073 καθῆσθαι·
2415 4007 2510 4058 καὶ
2548 4006 2685 4076 μήτε
2711 4005 2960 4076 ἀλλήλοις
2987 4007 3122 4075 μήτε
3152 4009 3262 4068 τοῖς
3301 4006 3665 4075 κυὸερνήταις

2088 4095 2438 4164 ζυγομαχεῖν⁹
2467 4095 2558 4148 τὸν
2578 4095 2634 4148 δὲ
2654 4096 2749 4165 τῆς
2777 4095 3046 4166 θαλάττης
3075 4097 3336 4149 ἱκετεύειν
3363 4098 3661 4166 Δεσπότην,

2088 4187 2174 4239 ἵνα
2203 4188 2431 4256 νεύματι
2469 4187 2746 4258 μεταϐάλῃ
2799 4187 2870 4240 τὰ
2930 4189 3249 4258 σκυθρωπά.
3293 4189 3511 4241 Τούτων
3563 4191 3664 4258 μέν

2086 4278 2259 4341 οὐδεὶς
2282 4278 2431 4331 οὐδὲν
2465 4277 2637 4332 ἐθέλει
2669 4281 2864 4331 ποιεῖν·
2897 4278 2973 4341 ὼς
3009 4282 3066 4332 ἐν
3112 4267 3534 4350 νυκτομαχίαδέ
3560 4281 3662 4332 ἀλ-

2087 4369 2281 4438 λήλους
2310 4369 2693 4438 ἀγνοήσαντες,
2737 4371 2832 4422 καὶ
2867 4371 2992 4434 τοὺς
3021 4369 3295 4433 ἐναντίους
3337 4370 3666 4423 καταλιπόνο

403 4481 664 4538 tanquam
706 4469 891 4525 hostes
938 4469 1336 4534 vulneramus;
1389 4467 1469 4522 illi
1503 4483 1637 4522 vero
1664 4483 1836 4538 prope
1881 4484 1984 4523 nos

2086 4459 2356 4541 16;,‘xu0‘
2388 4460 2546 4530 ήμῶν
2582 4459 2763 4513 αὐτῶν
2808 4461 2986 4514 πάντα
3029 4461 3358 4532 δαπανῶμεν
3403 4462 3469 4514 τά
3509 4461 3663 4531 βέλη,

401 4567 630 4625 stantes,
688 4561 920 4617 irrident
960 4568 1211 4616 nostram
1265 4561 1615 4626 ebrietatem,
1669 4560 1982 4630 nostrisque

2089 4553 2182 4606 xui
2204 4537 2332 4614 τοὺς
2354 4527 2658 4622 ὁμοφύλους
2685 4552 2760 4615 ὠς
2785 4552 3075 4622 πολεμίους
3092 4527 3485 4623 τιτρώσκομεν,
3510 4527 3570 4606 ὀἱ
3603 4527 3664 4606 δὲ

400 4650 662 4706 fruuntur
711 4653 987 4718 miseriis,
1039 4661 1097 4708 et
1142 4652 1406 4724 gaudent,
1444 4660 1692 4706 mutuam
1735 4661 1981 4707 nostram

399 4742 654 4798 videntes
694 4743 1190 4813 consumptionem.
1251 4742 1459 4796 Horum
1505 4748 1693 4795 autem
1746 4739 1790 4796 ii
1852 4749 2008 4796 sunt.

467 4893 511 4924 “
533 4891 709 4949 Galat.
733 4911 808 4961 γι,
837 4894 924 4950 id.
1001 4894 1044 4926 ¹³
1077 4894 1282 4950 Jcrem.
1310 4908 1382 4957 1v,
1424 4892 1513 4946 i9.

497 5036 579 5118 ιθ)
611 5049 909 5118 στοιχοῦσιν
941 5049 1012 5103 Μ.
1043 5049 1097 5104 in
1124 5047 1388 5118 margine.

494 5117 582 5189 4i)
613 5119 705 5173 Sic
730 5117 802 5173 M.
842 5120 898 5172 in
929 5135 1134 5189 marg.;
1172 5117 1387 5173 textus:
1409 5117 1725 5187 δοκιμάσας.

494 5188 580 5256 42)
609 5189 861 5242 Nondum
895 5190 1040 5243 edita
1059 5188 1237 5242 fuerat
1259 5189 1373 5243 huc
1389 5189 1531 5242 inter
1551 5197 1774 5246 eteteras
1795 5192 1978 5248 Theo-

396 5257 574 5333 doreti
616 5259 893 5333 epistclas,
918 5259 1016 5333 sed
1039 5262 1158 5333 eju_s
1187 5267 1363 5333 tamen
1391 5259 1780 5333 fragmentum,
1807 5264 1975 5333 idque

400 5326 691 5403 Latinum,
717 5330 962 5403 exstabat
1006 5326 1355 5403 in'Garnerii
1397 5326 1672 5403 Anetario,
1715 5347 1834 5403 pag.
1881 5326 1968 5388 62.

400 5397 593 5468 Totius
623 5399 791 5467 igitur
827 5399 1071 5468 epistolae
1109 5401 1416 5468 exemplum
1455 5399 1621 5462 nacti,
1647 5397 1901 5456 accurate
1940 5418 1972 5456 e

397 5466 588 5537 codice
619 5466 1224 5537 qtlodam'bibliotlieae
1245 5466 1502 5524 Caesarea:
1531 5469 1973 5527 Vindobonensis

399 5535 760 5610 descriptum,
793 5555 917 5592 cum
944 5555 1117 5610 eoque
1142 5540 1339 5592 iterum
1363 5539 1653 5610 diligenter
1692 5541 1971 5607 collatum,

400 5604 493 5660 hic
519 5604 791 5663 edendum
809 5604 1140 5664 curavimus.
1163 5612 1309 5674 Post,
1330 5624 1453 5662 cum
1470 5604 1806 5664 'vidissemus
1828 5604 1979 5664 Man-

402 5677 547 5748 sium
589 5679 642 5731 in
691 5680 1026 5748 amplissima
1062 5681 1421 5735 conciliorum
1467 5677 1786 5733 collectione
1827 5691 1977 5734 tomo

405 5743 468 5806 V,
511 5761 562 5812 p.
623 5749 758 5820 l925
787 5743 956 5818 'seq.,
1017 5751 1286 5814 eamdem,
1319 5748 1506 5820 nescio
1540 5748 1682 5803 unde
1714 5749 1979 5820 deprom-

404 5820 574 5880 ptam,
604 5818 860 5886 edidisse,
890 5817 1010 5889 ejus
1041 5834 1258 5889 quoque
1301 5817 1678 5887 discrepantes
1713 5817 1978 5876 lectiones

2089 4647 2318 4717 πλησίον
2361 4648 2593 4710 ἑστῶτες
2626 4647 2736 4717 (47)
2774 4646 3004 4711 γελῶσιν
3029 4646 3185 4717 ήμῶν
3211 4647 3310 4718 τὴν
3341 4648 3530 4718 μέθην,
3568 4647 3665 4700 xui.

2087 4742 2200 4803 τοῖς
2234 4739 2520 4811 ἡμετέροις
2556 4738 2935 4810 ἐπεντρυφῶσι
2989 4741 3196 4802 κακοῖς,
3248 4741 3343 4794 καὶ
3378 4738 3664 4810 χαίρουσιν

2080 5049 2532 5123 addidimus._——
2565 5051 2717 5107 Hanc
2776 5053 3062 5123 epistolam
3127 5068 3252 5107 cum
3301 5051 3662 5121 subsequenti

2080 5121 2366 5193 opusculo,
2400 5120 2550 5186 Quod
2587 5131 2711 5193 post
2737 5120 3065 5192 assumptum
3089 5120 3500 5184 humanitatem,
3525 5130 3660 5190 etc.,

2076 5191 2249 5263 edidit
2279 5191 2442 5245 etiam
2474 5191 2810 5258 Gallandius,
2845 5191 2976 5247 tom.
3005 5193 3094 5259 IX,
3122 5210 3179 5263 p.
3218 5193 3338 5247 405.
3370 5193 3517 5246 Emr.

2172 5263 2238 5316 45
2288 5263 2627 5333 Εὖφρατισία
2651 5263 2883 5317 Vindob.
2914 5261 3128 5318 vitiose.

2173 5261 2260 5400 Mi
2286 5334 2381 5384 καὶ
2413 5335 2472 5386 Φ,
2506 5351 2559 5386 κ.
2589 5319 2642 5384 Σ.
2679 5333 2872 5387 Mansi.

2173 5333 2260 5387 44)
2286 5334 2381 5384 καὶ
2413 5335 2472 5386 Φ,
2506 5351 2559 5386 κ.
2589 5333 2642 5384 Σ.
2679 5333 2872 5387 Mansi.

2174 5403 2260 5470 45)
2307 5419 2372 5469 με
2409 5403 2603 5470 μάσσει
2631 5403 2795 5458 Vind.
2832 5405 3044 5459 vitiose.

2291 5474 2751 5544 ἀποσκεδάσωμαι
2775 5475 2943 5528 Mans.
2977 5476 3030 5528 in
3064 5475 3328 5544 margine.

2151 5542 2260 5612 (47)
2303 5542 2807 5612 1-1ιῇιιειοοίεοίδὲ
2859 5545 3084 5613 πλησίον
3121 5542 3354 5605 ἑστῶτες
3388 5558 3561 5612 usque
3590 5542 3661 5596 ad

2077 5613 2291 5685 verba:
2321 5614 2417 5677 τὰς
2442 5614 2606 5675 ἀκοὰς
2630 5617 2814 5675 αὐτοῖς
2849 5616 3072 5685 ὑπέχειν
3109 5613 3473 5685 ἀνεχομένων,
3511 5614 3663 5666 Lati—

2080 5698 2206 5736 nam
2258 5683 2790 5757 interpretationem,
2824 5683 3085 5757 tanquam
3117 5685 3362 5757 epistolae
3388 5683 3664 5757 fragmen-

2083 5761 2198 5806 tum
2224 5754 2474 5809 cdiderat
2500 5754 2822 5821 Garnerius,
2854 5755 3079 5811 Auctar.
3112 5770 3168 5825 ρ,
3197 5755 3286 5810 6'2.
