4072 6420
271 405 419 474 1-317

1660 414 2026 477 EPlSTOLA
2061 411 2202 471 CLI.

3407 392 3571 480 me

264 519 373 572 ὑπ’
393 516 641 588 ἀλλήλων
671 518 820 587 ἡμᾶς
853 517 1087 590 ὁρῶντες
1133 520 1579 592 δαπανωμένους
1612 522 1775 576 αἴτιοι
1801 522 1851 575 δὲ

1963 527 2239 582 auctores,
2285 517 2381 587 qui
2427 518 2786 588 apostolicam
2816 517 2980 574 ﬁdem
3025 534 3386 590 corrumpere
3427 533 3548 579 ten-

258 610 479 664 τούτων
494 610 545 663 ot
565 608 666 681 τὴν
689 611 1055 683 ἀποστολικὴν
1078 613 1386 687 διαφθεῖραι
1416 615 1599 669 πίστιν
1628 616 1860 684 φιλονει-

257 704 546 771 κήσαντες
578 702 675 754 καὶ
708 704 823 765 τοῖς
855 703 1230 772 εὑαγγελικοίς
1260 704 1526 777 δόγμασιν
1573 706 1859 761 ἀλλόκοτον

162 836 171 839 -
257 797 626 853 διδασκαλίαν
656 794 924 850 ἐπιθεῖναι
963 795 1352 866 τολμήσαντες·
1382 797 1478 850 καὶ
1514 797 1583 851 τὰ
1623 797 1856 868 δυσσεϐῆ

256 890 570 959 κεφάλαια,
608 888 646 943 ἃ
681 886 820 958 μετά
849 886 1314 958 ἀναθεματισμῶν
1361 890 1443 952 είς
1470 889 1570 960 τὴν
1611 888 1858 959 βασιλίδα

257 979 431 1034 πόλιν
464 978 805 1050 ἐξέπεμψαν,
836 977 1259 1050 δεξάμενοι,οιαὶ
1293 981 1415 1042 ταῖς
1452 979 1682 1043 οἰκείαις
1722 980 1856 1032 ὑπο-

253 1074 534 1143 γραφαῖς,
574 1071 651 1134 ὡς
687 1070 971 1142 ᾠήθησαν,
1029 1068 1448 1140 βεϐαιώσαντες,
1478 1070 1517 1126 δι
1575 1071 1762 1140 σαφῶς
1792 1073 1857 1125 ἐκ

254 1164 374 1235 τῆς
428 1165 631 1234 πικρᾶς
688 1162 1065 1232 Ἀπολιναρίου
1120 1161 1458 1234 βεϐλάστηκε
1504 1162 1679 1234 ῥίζης.
1711 1164 1858 1216 Μετ-

256 1256 385 1327 έχει
426 1255 484 1309 δὲ
535 1255 629 1309 καὶ
666 1254 768 1324 τῆς
806 1254 1016 1323 Ἀρείου
1061 1254 1157 1307 καὶ
1204 1254 1470 1324 Εὐνομίου
1512 1254 1850 1318 δυσσεϐείας·

250 1351 311 1401 εί
368 1347 430 1401 δέ
479 1362 565 1411 τις
606 1345 853 1416 ἀκριϐῶς
911 1345 1148 1400 κατιδεῖν
1202 1344 1533 1418 ἐθελήσειεν,
1580 1346 1704 1399 οὐδὲ
1756 1346 1856 1417 τῆς

253 1434 628 1490 Οὐαλεντίνου
653 1434 751 1489 καὶ
779 1433 1108 1508 Μαρκίωνος
1132 1434 1342 1507 ἄμοιρα
1371 1434 1697 1500 δυσσεϐείας
1723 1453 1855 1505 τυγ-

254 1527 444 1597 χάνει.

353 1615 447 1669 Ἐν
485 1617 588 1687 μὲν
612 1616 723 1687 γὰρ
752 1614 833 1686 τῷ
863 1614 1066 1687 πρώτῳ
1090 1616 1367 1689 κεφαλαίῳ
1396 1618 1497 1690 τὴν
1532 1619 1672 1691 ὑπὲρ
1698 1619 1857 1691 ἡμῶν

255 1707 649 1778 γεγενημένην
700 1707 1013 1777 οἰκονομίαν
1040 1708 1333 1762 ιέκϐάλλειο
1369 1710 1469 1762 οὐκ
1506 1709 1856 1781 ἀνειληφέναι

255 1799 358 1852 τὸν
402 1797 536 1851 θεὸν
590 1797 763 1867 Λόγον
815 1796 978 1866 φύσιν
1020 1797 1389 1869 ἀνθρωπείαν,
1428 1798 1544 1852 ἀλλ’
1568 1801 1733 1854 αὑτὸν
1777 1803 1857 1865 είς

259 1891 451 1961 σάρκα
477 1888 882 1960 μεταϐληθῆναι
902 1888 1191 1943 διδάσκων·
1222 1893 1315 1943 καὶ
1345 1892 1561 1962 δοκήσει
1595 1892 1690 1946 καὶ
1722 1910 1856 1960 φαν-
1885 1872 1929 1926 Β

255 1984 428 2055 τασίᾳ
455 1983 553 2053 τὴν
573 1980 669 2036 τοῦ
698 1982 952 2053 Σωτῆρος
979 1983 1012 2052 ὴ
1022 1981 1138 2053 μῶν
1161 1982 1596 2054 ὲνανθρώπησιν,
1621 1982 1736 2037 ἀλλ’
1756 1986 1857 2039 οὐκ

257 2074 499 2145 ἀληθείᾳ
530 2072 857 2144 γεγενῆσθαι
888 2071 1253 2142 δογματίζων.
1288 2073 1476 2128 Ταῦτα
1500 2073 1555 2127 δὲ
1577 2076 1676 2145 τῆς
1702 2075 1858 2147 Μαρ-

259 2168 465 2230 κίωνος
498 2168 592 2221 καὶ
618 2165 713 2219 τοῦ
741 2167 1018 2229 Μάνεντος
1040 2166 1135 2219 καὶ
1159 2165 1516 2219 Οὐαλεντίνου
1538 2166 1857 2232 δυσσεϐείας

256 2263 509 2332 ὑπάρχει
539 2261 878 2330 γεννήματα.
919 2259 1008 2311 Ἐν
1062 2258 1120 2311 δὲ
1156 2258 1233 2328 τῷ
1287 2258 1525 2331 δευτέρῳ
1557 2260 1652 2313 καὶ
1687 2261 1856 2334 τρίτῳ

253 2353 574 2425 κεφαλαίῳ,
606 2351 799 2423 ὥσπερ
830 2350 1220 2421 ἐπιλαθόμενος
1247 2344 1321 2405 ὧν
1343 2351 1403 2405 ὲν
1430 2353 1741 2421 προοιμίοις
1765 2353 1855 2420 ἐξ·

258 2449 445 2512 έθετο,
474 2447 574 2519 τὴν
603 2446 727 2499 καθ’
761 2445 1060 2498 ὑπόστασιν
1101 2443 1295 2497 ἕνωσιν
1324 2443 1554 2513 είσάγει,
1586 2445 1683 2497 καὶ
1725 2444 1853 2499 σύν-

251 2540 386 2594 οδον
418 2540 538 2593 καθ’
572 2539 769 2593 ἕνωσιν
808 2537 1064 2609 φυσικὴν,
1105 2536 1303 2609 κρᾶσίν
1331 2554 1452 2591 τινα
1474 2538 1569 2590 καί
1592 2537 1853 2608 σύγχυσιν

252 2633 355 2688 διὰ
378 2631 586 2686 τούτων
622 2631 729 2685 τῶν
757 2630 1039 2698 ὀνομάτων
1072 2629 1401 2700 γεγενῆσθαι
1428 2629 1697 2684 διδάσκων
1752 2635 1853 2704 τῆς

253 2742 324 2778 τε
361 2723 477 2797 (48)
514 2724 667 2786 Θείας
699 2722 916 2792 φύσεως
966 2722 1061 2775 καὶ
1096 2720 1197 2791 τῆς
1242 2720 1336 2774 τοῦ
1367 2720 1554 2775 δούλου
1611 2726 1849 2795 μορφῆς.

255 2819 438 2872 Τοῦτο
462 2818 562 2887 τῆς
590 2815 877 2887 αίρετικῆς
924 2813 1302 2885 Ἀπολιναρίου
1337 2816 1690 2885 καινοτομίας
1732 2816 1852 2869 ἐστὶ

254 2907 476 2978 κύημα.
510 2908 598 2960 Ἐν
623 2906 681 2960 δὲ
707 2904 788 2975 τῷ
808 2904 1053 2976 τετάρτῳ
1081 2903 1361 2975 κεφαλαίῳ
1380 2905 1715 2976 ἀπαγορεύει
1741 2905 1851 2960 τῶν

254 2994 644 3065 εὐαγγελικῶν
669 2995 766 3048 καὶ
796 2992 1171 3048 ἀποπολικῶν
1205 2994 1398 3063 φωνῶν
1430 2995 1529 3066 τὴν
1561 2995 1849 3068 διαίρεσιν,

255 3086 361 3139 καὶ
403 3085 504 3139 οὐκ
546 3085 612 3156 ἑᾷ
644 3083 787 3138 κατά
817 3083 920 3147 τὰς
954 3083 1063 3136 τῶν
1092 3083 1393 3154 ὀρθοδόξων
1417 3085 1682 3156 Πατέρων
1706 3086 1853 3140 διδα-

259 3173 498 3236 σκαλίας
527 3173 626 3236 τὰς
658 3172 758 3244 μὲν
790 3171 1119 3243 θεοπρεπεῖς
1151 3173 1337 3241 φωνὰς
1386 3174 1518 3245 περὶ
1562 3176 1664 3246 τῆς
1698 3174 1853 3240 θείας

255 3262 706 3334 ἐπιλαμϐάνεσθαι
737 3263 955 3332 φύσεως
1000 3262 1099 3326 τὰς
1123 3263 1181 3317 δὲ
1206 3264 1473 3328 ταπεινὰς
1511 3266 1604 3319 καὶ
1634 3266 1851 3336 ἀνθρω-

255 3356 436 3418 πίνως
457 3354 757 3426 εἰρημένας
782 3357 851 3426 τῇ
880 3352 1252 3427 ἀναληφθείσῃ
1273 3356 1611 3425 προσάπτειν
1638 3357 1850 3427 ἀνθρω-

255 3447 481 3519 πάτητι·
508 3448 602 3501 καὶ
635 3446 887 3502 ἐντεῦθεν
912 3447 1095 3501 τοίνυν
1125 3445 1274 3500 ἔστιν
1302 3447 1484 3518 εὑρεῖν
1505 3448 1634 3512 τοὺς
1659 3449 1851 3520 suppo-

253 3541 488 3604 νοῦντας
517 3541 617 3612 τὴν
653 3541 756 3611 τῆς
796 3540 1055 3603 ἀσεϐείας
1098 3540 1451 3608 συγγένειαν.
1476 3541 1695 3611 ’Ἄρειος
1737 3541 1848 3613 γὰρ

255 3634 361 3690 καὶ
391 3633 678 3704 Εὐνόμιος,
719 3632 926 3702 κτίσμα
956 3632 1051 3686 καὶ
1078 3630 1138 3696 ἐξ
1166 3630 1267 3684 οὑκ
1299 3632 1491 3699 ὄντων,
1528 3632 1623 3686 καὶ
1663 3632 1848 3687 δοῦλον

252 3726 356 3782 τὸν
391 3725 661 3796 μονογενῆ
696 3724 817 3777 Υίὸν
849 3722 946 3776 τοῦ
973 3721 1108 3777 Θεοῦ
1132 3720 1272 3777 εἴναι
1299 3723 1619 3792 φάσκοντες,
1648 3724 1716 3779 τὰ
1749 3742 1848 3778 τα-

253 3817 466 3883 πεινῶς
514 3817 622 3870 ὑπὸ
653 3815 747 3870 τοῦ
778 3814 1054 3868 Δεσπότου
1082 3813 1324 3886 Χριστοῦ
1368 3815 1463 3868 καὶ
1490 3815 1847 3886 ἀνθρωπίνως

194 3886 219 3895 θ
253 3908 531 3981 εἰρημένα
555 3911 623 3980 τῇ
647 3908 862 3978 θεότητι
886 3907 1050 3961 αὑτοῦ
1077 3907 1353 3979 προσάψαι
1374 3908 1760 3980 τετολμήκασι·
1785 3910 1847 3963 το

252 3999 600 4072 ἑτεροούσιον
625 3998 877 4053 ἐντεῦθεν
912 3998 1007 4052 καὶ
1031 3998 1091 4052 τὺ
1114 3999 1369 4069 ἀνόμοιον
1401 3998 1843 4064 κατασκευάζον-

251 4108 370 4155 τες.
406 4090 553 4161 Πρὸς
602 4090 831 4154 τούτοις,
867 4089 953 4142 ἵνα
1003 4087 1240 4142 συνελὼν
1296 4089 1455 4153 είπω,
1511 4087 1684 4160 αὐτὴν
1743 4091 1843 4162 τὴν

250 4180 446 4251 ἀπαθῆ
485 4182 580 4236 καὶ
611 4180 880 4253 ἄτρεπτον
923 4179 1018 4234 τοῦ
1063 4179 1305 4250 Χριστοῦ
1352 4179 1581 4252 θεότητα
1618 4181 1713 4236 καὶ
1741 4199 1845 4234 πα-

250 4273 393 4339 θεῖν,
418 4272 515 4325 καὶ
540 4270 920 4342 σταυρωθῆναι
947 4272 1040 4326 καὶ
1064 4271 1357 4326 ἀποθανεῖν
1382 4272 1478 4326 καὶ
1504 4273 1742 4343 ταφῆναι
1768 4274 1845 4326 δι-

249 4362 532 4433 αγορεύει.
568 4361 740 4414 Τοῦτο
796 4361 851 4413 δὲ
913 4361 1008 4415 καὶ
1050 4360 1152 4430 τῆς
1193 4361 1405 4432 Ἀρείου
1450 4363 1546 4415 καὶ
1575 4362 1842 4434 Εὑνομίου

253 4453 459 4525 μανίας
487 4450 766 4506 ἐπέκεινα·
792 4450 916 4504 οὐδὲ
940 4450 1050 4521 γὰρ
1072 4451 1120 4504 οί
1143 4450 1347 4519 κτίσμα
1375 4449 1682 4520 τολμῶντες
1709 4452 1843 4505 ἀπο-

250 4544 444 4599 καλεῖν
488 4542 582 4597 τδν
614 4542 855 4614 Ποιητὴν
885 4543 994 4596 τῶν
1027 4543 1165 4596 ὅλων
1213 4542 1308 4596 καὶ
1349 4543 1715 4613 Δημιουργὸν,
1760 4546 1841 4608 είς
1872 4574 1916 4629 D

250 4638 462 4709 ταύτην
490 4635 784 4703 ἐξώκειλαν
798 4635 898 4706 τὴν
918 4634 1193 4690 ἀσέϐειαν.
1215 4634 1438 4703 Βλασφη
1448 4637 1538 4704 μεῖ
1556 4633 1614 4688 δὲ
1636 4634 1729 4687 καὶ
1759 4634 1841 4698 είς

249 4728 317 4783 τὸ
366 4728 524 4797 ἀγιον
568 4727 814 4799 Πνεῦμαο
853 4729 953 4781 οὐκ
985 4728 1052 4782 ὲκ
1089 4727 1186 4780 τοῦ
1242 4727 1456 4798 Πατρὸς
1494 4725 1626 4779 αὐτὸ
1666 4724 1841 4794 λέγων

250 4806 677 4888 ἐκπορεύεσθαι,
708 4818 851 4872 κατά
886 4816 985 4888 τὴν
1014 4816 1111 4870 τοῦ
1151 4818 1357 4888 Κυρίου
1390 4816 1596 4889 φωνὴν,
1627 4816 1744 4871 ἀλλ’
1780 4816 1841 4883 ἐξ

249 4908 386 4962 Υίοῦ
417 4907 519 4979 τὴν
548 4907 784 4980 ὓπαρξιν
818 4907 981 4978 ἔχειν.
1020 4908 1133 4961 Καὶ
1157 4900 1316 4971 οὗτος
1339 4907 1397 4961 δὲ
1422 4907 1531 4961 τῶν
1554 4908 1840 4964 Ἀπολινα-

250 5002 375 5076 ρίου
399 5002 731 5073 σπερμάτων
755 5001 785 5053 ὁ
816 4998 1052 5069 καρπός·
1079 4998 1378 5064 γειτνιάζει
1408 4999 1466 5051 δὲ
1500 5000 1596 5053 καὶ
1622 5003 1688 5071 τῇ
1717 5001 1840 5054 Μα-

250 5094 494 5150 κεδονίου
520 5094 735 5165 πονηρᾷ
760 5090 1023 5163 γεωργίᾳ.
1053 5089 1290 5141 Τοιαῦτα
1314 5087 1410 5140 τοῦ
1444 5090 1740 5156 Αἰγυπτίου
1770 5090 1839 5143 τὰ

249 5188 532 5259 κυήματα,
566 5183 808 5256 πονηροῦ
841 5180 1051 5252 πατρὸς
1081 5178 1301 5249 ἀληθῶς
1324 5176 1524 5245 ἔγγονα
1543 5179 1851 5249 πονηρότεί

251 5296 344 5350 ρα.
402 5275 592 5331 Ταῦτα
627 5275 685 5328 δὲ
720 5272 838 5327 δέον
874 5271 908 5343 ἢ
949 5268 1327 5343 ἀμϐλωθρίδια
1373 5267 1598 5338 ποιῆσαι
1637 5285 1837 5337 κυοφο-

246 5370 515 5444 ρούμενα,
541 5368 576 5439 ἢ
608 5367 772 5430 εὐθὺς
798 5365 1061 5437 τεχθέντα
1087 5362 1396 5433 διαφθεῖραι
1427 5362 1555 5424 τοὺς
1586 5361 1696 5417 τῶν
1725 5362 1830 5430 ψυο

244 5457 362 5529 χῶν
393 5455 492 5528 τὴν
523 5455 766 5526 ἰατρείαν
796 5452 1329 5526 ἐγκεχειρισμένους,
1361 5451 1438 5516 ὡς
1485 5450 1706 5523 ὀλέθρια
1734 5452 1829 5505 καὶ

242 5548 350 5618 τῆς
370 5547 644 5618 ἡμετέρας
665 5544 881 5614 φύσεως
909 5544 1237 5616 δηλητήρια,
1259 5541 1614 5613 ὲκτρέφουσιν
1635 5542 1684 5594 οἱ
1709 5559 1831 5609 γεν-

243 5638 426 5697 νάδαι,
451 5639 547 5690 καὶ
576 5635 778 5705 πολλῆς
809 5634 1020 5699 ἀξιοῦσι
1057 5633 1295 5704 σπουδῆς
1327 5632 1422 5684 ἐπὶ
1449 5631 1655 5703 ὀλέθρῳ
1686 5633 1835 5702 σφῶν

245 5726 427 5783 αὐτῶν
456 5728 548 5780 καὶ
575 5724 684 5779 τῶν
706 5726 805 5788 τὰς
827 5725 996 5789 ἀκοὰς
1020 5725 1203 5789 αὑτοῖς
1228 5723 1450 5793 ὑπέχειν
1475 5721 1834 5801 ἀνεχομένων.

238 5827 259 5834 ψ
324 5849 435 5923 (48)
462 5850 553 5905 Sic
575 5848 746 5903 Mans.
784 5847 944 5901 Vind.
970 5845 1046 5899 δέ.

538 5945 808 6004 ΙἈτιιοῐ..
860 5940 974 5999 (in.
1031 5937 1347 5997 LXXXIII.

1964 617 2174 674 tat-unt,
2202 618 2258 664 et
2303 609 2359 664 in
2403 609 2742 680 evangelicis
2765 610 3118 681 dogmatibus
3147 611 3385 667 alienam
3423 616 3544 670 ausi

1960 707 2091 755 sunt
2134 700 2397 758 inducere
2436 702 2789 771 doctrinam;
2817 713 2984 774 atque
3012 704 3179 774 impia
3207 705 3390 775 capita
3423 722 3549 777 quze

1960 807 2086 847 cum
2126 790 2602 850 anathematismis
2638 795 2695 850 in
2744 795 2950 867 regiam
3000 797 3196 850 urbem
3255 798 3543 863 miserant,

1959 892 2315 956 receperunt,
2355 896 2412 941 et
2450 888 2711 958 propriis,
2745 897 2912 959 prout
2960 888 3212 944 arbitrati
3241 898 3391 956 sunt,
3416 906 3546 961 pro-

1959 975 2234 1031 baverunt
2276 978 2805 1048 subscriptionibus.
2842 981 2970 1036 Haec
3011 981 3082 1036 ab
3117 998 3305 1039 amara
3334 984 3545 1054 Apolli-

1958 1068 2308 1136 nariiradice
2329 1070 2630 1140 pullulasse
2658 1071 2714 1125 in
2738 1074 3032 1143 propatulo
3061 1081 3178 1141 est;
3210 1075 3347 1147 quin
3372 1077 3538 1131 etiam

1957 1159 2219 1215 Eunomii
2259 1160 2493 1233 Ariique
2561 1163 2863 1234 impietatis
2902 1164 3270 1235 participant;
3304 1175 3470 1238 atque
3494 1167 3542 1222 si

1958 1253 2085 1322 quis
2104 1253 2403 1325 diligenter.
2443 1259 2680 1311 scrutari
2724 1257 2984 1323 voluerit,
3021 1273 3205 1329 neque
3244 1260 3542 1326 Valentini,

1958 1360 2140 1416 neque
2180 1345 2472 1403 Marcionis
2513 1348 2783 1411 carebunt
2813 1348 3119 1420 impietate.

2029 1620 2091 1676 In
2133 1621 2314 1691 primo
2360 1623 2511 1678 enim
2560 1620 2762 1696 capite,
2793 1625 2891 1681 Dei
2919 1630 3285 1684 oeconomiam
3319 1637 3547 1701 propter

1957 1728 2061 1770 nos
2099 1712 2302 1771 factam
2357 1716 2573 1788 rejicit,
2617 1717 2826 1775 docens
2868 1720 3119 1776 divinum
3152 1722 3398 1777 Verbum
3432 1738 3542 1778 non

1959 1806 2270 1876 suscepisse
2282 1807 2583 1864 humanam
2607 1819 2887 1877 naturam,
2912 1813 3008 1869 sed
3033 1814 3213 1885 ipsum
3242 1816 3296 1870 in
3321 1830 3541 1873 carnem

1958 1905 2230 1953 mutatum
2276 1915 2438 1968 esse;
2487 1910 2546 1956 et
2591 1902 2992 1975 dogmatizans,
3041 1908 3226 1978 specie
3278 1916 3337 1964 et
3372 1924 3546 1979 appa-

1960 1989 2141 2043 rentia
2169 1996 2407 2057 tantum,
2446 1993 2679 2049 minime
2715 2002 2846 2051 vero
2887 2012 3082 2068 reapse
3127 1998 3329 2055 factam
3374 2000 3546 2056 fuisse

1961 2074 2264 2132 Salvator-is
2293 2080 2470 2134 nostri
2501 2081 2963 2152 incarnationem;
2998 2104 3120 2158 qua:
3145 2090 3371 2158 quidem
3398 2090 3545 2146 Mar-

1959 2163 2159 2230 cionis,
2186 2166 2458 2224 Manentis
2478 2180 2535 2225 et
2559 2171 2839 2227 Valentini
2876 2175 3179 2245 impietatis
3212 2186 3344 2233 sunt
3377 2178 3543 2234 fetus.

1958 2256 2020 2311 In
2045 2258 2291 2314 secundo
2330 2276 2468 2316 vero
2505 2271 2562 2317 et
2601 2264 2769 2319 tertio
2792 2266 2994 2336 capite,
3027 2268 3235 2325 oblitus
3259 2272 3419 2340 quasi
3447 2286 3548 2326 eo-

1958 2363 2108 2416 rum,
2166 2367 2290 2421 quae
2337 2352 2398 2407 in
2446 2355 2721 2424 prommio
2748 2368 3104 2428 exposuerat,
3146 2362 3547 2434 hypostaticam

1957 2442 2221 2498 unionem
2259 2445 2496 2512 inducit,
2543 2455 2601 2502 et
2653 2464 2990 2506 concursum
3025 2456 3333 2510 secundum
3354 2457 3545 2528 physi-

1956 2549 2075 2589 cam
2096 2535 2381 2601 unionem,
2402 2545 2458 2591 et
2474 2537 2593 2592 fieri
2612 2554 2712 2607 per
2738 2540 2856 2595 haec
2883 2543 3126 2609 nomina,
3147 2546 3309 2601 docet
3333 2547 3547 2604 mistio—

1954 2640 2081 2680 nem
2093 2626 2388 2696 quamdam
2411 2637 2468 2683 et
2490 2628 2874 2687 confusionem
2890 2633 3038 2691 inter
3065 2637 3281 2708 1293
3297 2637 3541 2694 divinam

1904 2738 1911 2743 ·
1953 2728 2212 2775 naturam
2262 2729 2321 2776 et
2363 2720 2769 2778 humanitatem
2804 2743 2818 2778 :
2856 2734 2914 2780 et
2960 2726 3067 2782 hoc
3104 2728 3174 2783 ab
3214 2730 3544 2800 Apollinarii

1955 2811 2215 2867 haeretica
2260 2812 2619 2871 innovatione
2664 2816 2941 2887 originem
2976 2819 3168 2874 trahit.
3231 2820 3292 2875 In
3338 2832 3543 2892 quarto

1953 2902 2179 2959 demum
2233 2907 2449 2975 capite,
2504 2907 2948 2978 evangelicarum
2991 2920 3049 2965 et
3108 2913 3542 2982 apostolicarum

1951 3011 2152 3052 vocum
2203 2997 2439 3069 denegat
2478 2999 2922 3069 distinctionem;
2966 3017 3147 3073 neque
3178 3005 3333 3072 sinit,
3368 3018 3430 3062 ut
3454 3023 3544 3063 se-

1904 3122 1909 3125 -
1955 3087 2205 3143 cundum
2250 3086 2692 3146 orthodoiorum
2744 3092 2972 3148 Patrum
3021 3093 3332 3151 doctrinam
3377 3113 3545 3154 voces

1954 3194 2079 3249 quae
2106 3180 2221 3235 Deo
2251 3181 2613 3248 conveniunt,
2650 3181 2720 3238 de
2760 3183 2857 3238 Dei
2889 3193 3091 3240 natura
3125 3186 3540 3259 intelligantur;

1954 3285 2078 3340 qua:
2102 3287 2237 3326 vero
2268 3272 2508 3327 humiles
2532 3282 2590 3329 et
2618 3288 2776 3328 more
2803 3275 3091 3331 hominum
3118 3277 3300 3345 dicta,
3328 3288 3390 3334 ut
3416 3297 3540 3338 sus-

1953 3372 2128 3432 ceptte
2172 3364 2520 3434 applicentur
2572 3364 2936 3433 humanitati;
2977 3383 3042 3423 ac
3085 3369 3215 3426 inde
3261 3372 3355 3441 qui
3395 3388 3543 3429 sana:

1953 3454 2160 3509 mentis
2187 3462 2338 3521 sunt,
2367 3454 2529 3511 facile
2558 3455 2820 3527 detegent
2851 3458 3155 3529 impietatis
3196 3461 3538 3519 afﬁnitatem.

1952 3539 2119 3595 Arius
2149 3540 2300 3596 enim
2353 3550 2410 3597 et
2449 3543 2778 3609 Eunomius,
2823 3553 3135 3599 creaturam
3181 3557 3347 3617 atque
3371 3564 3402 3602 e
3426 3564 3540 3604 non

1953 3631 2351 3688 exsistentibus
2371 3632 2600 3698 factum,
2644 3640 2698 3687 et
2731 3650 2958 3692 servum
2991 3635 3371 3692 existimantes
3415 3654 3541 3694 esse

1954 3718 2157 3773 Filium
2195 3719 2294 3774 Dei
2343 3719 2715 3790 unigenitum,
2752 3737 2875 3792 quae
2928 3721 3216 3778 humiliter
3259 3734 3427 3795 atque
3471 3726 3541 3782 de

1952 3810 2299 3866 humanitate
2331 3811 2478 3866 dicta
2509 3822 2641 3868 sunt
2671 3827 2703 3866 a
2740 3812 2964 3869 Christo
2991 3814 3249 3881 Domino,
3291 3817 3541 3886 ejusdem

1952 3902 2231 3957 divinitati
2270 3901 2392 3957 ausi
2426 3912 2558 3957 sunt
2590 3903 2942 3971 attribuere;
2984 3904 3223 3975 indeque
3248 3904 3534 3961 diversita-

1950 4004 2063 4047 tem
2117 3993 2374 4049 essentite
2415 4000 2583 4063 atque
2615 3993 3130 4050 dissimilitudinem
3157 3994 3535 4053 confecerunt.

1949 4082 2246 4146 Praeterea,
2278 4090 2341 4135 ut
2370 4082 2617 4137 breviter
2657 4081 2858 4147 dicam,
2896 4081 3104 4138 Christi
3152 4083 3330 4154 ipsam
3392 4085 3539 4140 divi-

1949 4172 2202 4236 nitatem,
2231 4172 2504 4242 passionis
2525 4179 2582 4226 et
2605 4172 2933 4228 mutationis
2964 4173 3289 4240 immunem,
3319 4182 3376 4229 et
3397 4177 3532 4245 pati,

1947 4273 2006 4319 et
2037 4263 2306 4334 cruciﬁgi,
2333 4271 2390 4318 et
2428 4264 2592 4327 mori,
2630 4272 2686 4318 et
2720 4264 2936 4318 tumulo
2956 4263 3171 4334 contegi
3200 4281 3364 4334 posse
3395 4282 3536 4336 prte-

1947 4355 2127 4423 dicat;
2162 4356 2310 4426 quod
2332 4370 2467 4410 sane
2504 4355 2623 4409 Arii
2658 4364 2715 4410 et
2766 4356 3026 4410 Eunomii
3062 4356 3333 4411 insaniam
3372 4373 3535 4428 supe-

1944 4455 2051 4503 rat.
2087 4447 2208 4502 Non
2245 4446 2394 4501 enim
2414 4460 2482 4501 eo
2502 4445 2800 4515 impietatis
2814 4447 3313 4516 processeruntvel
3347 4446 3387 4501 ii
3435 4448 3531 4518 qui

1946 4535 2191 4593 universi
2204 4535 2546 4591 conditorem
2560 4543 2929 4590 etcreatorem
2943 4534 3063 4589 ausi
3075 4542 3207 4589 sunt
3220 4543 3530 4591 creaturam

1944 4629 2210 4686 vocitare.
2228 4626 2607 4698 Blasphemias
2625 4625 2795 4681 etiam
2813 4625 3024 4696 profert
3039 4626 3096 4680 in
3114 4624 3383 4696 Spiritum
3402 4642 3529 4683 san-

1944 4729 2117 4786 ctum,
2145 4735 2400 4776 asserens
2432 4734 2543 4774 non
2573 4734 2642 4774 ex
2677 4718 2841 4773 Patre
2873 4716 3200 4787 procedere,
3224 4717 3529 4772 secundum

1944 4811 2165 4867 Domini
2188 4811 2379 4876 verba,
2410 4810 2508 4865 sed
2537 4826 2607 4866 ex
2631 4810 2774 4864 Filio
2801 4808 3011 4863 habere
3038 4807 3443 4877 substantiam;
3475 4821 3531 4866 et

1922 4894 2038 4956 hic
2059 4909 2145 4956 cst
2167 4900 2495 4971 Apollinarii
2520 4899 2795 4956 seminum
2817 4897 3052 4962 fructus,
3092 4896 3190 4967 qui
3231 4905 3289 4952 et
3316 4897 3382 4953 ad
3407 4914 3532 4968 per-

1943 5007 2119 5047 versae
2172 4991 2479 5047 Macedonii
2542 4990 2892 5063 agricultura:
2966 4987 3228 5042 viciniam
3292 4988 3525 5044 accedit.

1941 5085 2101 5139 Tales
2139 5094 2270 5140 sunt
2316 5084 2551 5156 Egyptii
2613 5083 2780 5147 fetus,
2844 5080 3081 5151 improbi
3120 5081 3295 5150 patris
3336 5098 3530 5139 revera

1940 5175 2114 5245 magis
2160 5175 2416 5245 improba
2454 5174 2661 5244 proles.
2703 5175 2831 5229 Haec
2873 5173 3123 5244 quidem,
3158 5190 3395 5245 quorum
3440 5176 3525 5229 vel

1939 5266 2124 5321 adhuc
2168 5266 2226 5320 in
2273 5274 2435 5320 utero
2486 5266 2871 5321 exsistentium
2911 5266 3127 5323 abortio
3177 5265 3526 5321 sollicitanda

1938 5354 2155 5421 fuisset,
2194 5357 2282 5411 vel
2332 5366 2589 5412 recenter
2636 5366 2786 5423 nata,
2837 5365 3098 5428 tanquam
3124 5356 3434 5426 perniciosa
3469 5364 3527 5410 et

1935 5445 2099 5502 noxia
2144 5455 2351 5503 nostrae
2396 5446 2612 5520 1294
2651 5455 2881 5514 naturae,
2923 5447 3324 5512 labefactanda,
3370 5446 3523 5502 alunt

1939 5539 2194 5611 generosi
2250 5540 2331 5594 illi
2366 5540 2492 5607 viri,
2532 5548 2589 5594 et
2618 5541 2794 5597 multo
2820 5540 3006 5595 studio
3036 5555 3098 5594 ea
3122 5537 3428 5594 defendunt
3453 5539 3524 5594 ad

1944 5633 2220 5703 propriam
2275 5634 2614 5703 perniciem,
2660 5648 2963 5702 eorumque
3011 5632 3107 5703 qui
3170 5631 3307 5702 ipsis
3359 5646 3524 5688 aures

1948 5725 2216 5794 praebent.

3123 5927 3196 5987 45
