4072 6422
549 381 688 448 1419

615 503 729 558 Nos
786 511 970 555 autem
1033 508 1315 570 paternam
1380 497 1762 552 haereditatem
1835 498 2135 550 immunem
2167 502 2211 554 Α

551 594 696 652 tueri
738 592 1046 659 studemus,
1093 599 1148 646 et
1198 590 1360 644 ﬁdem
1397 605 1560 658 quam
1609 589 1942 657 accepimus,
1993 598 2048 641 et
2083 588 2138 641 in

547 703 657 758 qua
703 685 966 755 baptizati
1008 699 1200 738 sumus
1240 692 1296 736 et
1341 681 1705 750 baptizamus,
1736 681 2138 750 irreprehensi-

548 775 719 830 bilem
759 782 925 844 atque
969 773 1240 844 integram
1273 787 1589 839 servamus;
1631 781 1687 826 et
1718 772 2008 826 Dominum
2041 787 2140 826 no-

549 875 722 922 strum
762 865 951 920 Jesum
986 864 1272 920 Christum
1309 880 1506 918 verum
1574 879 1696 919 esse
1730 864 1904 919 Deum
1968 863 2136 933 proﬁ-

551 967 752 1024 temur,
787 966 845 1013 et
881 973 1076 1013 verum
1131 957 1413 1012 hominem
1462 973 1531 1011 ex
1577 971 1809 1026 corpore
1853 966 1910 1011 et
1955 957 2138 1010 anima

548 1050 830 1116 rationali,
861 1057 988 1104 ante
1023 1049 1222 1104 saecula
1255 1064 1322 1102 ex
1359 1049 1519 1102 Patre
1552 1047 1799 1116 genitum
1834 1047 2136 1101 secundum

548 1140 932 1205 divinitatem;
969 1138 1266 1209 postremis
1311 1153 1443 1192 vero
1490 1137 1714 1202 diebus,
1762 1145 1990 1206 propter
2038 1152 2140 1192 nos

548 1239 606 1288 et
635 1241 862 1303 propter
897 1241 1144 1286 nostram
1185 1232 1441 1294 salutem,
1475 1246 1542 1283 ex
1574 1229 1742 1283 Maria
1782 1229 2003 1299 Virgine
2036 1246 2138 1284 ua-

551 1332 668 1378 tum
711 1323 1040 1388 asserimus;
1084 1331 1139 1377 et
1176 1321 1700 1382 consubstantialem
1741 1319 1904 1374 nobis
1942 1336 2140 1375 secun-

549 1415 681 1470 dum
717 1414 1114 1469 humanitatem
1141 1429 1267 1467 eum
1298 1412 1614 1476 credimus;
1646 1428 1714 1466 ex
1749 1411 1963 1466 dua‘bus
1990 1413 2136 1466 enim

549 1507 767 1560 naturis
795 1506 924 1559 unio
954 1504 1094 1558 facta
1123 1512 1227 1558 est.
1264 1503 1614 1572 Quapropter
1636 1519 1806 1557 unum
1831 1503 2135 1567 Christum,

547 1611 720 1650 unum
759 1596 978 1656 Filium,
1017 1610 1187 1648 unum
1226 1595 1523 1649 Dominum
1567 1595 1920 1664 proﬁtemur;
1961 1611 2139 1666 neque

551 1689 810 1742 unionem
860 1687 1154 1752 solvimus;
1184 1695 1241 1741 et
1283 1687 1490 1757 absque
1533 1687 1857 1758 confusione
1897 1704 2021 1744 eam
2063 1690 2140 1744 fa-

532 1789 690 1835 ctam
737 1795 858 1834 esse
904 1779 1202 1844 credimus,
1248 1788 1304 1834 et
1349 1781 1583 1834 Domino
1616 1781 1673 1834 in
1717 1782 1824 1836 hoc
1860 1772 2136 1853 paremus,

1547 380 2030 440 TIIEODORETI
2070 378 2410 438 EPISCOPI
2449 375 2811 438 CYllENSlS

3686 384 3827 448 143.0

2319 495 2513 563 Ἡμεῖς
2551 493 2607 547 δὲ
2657 494 2745 546 τὸν
2783 492 3032 563 πατρῷον
3063 493 3261 564 κλῆρον
3287 492 3485 548 ἄσυλον
3526 494 3828 564 φυλάττειν

2246 585 2643 655 σπουδάζομεν,
2687 586 2783 638 καὶ⁸
2841 587 2907 655 ἣν
2941 585 3323 656 παρελάϐομεν
3364 585 3549 638 πίστιν
3605 590 3726 656 μεθ’
3754 586 3826 662 ἧς

2242 676 2336 727 καὶ
2377 674 2786 745 ἐϐαπτίσθημεν
2829 677 2924 728 καὶ
2977 674 3344 744 βαπτίζομεν,
3391 677 3672 744 ἀνέπαφον
3729 683 3828 734 καὶ

2239 767 2516 836 ἀκήρατον
2544 765 2907 836 διατηροῦμεν
2933 781 2945 794 ⁸
2979 766 3075 818 καὶ
3096 766 3462 835 ὁμολογοῦμεν
3503 767 3596 821 τὸν
3617 768 3828 839 Κύριον

2238 857 2396 928 ἡμῶν
2441 857 2646 926 Ἰησοῦν
2692 857 2947 929 Χριστὸν,
2984 856 3115 910 Θεὸν
3162 857 3369 911 τέλειον
3413 861 3506 912 καὶ
3533 859 3828 932 ἄνθρωπον

2238 950 2464 1014 τέλειον,
2497 951 2559 1002 ἐκ
2593 949 2770 1019 ψυχῆς
2801 949 3026 1018 λογικῆς
3061 950 3154 1003 καὶ
3184 949 3442 1020 σώματος
3471 952 3579 1022 πρὸ
3610 951 3831 1006 αἰώνων

2243 1042 2342 1112 μὲν
2398 1045 2462 1095 ἐκ
2493 1041 2588 1095 τοῦ
2624 1041 2838 1112 Πατρὸς
2864 1041 3194 1111 γεννηθέντα
3247 1043 3386 1096 κατὰ
3417 1043 3516 1112 τὴν
3569 1043 3854 1114 θεότητα·’

2240 1133 2328 1186 ἐπ’
2358 1134 2601 1203 ἐσχάτων
2637 1134 2693 1186 δέ
2737 1134 2846 1186 τῶν
2898 1134 3120 1205 ἡμερῶν
3165 1135 3407 1205 δι’ἡμᾶς
3452 1135 3546 1188 καὶ
3589 1136 3676 1189 διὰ
3727 1137 3833 1206 τὴν

2241 1226 2518 1297 ἡμετέραν
2554 1226 2830 1297 σωτηρίαν
2863 1227 2927 1280 ἐκ
2969 1227 3186 1296 Μαρίας
3227 1227 3328 1297 τῆς
3381 1227 3682 1297 Παρθένου·
3732 1229 3830 1280 τὸν

2243 1323 2406 1375 αὑτὸν
2448 1322 2734 1393 ὁμοούσιον
2779 1323 2856 1392 τῷ
2902 1323 3078 1393 Πατρὶ
3123 1322 3262 1376 κατὰ
3289 1323 3388 1393 τὴν
3437 1322 3691 1390 θεότητα,
3729 1326 3828 1377 καὶ

2241 1414 2528 1484 ὁμοούσιον
2579 1416 2712 1484 ἡμῖν
2759 1415 2900 1468 κατὰ
2930 1416 3034 1482 τὴν
3077 1415 3494 1489 ἀνυθρωπότητα.
3546 1415 3650 1468 Δύο
3706 1415 3826 1487 (49)

2241 1505 2350 1574 γὰρ
2397 1505 2613 1574 φύσεων
2660 1505 2854 1568 ’ἐνωσις
2902 1507 3115 1573 γέγονε.
3157 1507 3248 1559 Διὸ
3291 1508 3386 1560 ἕνα
3438 1508 3695 1578 Χριστὸν,
3727 1508 3828 1562 ’ἐνα

2242 1597 2393 1662 Υἱὸν,
2426 1597 2523 1650 ἕνα
2551 1596 2756 1667 Κύριον
2779 1597 3172 1667 ὁμολογοῦμεν·
3203 1596 3327 1651 οὔτε
3355 1599 3466 1669 γὰρ
3492 1599 3590 1670 τὴν
3624 1599 3826 1652 ’ἕνωσιν

2242 1687 2461 1758 λύομεν,
2517 1687 2610 1740 καὶ
2640 1686 2944 1757 ἀσύγχυτον
2993 1688 3163 1759 αὐτὴν
3201 1690 3530 1760 γεγενῆσθαι
3571 1692 3829 1743 πιστεύο-

2249 1796 2370 1848 μεν,
2418 1777 2495 1848 τῷ
2534 1779 2724 1850 Κυρίῳ
2766 1779 3076 1850 πειθόμενοι
3118 1781 3330 1850 λέγοντι
3369 1784 3484 1845 τοῖς
3521 1782 3827 1846 Ἰουδαίοις·

549 1874 644 1942 qui
665 1872 869 1927 Judzeis
902 1871 978 1926 ait
1006 1890 1019 1924 :
1060 1892 1077 1922 ι
1110 1871 1316 1927 Solvite
1349 1873 1608 1941 templum
1638 1874 1761 1938 hoc,
1789 1882 1844 1928 et
1876 1875 1932 1928 in
1960 1875 2139 1930 tribus

2248 1889 2269 1923 ι
2321 1869 2537 1923 Δύσατε
2581 1871 2671 1922 τὸν
2709 1869 2835 1923 ναὸν
2885 1870 3096 1933 τοῦτον,
3133 1873 3228 1924 καὶ
3279 1873 3339 1924 ὲν
3376 1874 3554 1942 τρισὶν
3587 1875 3833 1944 ἡμέραις

547 1965 744 2018 diebus
787 1964 1041 2018 excitabo
1083 1963 1218 2017 illud
1254 1962 1317 2017 ³³⁵.
1354 1983 1372 2014 ι
1415 1963 1570 2029 Quod
1613 1964 1659 2018 si
1694 1965 1880 2018 mistio
1909 1981 1974 2019 ac
2009 1981 2140 2020 con-

534 2054 692 2110 lusio
727 2056 866 2110 facta
908 2063 1074 2121 esset,
1111 2055 1298 2110 dicere
1335 2056 1623 2124 oportebat
1657 2057 1904 2112 :Solvite
1942 2072 2049 2122 me,
2083 2065 2140 2112 et

548 2149 604 2202 in
636 2148 812 2202 tribus
837 2147 1034 2202 diebus
1070 2162 1374 2217 resurgam.
1401 2147 1470 2200 At
1493 2163 1624 2201 sane
1648 2148 1964 2214 ostendens,
1990 2149 2139 2203 aliud

549 2256 670 2295 esse
714 2241 884 2294 Deum
932 2240 1236 2294 secundum
1285 2247 1537 2293 naturam
1585 2255 1767 2305 suam,
1813 2241 1960 2296 aliud
2007 2257 2141 2297 vero

550 2329 838 2398 templum,
867 2338 1161 2398 utrumque
1192 2344 1324 2383 vero
1356 2344 1478 2384 esse
1513 2330 1816 2396 Christum,
1861 2350 1878 2382 ι
1910 2331 2136 2397 Solvite,

550 2421 752 2490 inquit,
785 2422 1049 2491 templum
1087 2421 1211 2486 hoc,
1247 2430 1302 2476 et
1351 2423 1408 2475 in
1449 2422 1628 2476 tribus
1659 2423 1855 2478 diebus
1886 2425 2140 2480 excitabo

550 2512 728 2578 illud;
778 2531 796 2563 ι
851 2513 1143 2581 perspicue
1201 2511 1410 2568 docens
1447 2513 1596 2582 quod
1639 2529 1752 2567 non
1795 2516 1940 2571 Deus
1986 2516 2138 2570 solu-

553 2603 688 2657 tioni
725 2602 1147 2673 subjiciebatur,
1183 2602 1280 2658 sed
1323 2603 1610 2673 templum.
1640 2604 1706 2657 Et
1730 2603 1896 2675 hujus
1925 2614 2137 2659 tantum

548 2702 745 2748 natura
791 2694 1047 2749 solutioni
1088 2704 1204 2748 erat
1242 2694 1508 2760 obnoxia;
1547 2693 1696 2748 illius
1729 2709 1861 2750 vero
1899 2703 2142 2765 potestas

547 2786 794 2838 solutum
840 2785 1144 2839 suscitavit.
1185 2785 1364 2854 Atque
1393 2784 1530 2839 adeo
1559 2785 1731 2840 Deum
1766 2785 1930 2840 simul
1963 2795 2018 2840 et
2045 2785 2143 2840 ho-

549 2878 756 2932 minem
795 2878 982 2932 Jcsum
1019 2876 1304 2932 Christum
1338 2876 1684 2945 proﬁtemur,
1717 2878 1934 2932 divinas
1965 2882 2140 2935 secuti

547 2968 885 3038 Scripturas.
912 2969 1047 3023 Nam
1072 2968 1218 3037 quod
1244 2968 1511 3022 Dominus
1533 2977 1720 3023 noster
1743 2970 1902 3025 Jesus
1928 2971 2138 3040 1295

548 3061 805 3116 Christus
833 3060 905 3114 sit
943 3061 1110 3122 Deus,
1145 3059 1339 3114 beatus
1375 3059 1616 3114 Joannes
1657 3061 1992 3129 evangelista
2030 3061 2141 3115 ela-

550 3159 668 3206 mat
700 3169 712 3204 :
759 3169 775 3201 ι
805 3151 864 3206 In
909 3149 1180 3220 principio
1219 3161 1340 3204 erat
1367 3150 1630 3214 Verbum,
1655 3160 1712 3205 et
1739 3151 1979 3206 Verbum
2020 3160 2138 3206 erat

552 3243 696 3313 apud
720 3244 915 3308 Deum,
944 3251 999 3298 et
1022 3244 1168 3298 Deus
1189 3251 1309 3298 erat
1333 3243 1595 3298 Verbum.
1626 3242 1740 3298 Hoc
1758 3255 1880 3298 erat
1907 3245 1960 3298 in
1988 3246 2140 3314 prin-

542 3337 697 3406 cipio
726 3337 872 3406 apud
903 3337 1094 3390 Deum.
1143 3335 1340 3391 Omnia
1365 3352 1462 3405 per
1493 3336 1672 3406 ipsum
1709 3336 1850 3392 facta
1891 3345 2021 3392 sunt
2047 3356 2059 3391 :
2085 3347 2141 3392 et

552 3428 672 3483 sine
705 3428 825 3497 ipso
855 3428 1058 3482 factum
1093 3436 1178 3480 est
1211 3426 1368 3489 nihil,
1394 3428 1540 3495 quod
1581 3427 1786 3482 factum
1813 3438 1899 3482 est
1921 3430 1982 3483 ¹¹⁵.
2020 3448 2038 3479 ι
2073 3430 2142 3484 Et

552 3519 755 3573 iterum
792 3537 804 3572 :
845 3538 861 3569 ι
897 3519 1029 3572 Erat
1088 3519 1179 3572 lux
1226 3534 1379 3582 vera,
1416 3533 1539 3588 quat
1589 3517 1864 3572 illuminat
1921 3534 2140 3574 omnem

541 3611 832 3665 hominem
863 3611 1177 3665 venientem
1211 3611 1266 3664 in
1302 3610 1452 3664 hUnc
1484 3609 1750 3663 mundum
1774 3610 1836 3663 ¹⁶.
1869 3628 1887 3661 ι
1921 3611 1989 3664 Et
2024 3611 2140 3680 ipse

551 3701 819 3755 Dominus
849 3702 1155 3755 luculenter
1184 3701 1364 3766 docet,
1388 3702 1578 3756 dicens
1615 3719 1627 3754 :
1665 3722 1682 3753 ι
1716 3701 1821 3767 Qui
1852 3702 2004 3758 videt
2029 3719 2138 3768 me,

546 3792 702 3847 'videt
742 3801 800 3845 et
843 3793 1059 3846 Patrem
1089 3793 1150 3846 ‘7.
1184 3811 1200 3842 ι
1239 3791 1307 3846 Et
1343 3807 1356 3846 :
1390 3811 1406 3843 ι
1437 3793 1548 3862 Ego
1571 3802 1629 3847 et
1649 3791 1810 3847 Pater
1841 3807 2008 3847 unum
2045 3809 2140 3848 su-

545 3899 678 3937 mus
707 3883 772 3936 ‘5.
804 3903 821 3933 ι
854 3883 923 3937 Ει
953 3903 966 3938 :
997 3902 1013 3933 ι
1034 3879 1146 3953 Ego
1171 3884 1224 3936 in
1249 3884 1430 3948 Patre,
1455 3891 1511 3938 et
1533 3885 1696 3938 Pater
1724 3885 1778 3937 in
1806 3898 1892 3939 me
1921 3895 2004 3939 est
2029 3886 2092 3940 ¹⁹.
2117 3906 2134 3939 ι

554 3977 622 4030 Et
654 3978 848 4029 beatus
872 3975 1077 4029 Paulus
1103 3975 1158 4028 in
1181 3973 1424 4045 Epistola
1452 3976 1519 4029 ad
1554 3975 1813 4030 Hebrteos
1839 3977 1915 4032 ait
1941 3995 1952 4031 :
1988 3996 2006 4030 ι
2037 3977 2141 4045 Qui

541 4083 679 4121 leum
712 4066 786 4120 sit
813 4065 1074 4135 splendor
1108 4065 1315 4136 gloriae,
1356 4077 1412 4121 et
1446 4067 1616 4137 ﬁgura
1653 4068 1973 4122 substantia
1996 4070 2136 4138 ejus,

554 4168 888 4228 portansque
915 4159 1097 4212 omnia
1120 4159 1291 4213 verbo
1320 4160 1542 4214 virtutis
1573 4175 1685 4214 sua:
1713 4161 1777 4214 ¹⁰.
1811 4180 1828 4212 ›
1865 4161 1934 4214 Ει
1965 4161 2019 4216 in
2049 4161 2141 4216 illa

544 4252 620 4307 ad
661 4252 1044 4322 Philippenses
1075 4270 1086 4304 :
1122 4271 1139 4302 ι
1171 4251 1271 4306 llic
1301 4266 1496 4306 sensus
1521 4252 1592 4307 sit
1620 4253 1674 4306 in
1704 4253 1884 4316 vobis,
1914 4253 2010 4317 ait,
2045 4253 2139 4322 qui

2242 1961 2421 2033 ἐγερῶ
2450 1961 2635 2014 αὐτόν.
2673 1980 2692 2012 ι
2738 1963 2802 2014 Εἰ
2831 1961 2887 2014 δὲ
2919 1964 3115 2032 κρᾶσις
3146 1963 3389 2031 ἐγεγόνει
3417 1965 3511 2017 καὶ
3536 1965 3827 2037 σύγχυσις,

2243 2052 2336 2106 καὶ
2360 2051 2460 2121 μία
2490 2050 2650 2119 φύσις
2682 2051 2740 2117 ἐξ
2784 2051 2987 2122 ἀμφοῖν
3023 2052 3382 2122 ἀπετελέσθη,
3421 2055 3588 2124 ἐχρῆν
3627 2058 3826 2109 εἰπεῖν’

2241 2143 2458 2196 Λύσατέ
2513 2159 2602 2213 με,
2657 2142 2750 2196 καὶ
2805 2145 2862 2195 ἐν
2909 2143 3087 2213 τρισὶν
3137 2144 3375 2213 ἡμέραις
3427 2145 3827 2216 ἐγερθήσομαι.

2242 2235 2356 2288 Νῦν
2386 2235 2440 2288 δὲ
2474 2235 2692 2298 δεικνὺς
2715 2234 2789 2298 ὡς
2821 2235 2950 2288 ἄλλο
2984 2235 3083 2305 μὲν
3121 2237 3148 2288 6
3180 2235 3314 2300 Θεὸς
3342 2238 3482 2291 κατὰ
3509 2239 3609 2309 τὴν
3638 2239 3826 2308 φύσιν,

2243 2329 2370 2383 ἄλλο
2390 2327 2445 2380 δὲ
2467 2329 2495 2380 6
2519 2327 2667 2394 ναὸς,
2693 2321 2772 2390 εἷς
2801 2326 2858 2380 δὲ
2895 2327 3132 2398 Χριστὸς
3177 2329 3484 2398 ἀμφότερα,
3523 2347 3544 2380 ι
3582 2329 3826 2393 Λύσατε,

2243 2420 2397 2490 φησὶ,
2429 2419 2519 2473 τὸν
2548 2419 2674 2472 ναὸν
2701 2418 2908 2482 τοῦτον,
2942 2421 3035 2474 καὶ
3067 2422 3126 2474 ἐν
3166 2422 3344 2492 τρισὶν
3371 2422 3612 2493 ἡμέραις
3641 2424 3828 2494 ἐγερῦ

2243 2510 2425 2574 αὐτὸν,
2462 2529 2482 2563 ι
2518 2508 2704 2578 σαφῶς
2738 2509 3026 2576 διδάσκων,
3076 2511 3152 2574 ὼς
3199 2513 3281 2565 ὅτι
3311 2512 3410 2582 οὐχ
3452 2515 3480 2566 6
3518 2513 3650 2576 Θεὸς
3681 2511 3750 2583 ἦν
3796 2517 3826 2566 6

2241 2602 2524 2673 λυόμενος,
2567 2602 2682 2656 ἀλλ’
2722 2605 2750 2656 6
2800 2604 2946 2667 ναός.
3005 2605 3116 2657 Καὶ
3165 2604 3258 2656 τοῦ
3296 2605 3397 2674 μὲν
3445 2606 3478 2675 ἡ
3518 2605 3680 2673 φύσις
3727 2606 3834 2680 τὴν

2241 2695 2394 2748 λύσιν
2425 2696 2733 2766 ὑπεδέχετο,
2777 2696 2870 2749 τοῦ
2900 2695 2956 2748 δέ
2987 2698 3020 2768 ἡ
3051 2696 3281 2767 δύναμις
3309 2699 3498 2767 ἤγειρε
3523 2698 3582 2751 τὸ
3611 2698 3828 2764 λυόμε-

2243 2805 2353 2842 νον.
2377 2787 2509 2840 Θεὸν
2537 2788 2593 2840 δὲ
2621 2789 2717 2842 καὶ
2739 2787 3024 2860 ἄνθρωπον
3064 2788 3155 2841 τὸν
3186 2789 3420 2859 Χριστὸν
3453 2789 3832 2860 ὁμολογοῦμεν

2242 2883 2364 2942 ταῖς
2398 2881 2572 2944 θείαις
2621 2879 3044 2943 ἀκολουθοῦντες
3085 2881 3349 2951 Γραφαῖς.
3380 2881 3504 2934 Ὅτι
3563 2883 3660 2952 μὲν
3715 2885 3832 2952 γὰρ

2242 2971 2374 3034 Θεὸς
2406 2972 2519 3042 (50)
2544 2971 2747 3043 Κύριος
2779 2973 2938 3043 ἡμῶν
2973 2972 3178 3042 Ἰησοῦς
3209 2973 3465 3043 Χριστὸς,
3493 2976 3520 3026 6
3552 2973 3832 3044 μακάριος

2255 3063 2506 3132 Ἰωάννης
2546 3066 2574 3116 6
2613 3063 3006 3133 εύαγγελιστὴς
3056 3063 3173 3135 βοᾷ·
3215 3085 3231 3116 ι
3273 3065 3362 3118 Ἐν
3391 3066 3533 3136 ἀρχῇ
3559 3061 3625 3136 ἦν
3665 3066 3694 3117 6
3721 3067 3832 3119 A6-

2167 3187 2209 3246 c
2245 3171 2359 3223 γος,
2410 3155 2563 3246 καὶμὸ
2602 3156 2776 3246 Λόγος
2799 3151 2868 3226 ἦν
2897 3156 3035 3227 πρὸς
3068 3157 3161 3210 τὸν
3195 3156 3350 3221 Θεὸν,
3390 3157 3483 3210 καὶ
3524 3157 3658 3220 Θεὸς
3703 3154 3776 3229 ἦν
3803 3162 3832 3212 6

2243 3247 2434 3314 Λόγος·
2479 3241 2631 3309 οὗτος
2659 3241 2727 3317 ἧν
2773 3249 2832 3300 ἐν
2872 3246 3012 3318 ἀρχῇ
3047 3249 3184 3318 πρὸς
3217 3248 3309 3302 τὸν
3344 3250 3498 3302 Θεόν·
3536 3249 3721 3303 πάντα
3761 3251 3834 3302 δι’

2243 3333 2406 3387 αὐτοῦ
2454 3335 2690 3402 ἐγένετο,
2733 3337 2826 3388 καὶ
2874 3336 3044 3406 χωρὶς
3099 3336 3266 3390 αὑτοῦ
3316 3336 3535 3404 ἐγένετο
3565 3337 3688 3391 ούδέ
3714 3339 3832 3393 ἐνδ

2243 3423 2488 3492 γέγονε.»
2523 3425 2634 3477 Καὶ
2653 3425 2840 3477 πάλινο
2863 3423 3002 3478 «Ἦν
3029 3425 3090 3478 τὸ
3123 3425 3236 3495 φῶς
3268 3425 3328 3478 τὸ
3353 3426 3627 3496 ἀληθινὸν.
3656 3427 3685 3480 ὃ
3717 3445 3833 3496 φω-

2241 3515 2382 3577 τίζει
2423 3515 2601 3568 πάντα
2628 3516 2914 3586 ἄνθρωπον
2951 3515 3245 3587 ἐρχόμενον
3285 3517 3364 3578 είς
3404 3516 3496 3569 τὸν
3535 3516 3766 3587 κόσμον.
3809 3539 3828 3570 ι

2244 3607 2354 3659 Καὶ
2396 3607 2556 3671 αὐτὸς
2596 3608 2653 3661 δὲ
2683 3610 2710 3661 6
2744 3607 2950 3678 Κύριος
3128 3607 3432 3679 διαρρήδην
3461 3608 3706 3663 διδάσκει
3738 3611 3827 3664 λέο

2243 3713 2375 3762 γωνο
2418 3715 2436 3748 ι
2483 3697 2540 3749 '0
2575 3698 2835 3768 ἑωρακὼς
2865 3699 2986 3769 ἐμὲ,
3017 3698 3230 3771 ἑώρακε
3263 3700 3353 3752 τὸν
3389 3701 3610 3771 Πατέρα
3642 3719 3767 3771 μου.
3805 3723 3823 3753 ι

2243 3787 2374 3840 Καί·
2407 3809 2426 3840 ι
2478 3789 2618 3858 Ἐγὼ
2657 3791 2752 3844 καὶ
2799 3793 2827 3843 6
2885 3792 3074 3863 Πατὴρ
3105 3794 3165 3846 ἓν
3215 3795 3403 3864 ἐσμεν·
3459 3793 3613 3862 κάγὼ
3650 3796 3708 3846 ἐν
3750 3796 3830 3864 τῷ

2244 3881 2421 3951 Πατρὶ
2449 3922 2462 3948 ,
2520 3883 2615 3936 καὶ
2660 3886 2688 3936 6
2749 3883 2940 3955 Πατὴρ
2985 3887 3042 3938 ἐν
3095 3887 3241 3956 ἐμοί.
3283 3906 3301 3938 ι
3342 3889 3450 3939 Καὶ
3487 3890 3514 3940 6
3555 3889 3830 3957 μακάριος

2245 3970 2457 4035 Παῦλος
2493 3974 2550 4024 ἐν
2581 3973 2680 4042 μὲν
2711 3977 2777 4044 τῇ
2831 3975 2966 4045 πρὸς
3004 3976 3289 4046 Ἐὅροῑίους
3337 3979 3522 4048 φησίν
3562 3998 3579 4028 ι
3622 3980 3719 4040 Ὃς
3753 3978 3833 4030 ὢν

2242 4062 2586 4134 ἀπαύγασμα
2606 4067 2704 4135 τῆς
2727 4065 2883 4135 δόξης
2909 4067 3002 4119 καὶ
3026 4069 3315 4138 χαρακτὴρ
3339 4069 3440 4139 τῆς
3469 4070 3832 4134 ὑποστάσεως

2241 4156 2428 4221 αὑτοῦ,
2467 4158 2650 4227 φέρων
2683 4175 2737 4212 τε
2773 4158 2886 4228 (52)
2931 4159 2998 4212 τὰ
3054 4161 3230 4212 πάντα
3261 4160 3338 4229 τῷ
3370 4162 3572 4230 ῥήματι
3603 4163 3702 4232 τῆς
3736 4162 3830 4214 δυ-

2241 4246 2461 4314 νάμεως
2513 4248 2698 4302 αὑτοῦ.
2763 4267 2780 4300 ι
2851 4251 2938 4304 Ἐν
2986 4250 3041 4303 δὲ
3088 4254 3154 4322 τῇ
3205 4253 3341 4322 πρὸς
3381 4253 3782 4322 Φιλιππησίους
3811 4274 3824 4287 ·

2247 4356 2265 4387 ι
2297 4337 2465 4390 Τοῦτο
2491 4339 2792 4408 φρονείσθω
2823 4341 2880 4392 ὲν
2917 4341 3067 4411 ὑμῖν,
3111 4343 3296 4412 φησιν,
3332 4343 3359 4395 ὃ
3393 4345 3486 4396 καὶ
3513 4347 3571 4396 ἐν
3599 4345 3831 4415 Χριστῷ

2254 4426 2450 4495 Ἰησοῦ,
2470 4429 2528 4491 ὃς
2552 4430 2607 4481 ἐν
2632 4434 2811 4501 μορφῇ
2835 4431 2968 4484 Θεοῦ
2993 4433 3275 4504 ὑπάρχων,
3301 4435 3400 4506 οὑχ
3425 4436 3683 4505 ἁρπαγὴν
3709 4439 3828 4508 (55)

551 4353 608 4397 et
634 4344 686 4397 in
709 4343 930 4398 Christo
951 4343 1116 4410 Jesu;
1153 4343 1247 4412 qui
1281 4359 1407 4399 cum
1433 4344 1488 4397 in
1517 4343 1689 4398 forma
1713 4344 1808 4398 Dei
1832 4353 1998 4408 esset,
2031 4359 2139 4398 non

551 4436 794 4504 rapinam
832 4435 1132 4490 arbitratus
1167 4441 1252 4489 est
1292 4450 1412 4490 esse
1457 4452 1514 4490 se
1558 4437 1823 4504 aequalem
1860 4437 2006 4499 Deo,
2044 4437 2140 4490 sed

551 4525 907 4596 semetipsum
943 4526 1246 4580 exinanivit
1277 4526 1507 4581 formam
1535 4527 1676 4581 servi
1707 4527 1983 4596 accipiens
2006 4529 2072 4580 ⁹¹.
2112 4548 2130 4580 ι

2241 4521 2487 4590 ἡγήσατο
2541 4521 2603 4573 τὸ
2662 4517 2802 4575 εἶναι
2852 4525 2942 4577 ἴσα
2991 4525 3129 4594 Θεῷ·
3186 4525 3304 4578 ἀλλ’
3348 4526 3540 4580 ἑαυτὸν
3585 4531 3832 4582 ἐκένωσε

546 4617 612 4669 In
647 4616 738 4668 illa
768 4631 900 4670 vero
939 4615 1007 4668 ad
1048 4616 1325 4669 Romanos
1364 4633 1374 4666 :
1422 4634 1439 4662 ι
1474 4613 1719 4679 Quorum
1755 4623 1958 4683 patres,
1991 4624 2044 4668 et
2071 4632 2140 4670 ex

2246 4611 2460 4680 μορφὴν
2497 4610 2684 4664 δούλου
2716 4612 2914 4667 λαϐὼν.
2958 4633 2974 4664 ι
3021 4617 3107 4668 Ἑν
3133 4616 3185 4669 δέ
3209 4621 3274 4687 τῇ
3313 4619 3446 4688 πρὸς
3489 4620 3827 4688 Ῥωμαίουςο

547 4705 758 4774 quibus
783 4712 866 4758 est
899 4704 1154 4758 Christus
1189 4704 1494 4757 secundum
1527 4715 1772 4765 carnem,
1807 4704 1902 4772 qui
1935 4713 2020 4758 est
2051 4721 2140 4759 su-

2244 4721 2261 4751 ι
2293 4698 2394 4753 Ὧν
2433 4703 2544 4772 (Et)
2580 4705 2628 4756 οἱ
2665 4705 2899 4775 πατέρες
2933 4707 3026 4759 καὶ
3055 4707 3114 4770 ἐξ
3145 4701 3220 4760 ὧν
3249 4711 3276 4760 ὁ
3309 4709 3541 4779 Χριστὸς
3579 4710 3642 4761 τὸ
3678 4711 3830 4763 κατὰ

552 4810 652 4863 per
687 4794 870 4847 omnia
901 4795 1046 4846 Deus
1087 4793 1412 4846 benedictus
1451 4794 1503 4845 in
1547 4795 1766 4847 saecula.
1811 4795 1981 4847 Amen
2009 4797 2074 4849 ".
2116 4816 2132 4847 ι

2241 4794 2438 4860 σάρκα,
2475 4797 2501 4846 ὁ
2543 4795 2618 4846 ὢν
2674 4795 2764 4848 ἐπὶ
2813 4797 3030 4850 πάντων
3074 4799 3204 4862 Θεὸς
3259 4800 3549 4869 εὐλογητὸς
3582 4801 3663 4863 εἰς
3695 4802 3826 4863 τοὺς

551 4885 616 4939 :ln
669 4885 756 4938 illa
802 4885 1010 4954 pariter
1049 4885 1117 4938 ad
1159 4884 1341 4937 Titum
1384 4902 1395 4935 :
1438 4904 1454 4934 ι
1494 4885 1885 4954 Exspectantes
1925 4886 2137 4941 beatam

2241 4884 2461 4948 αἰῶνας.
2508 4887 2701 4956 Ἀμήν.
2756 4907 2773 4938 ι
2824 4890 2912 4941 Ἐν
2945 4890 2999 4942 δὲ
3039 4893 3099 4960 τῇ
3149 4893 3283 4961 πρὸς
3318 4892 3495 4944 Τίτον·
3524 4914 3542 4943 ι
3583 4893 3827 4962 Προσδε-

555 4991 732 5045 spem,
761 4985 817 5030 et
851 4975 1145 5029 adventum
1174 4976 1358 5046 gloria:
1393 4979 1573 5047 magni
1608 4979 1725 5042 Dei,
1758 4987 1812 5033 et
1841 4977 2140 5036 Salvatoris

2241 4976 2457 5046 χόμενοι
2475 4977 2588 5047 (55)
2611 4979 2708 5047 τὴν
2730 4980 3006 5051 μακαρίαν
3043 4981 3232 5034 ἐλπίδα
3263 4985 3354 5035 καὶ
3375 4984 3701 5052 ἐπιφάνειαν
3721 4985 3822 5052 τῆς

557 5067 730 5121 nostri
749 5068 876 5122 Jesu
895 5067 1103 5122 Christi
1127 5069 1192 5121 ’³.
1225 5088 1241 5119 ι
1283 5069 1350 5122 Ει
1371 5069 1536 5123 lsaias
1558 5070 1756 5124 clamat
1781 5088 1792 5122 :
1826 5089 1843 5120 ι
1867 5070 2136 5126 Parvulus

2242 5068 2400 5138 δόξης
2451 5069 2546 5122 τοῦ
2591 5071 2828 5139 μεγάλου
2859 5072 2994 5125 Θεοῦ
3042 5075 3137 5125 καὶ
3167 5075 3416 5144 Σωτῆρος
3447 5075 3602 5144 ἡμῶν
3641 5075 3828 5146 Ἰησοῦ

555 5162 704 5214 enim
741 5169 904 5213 natus
945 5167 1030 5214 est
1067 5160 1245 5223 nobis,
1282 5169 1339 5215 et
1375 5162 1521 5216 ﬁlius
1564 5162 1725 5216 datus
1756 5170 1840 5216 est
1877 5157 2057 5227 nobis,
2082 5172 2137 5218 ct

2242 5162 2501 5234 Χριστοῦ.
2537 5181 2555 5214 ι
2596 5165 2699 5218 Καὶ
2745 5166 2971 5229 Ἡσαΐας
2998 5166 3054 5218 δὲ
3088 5167 3206 5237 βοᾷ,
3239 5169 3319 5220 ὅτι
3355 5187 3373 5218 ι
3412 5169 3631 5221 Παιδίον
3664 5171 3829 5233 ἐγεν-

558 5253 737 5308 factus
763 5259 849 5307 est
881 5252 1221 5323 principatus
1255 5269 1420 5324 super
1455 5255 1746 5309 humerum
1787 5257 1922 5326 ejus,
1951 5263 2009 5311 et
2038 5271 2135 5310 vo-

2242 5256 2380 5326 νήθη
2414 5257 2566 5325 ἡμῖν,
2610 5256 2722 5318 υίὸς
2768 5258 2862 5309 καὶ
2893 5257 3046 5310 ἐδόθτ1
3076 5259 3227 5327 ἡμῖν,
3264 5250 3324 5311 οῦ
3361 5261 3393 5328 ἡ
3425 5263 3566 5330 ἁρχὴ
3607 5263 3703 5313 ἐπὶ
3727 5261 3832 5314 τοῦ

617 5403 661 5436 ¹¹⁵
683 5361 842 5458 ἔοιιιι.
867 5419 927 5460 ιι.
960 5404 1043 5458 19.
1125 5404 1168 5434 ¹⁵
1198 5402 1355 5458 Joan.
1383 5419 1420 5464 ι,
1457 5407 1504 5469 1,
1587 5409 1629 5439 ¹⁶
1661 5408 1789 5460 ibid.
1820 5409 1872 5463 9.
1953 5409 1994 5440 ¹⁷
2025 5406 2140 5462 Joal

2241 5424 2327 5470 :Iv,
2361 5407 2412 5460 9.
2493 5409 2535 5438 ’⁸
2564 5405 2721 5458 Joan.
2758 5423 2808 5468 χ,
2841 5403 2926 5460 50.
3009 5403 3050 5433 ι’
3085 5391 3216 5456 ibid.
3254 5400 3342 5455 58.
3421 5401 3468 5432 ὀ
3500 5395 3667 5453 llebr.
3700 5415 3744 5463 ι,
3773 5399 3835 5454 3.

547 5470 612 5502 ’θ’
650 5476 882 5544 l’hilipp.
918 5491 972 5530 ιι,
1142 5477 1183 5507 ²¹
1223 5474 1376 5530 Rom.
1417 5493 1493 5540 Ix,
1533 5478 1585 5530 5.
1659 5481 1704 5509 ²²
1766 5477 1870 5531 Tit.
1905 5495 1965 5545 ιι,
2004 5480 2087 5533 l5.

2249 5479 2350 5533 lsa.
2387 5493 2459 5540 Ix,
2498 5479 2548 5531 (ἶ.

625 5611 736 5681 (ιθ)
777 5611 840 5662 δι’
867 5609 894 5681 ὃ
921 5607 1262 5681 Mans.‘lil.)lc_r
1290 5605 1520 5681 vitiose_
1709 5673 1749 5681 __
1829 5617 1832 5620 ’
2016 5675 2029 5681 _
2067 5677 2076 5681 _

2304 5605 2414 5681 (ξιξ)
2453 5606 2526 5681 [te
2553 5606 2721 5681 lien-*3:
2760 5606 3022 5681 ῑίηςῒεβέο

627 5673 736 5752 (50)
761 5683 788 5732 ὁ
813 5680 943 5752 Θεὸς
975 5678 1132 5752 Vind.
1184 5676 1349 5752 Abest
1375 5674 1600 5728 cumino
1635 5689 1664 5728 a
1706 5673 1899 5736 Mans,
1937 5675 2030 5729 sed
2067 5677 2121 5729 in

2453 5676 2567 5752 βίος
2585 5677 2874 5752 V_"in_d._Sed
2906 5677 3085 5752 Mans.
3107 5679 3422 5752 ᾁρπαγμόν.

556 5739 800 5818 margine
829 5749 958 5810 Θεὸς
998 5745 1265 5818 ᾀληθιν-ός.
1319 5809 1344 5818 _
1413 5815 1492 5818 μὴ
1647 5813 1688 5818 __

2306 5739 2416 5812 (Sit)
2451 5749 2505 5796 ἐν
2538 5739 2580 5812 ᾧ
2599 5747 2834 5818 habebat
2867 5757 2923 5800 et
2950 5739 3180 5804 Vindol}.
3209 5739 3435 5806 et'llans

630 5809 739 5891 (δῖ)
769 5819 861 5870 καὶ
897 5809 1020 5886 (ὅτι)
1055 5809 1098 5868 ὁ“
1123 5816 1294 5881 Λόγος
1317 5809 1385 5883 ἦν
1412 5815 1614 5886 Κύριος
1645 5813 1813 5867 Maus.
2312 5809 2420 5886 (55)
2447 5809 2876 5887 προσδεχόμενος
