4072 6422
350 365 488 435 1421

1719 377 2086 442 EPISTOLA
2122 382 2263 443 CLI.

3494 387 3632 454 Μἒὲ

344 490 505 560 ὤμου
543 486 731 552 αὐτοῦ,
774 488 868 542 καὶ
912 487 1161 544 καλεῖται
1198 490 1259 545 τὸ
1278 492 1451 563 ὄνομα
1487 492 1651 548 αὐτοῦ
1689 493 1936 567 μεγάλης

2041 495 2256 552 cabitur
2285 513 2487 554 nomen
2523 500 2641 572 ejus
2674 500 2917 572 Angelus
2946 501 3127 573 magni
3167 503 3405 571 consilii,
3446 506 3626 562 admi-

347 580 550 658 βουλῆς
579 580 867 650 Ἄγγελος,
897 580 1232 652 θαυμαστὸς,
1259 583 1585 655 σύμϐουλος,
1613 587 1747 651 Θεὸς
1784 589 1936 658 ίσχυ-

349 675 467 744 ρὸς,
492 673 864 745 ὲξουσιαστὴς,
894 675 1081 746 ἄρχων
1104 677 1349 748 εἰρήνης,
1377 678 1567 751 Πατὴρ
1588 679 1683 733 τοῦ
1718 679 1940 750 μέλλον-

341 780 442 828 τος
489 765 709 830 αἰῶνος.
746 784 764 816 ι
799 766 913 821 Kal
947 769 1130 823 πάλιν·
1165 788 1183 821 ι
1216 769 1421 824 Ὀπίσω
1452 788 1568 838 σου,
1600 773 1786 845 φησιν,
1811 773 1938 827 ἁκο-

343 856 676 929 λουθήσουσι
723 859 999 931 δεδεμένοι
1034 862 1401 933 χειροπέδαις,
1438 865 1531 919 καὶ
1559 864 1618 919 ὲν
1654 867 1737 919 σοὶ
1769 882 1940 937 προσ-

342 947 623 1013 εύξονται,
653 951 736 1004 ὅτι
768 952 829 1003 ἐν
882 951 965 1005 col
1017 952 1150 1018 Θεός
1179 956 1318 1021 ἐστι,
1375 956 1470 1009 καὶ
1517 958 1619 1011 οὐκ
1651 957 1766 1012 ἐστι
1807 958 1941 1023 Θεὸς

343 1040 496 1111 πλὴν
543 1039 660 1095 σοῦ.
706 1040 780 1096 Σὺ
830 1042 940 1116 γὰρ
979 1038 1034 1096 εἷ
1058 1043 1211 1110 Θεὸς,
1248 1047 1344 1100 καὶ
1380 1047 1481 1101 οὐκ
1516 1047 1758 1119 ᾔδεισαν,
1800 1049 1939 1114 Θεὸς

340 1133 445 1187 τοῦ
488 1132 702 1205 Ἰσραὴλ
728 1134 940 1206 Σωτήρ.
985 1155 1004 1187 ι
1035 1138 1144 1191 Kal
1181 1139 1259 1191 τὸ·
1282 1139 1634 1214 Ἐμμανουήλ
1662 1141 1721 1196 δὲ
1744 1143 1936 1215 ὄνομα,

342 1223 488 1278 Θεοῦ
515 1225 613 1278 καὶ
640 1223 933 1295 ἀνθρώπου
960 1229 1222 1298 τυγχάνει
1250 1232 1606 1301 σημαντικὸν,
1640 1233 1941 1306 ἑρμηνεύε-

341 1333 439 1369 ται
465 1317 595 1387 γὰρ,
632 1318 774 1372 κατὰ
800 1314 900 1390 τὴν
920 1319 1014 1373 τοῦ
1044 1320 1375 1390 Εὑαγγελίου
1403 1321 1771 1393 διδασκαλίαν,
1798 1326 1939 1381 Μεθ’

347 1407 579 1478 ἡμῶνό
606 1408 774 1477 Θεὸς,
810 1411 1118 1477 τουτέστιν,
1170 1414 1230 1468 ὲν
1268 1414 1543 1487 ἀνθρώπῳ
1582 1416 1742 1484 Θεὸς,
1776 1418 1836 1473 ὲν
1866 1422 1933 1490 τῇ

344 1500 596 1573 ἡμετέρᾳ
625 1500 786 1570 φύσει
820 1502 970 1566 Θεός.
1008 1503 1119 1557 Kal
1151 1505 1180 1556 6
1211 1503 1353 1569 θεῖος
1384 1504 1441 1558 δὲ
1491 1505 1766 1579 Ἱερεμίας
1804 1522 1941 1581 atpo-

344 1591 600 1655 Θεσπίζει
633 1593 826 1661 λέγων’
877 1608 896 1646 ι
937 1588 1106 1659 Οὗτος
1133 1597 1162 1650 6
1203 1596 1336 1660 Θεὸς
1371 1599 1549 1668 ἡμῶν,
1584 1598 1644 1654 οὐ
1679 1600 1938 1674 λογισθήκ

347 1699 505 1736 σεται
525 1684 712 1754 ἕτερος
733 1686 870 1755 πρὸς
897 1687 1088 1740 αὐτόν’
1125 1685 1316 1759 ἐξεῦρε
1350 1690 1529 1744 πᾶσαν
1560 1688 1677 1745 ὁδὸν
1714 1694 1940 1764 ἐπιστή-

350 1792 485 1845 μης,
517 1776 611 1830 καὶ
650 1776 851 1830 ἔδωκεν
879 1779 1051 1849 αὐτὴν
1096 1779 1293 1833 Ἰακὼὸ
1332 1781 1411 1853 τῷ
1439 1783 1591 1837 παιδὶ
1620 1783 1810 1851 αὑτοῦ,
1844 1787 1938 1840 καὶ

2040 590 2260 657 rabilis,
2305 592 2687 659 consiliarius,
2739 594 2885 649 Deus
2928 595 3117 659 fortis,
3166 610 3430 667 regnans,
3479 602 3631 670 prin-

2040 696 2170 752 ceps
2217 684 2387 753 pacis,
2422 685 2584 740 Pater
2610 686 2781 740 futuri
2830 687 3037 742 saeculi.
3084 708 3101 738 ι
3152 688 3221 742 Ει
3268 690 3468 745 iterum
3512 693 3625 747 ait:

2046 793 2063 825 ι
2106 774 2235 829 Post
2276 784 2327 830 te
2359 777 2574 848 1296
2604 778 2987 845 ambulabunt,
3026 779 3193 834 vincti
3234 780 3463 835 manicis
3499 798 3627 852 pcr-

2041 873 2192 934 gent,
2218 873 2273 920 et
2317 874 2368 921 te
2407 866 2750 936 adorabunt;
2796 877 3008 924 tantum
3056 868 3113 924 in
3159 879 3213 925 te
3252 879 3339 926 est
3374 871 3537 936 Deus,
3571 883 3630 927 et

2040 971 2152 1010 non
2180 964 2265 1032 est
2297 958 2504 1028 absque
2527 967 2580 1014 te
2611 959 2774 1015 Deus.
2816 961 2957 1017 Vere
2984 970 3041 1016 tu
3075 977 3136 1017 cs
3157 960 3303 1017 Deus
3335 962 3629 1018 abscondi-

2043 1055 2153 1112 tus,
2177 1049 2326 1103 Deus
2352 1048 2571 1106 lsraelis
2593 1050 2843 1106 Salvator
2861 1051 2949 1105 ²¹”.
2975 1069 2993 1102 ι
3018 1052 3229 1107 Nomen
3253 1068 3387 1107 vero
3409 1053 3628 1107 Emma-

2041 1138 2221 1194 nuelis
2255 1138 2428 1194 Deum
2456 1140 2619 1195 simul
2645 1151 2702 1197 et
2726 1140 3007 1198 hominem
3040 1142 3386 1214 significat"
3414 1162 3425 1196 :
3456 1146 3628 1215 expli-

2041 1235 2200 1283 catur
2227 1230 2376 1284 enim
2407 1231 2712 1286 secundum
2744 1230 3050 1286 doctrinam
3087 1233 3456 1304 evangelieam
3490 1233 3627 1287 Deus

2041 1318 2329 1387 nobiscum,
2360 1321 2417 1376 id
2444 1329 2552 1387 est,
2580 1322 2635 1377 in
2662 1322 2890 1380 homine
2918 1324 3086 1390 Deus,
3122 1325 3177 1379 in
3203 1334 3399 1380 natura
3441 1336 3629 1381 nostra

2040 1409 2206 1467 Deus.
2242 1413 2413 1469 Divus
2450 1414 2617 1469 etiam
2659 1414 2927 1471 Jeremias
2957 1416 3294 1472 vaticinatur
3325 1418 3580 1488 inquiens
3613 1437 3626 1472 :

2049 1523 2068 1555 ι
2096 1503 2198 1559 Hic
2221 1505 2474 1560 est‘Deus
2498 1496 2708 1572 noster,
2743 1515 2799 1561 et
2830 1523 2938 1561 non
2967 1508 3334 1564 :estimabitur
3360 1510 3503 1565 alius
3530 1511 3629 1565 ad-

2037 1608 2233 1649 versus
2254 1610 2404 1650 eum.
2432 1595 2535 1651 ilic
2558 1596 2842 1652 adinvenit
2865 1613 3085 1653 omnem
3121 1598 3267 1654 viam
3302 1601 3626 1671 disciplinae,

2038 1693 2096 1740 et
2121 1686 2352 1741 tradidit
2379 1687 2528 1742 illam
2556 1682 2760 1743 Iacobo
2785 1702 2961 1758 puero
2985 1704 3106 1756 suo,
3131 1699 3187 1745 et
3211 1691 3399 1746 israeli
3429 1692 3630 1747 dilecto

2039 1790 2161 1832 suo.
2195 1777 2324 1833 Post
2352 1778 2471 1834 haec
2500 1778 2555 1833 in
2582 1779 2747 1835 terris
2770 1780 2921 1836 visus
2947 1790 3051 1847 est,
3078 1791 3278 1837 etcum
3312 1783 3630 1839 hominibus

363 1867 584 1939 Ἰσραὴλ
614 1867 692 1937 τῷ
723 1869 1072 1940 ἠγαπημένῳ
1115 1870 1207 1924 ὑπ’
1236 1871 1424 1928 αὐτοῦ.
1458 1872 1613 1927 Μετὰ
1634 1873 1807 1927 ταῦτα
1840 1872 1934 1928 ἐπὶ

2038 1880 2395 1925 conversatus
2429 1879 2512 1925 est
2540 1870 2605 1925 ³⁸.
2639 1888 2659 1921 ι
2703 1870 3135 1942 Quamplurimae
3174 1875 3292 1930 alia!
3335 1876 3457 1929 erui
3497 1891 3628 1944 pos-

343 1959 450 2029 τῆς
489 1961 593 2029 γῆς
632 1959 813 2031 ὤφθη,
845 1962 940 2014 καὶ
973 1964 1088 2026 τοῖς
1113 1962 1423 2034 ἀνθρώποις
1453 1966 1928 2038 συνανεστράφη.»

344 2051 463 2103 Kal
494 2050 659 2115 ἄλλας
686 2052 733 2103 δ’
761 2053 826 2107 ἄν
865 2069 953 2115 τις
991 2054 1193 2125 μυρίας
1225 2054 1377 2127 εὖροι
1408 2056 1593 2124 φωνὰς
1622 2056 1687 2111 ἐκ
1712 2075 1773 2111 τε
1820 2055 1932 2111 τῶν

348 2141 517 2195 θείων
568 2132 924 2212 Εὑάγγελίων
958 2145 1053 2198 καὶ
1080 2144 1192 2198 τῶν
1236 2146 1615 2202 ἀποπολικῶν
1644 2164 1935 2219 συγγραμ·

353 2238 564 2308 μάτων,
599 2238 693 2291 καὶ
720 2238 787 2291 ὲκ
824 2234 933 2291 τῶν
985 2240 1342 2310 προφητικῶν
1383 2240 1808 2312 θεσπισμάτων,
1836 2242 1940 2294 δει-

344 2326 640 2392 κνυούσας,
663 2327 748 2380 ὅτι
775 2326 908 2392 Θεὸς
950 2327 1202 2400 ἀληθινὸς
1237 2331 1266 2384 6
1298 2328 1505 2399 Κύριος
1537 2333 1568 2401 ἡ
1580 2331 1695 2401 μῶν
1728 2328 1937 2401 Ἰησοῦς

345 2417 609 2486 Χριστός.

423 2509 551 2562 Ὅτι
581 2510 637 2563 δὲ
689 2511 784 2564 καὶ
835 2510 1126 2582 ἄνθρωπος
1166 2511 1305 2583 μετὰ
1364 2512 1466 2584 τὴν
1522 2511 1936 2584 ὲνανθρὼπησιν

345 2596 841 2673 προσαγορεύεται,
883 2601 1122 2655 διδάσκει
1154 2603 1250 2673 μὲν
1279 2602 1442 2666 αὐτὸς
1476 2604 1505 2657 6
1531 2603 1756 2674 Κύριος,
1802 2604 1936 2657 ἰου-

343 2693 521 2756 δαίοις
548 2693 933 2764 διαλεγόμενος
962 2694 1058 2748 καὶ
1084 2693 1248 2765 βοιῖιν·
1293 2712 1313 2745 ι
1360 2694 1427 2747 Τί
1457 2712 1524 2765 με
1549 2694 1765 2766 ζητεῖτε
1797 2696 1933 2748 ἀπο-

345 2786 582 2850 κτεῖναι,
638 2784 949 2856 ἄνθρωπον,
982 2785 1130 2848 ὅστις
1179 2784 1280 2856 τὴν
1307 2784 1569 2855 ἀλήθειαν
1607 2786 1737 2857 ὑμῖν
1775 2784 1936 2842 λελά-

345 2876 535 2948 ληκα;
575 2896 597 2930 ι
633 2878 727 2931 καὶ
765 2879 794 2931 6
823 2878 1098 2951 μακάριος
1139 2875 1355 2942 Παῦλος
1388 2878 1445 2930 ὲν
1474 2879 1541 2949 τῇ
1574 2877 1713 2948 πρὸς
1740 2878 1938 2950 Κοριν-

347 2969 503 3033 θίους
542 2969 785 3042 προτέρᾳ
826 2970 1022 3040 λέγων’
1051 2990 1071 3023 ι
1115 2971 1334 3042 Ἐπειδὴ
1356 2971 1465 3044 γὰρ
1481 2971 1548 3025 δι’
1579 2970 1869 3043 ἀνθρώπου
1907 2973 1937 3026 6

348 3060 602 3126 Θάνατος,
627 3063 723 3115 καὶ
745 3063 813 3116 δι’
840 3063 1132 3134 ἀνθρώπου
1164 3060 1466 3128 ἀνάστασις
1495 3063 1730 3135 νεκρῶν.
1765 3082 1785 3114 ι
1817 3063 1933 3118 Kal

349 3151 568 3216 δεικνὺς
604 3154 735 3224 περὶ
782 3152 927 3216 τίνος
962 3153 1134 3222 λέγει,
1181 3153 1475 3226 έρμηνεύει
1526 3154 1589 3208 τὸ
1619 3157 1933 3226 εἰρημένον,

2038 1967 2161 2014 sent
2205 1974 2368 2016 voces
2417 1960 2633 2017 tamin
2683 1964 2887 2020 divinis
2952 1966 3261 2037 Evangeliis
3316 1973 3373 2021 et
3409 1967 3631 2037 scriptis

2038 2051 2437 2122 apostolorum,
2466 2067 2631 2121 quam
2667 2053 2719 2107 in
2751 2054 3145 2123 prophetarum
3175 2055 3474 2120 vaticiniis,
3506 2072 3631 2125 qua:

2038 2142 2360 2205 ostendunt,
2398 2142 2555 2211 quod
2588 2145 2736 2200 Deus
2788 2160 2954 2200 verus
3001 2154 3083 2201 est
3130 2147 3394 2202 Dominus
3439 2156 3627 2202 noster

2039 2232 2200 2288 Jesus
2230 2232 2509 2290 Christus.

2107 2497 2267 2563 Quod
2296 2512 2434 2554 vero
2466 2504 2523 2553 et
2554 2498 2721 2554 homo
2747 2508 2978 2556 vocetur
3013 2511 3137 2572 post
3170 2502 3626 2570 incarnationem,

2037 2590 2201 2644 docet
2222 2590 2451 2659 quidem
2488 2591 2721 2661 ipsemet
2761 2592 3027 2647 Dominus
3060 2608 3185 2648 cum
3211 2592 3415 2649 Judaeis
3441 2590 3629 2666 dispu-

2036 2689 2181 2745 tans,
2218 2689 2275 2736 et
2314 2682 2559 2737 clamans
2597 2700 2609 2735 :
2655 2701 2675 2732 ‹
2718 2682 2859 2749 Quid
2890 2699 2979 2738 me
3010 2684 3256 2754 quaeritis
3290 2683 3626 2753 interﬁcere,

2038 2772 2343 2836 hominem,
2384 2772 2480 2842 qui
2508 2773 2800 2829 veritatem
2828 2774 2985 2830 vobis
3017 2776 3234 2830 locutus
3260 2790 3383 2832 sum
3407 2777 3491 2831 '5?
3524 2796 3542 2832 ι
3572 2790 3631 2836 et

2036 2864 2234 2919 beatus
2283 2865 2486 2919 Paulus
2533 2865 2588 2918 in
2643 2864 2821 2934 prima
2875 2866 2942 2921 ad
2994 2864 3340 2936 Corinthios,
3388 2866 3626 2927 dicens:

2044 2970 2064 3006 ι
2105 2953 2376 3021 Quoniam
2414 2954 2638 3024 quidem
2680 2968 2777 3025 per
2809 2955 3089 3010 hominem
3124 2972 3292 3023 mors,
3318 2967 3375 3013 et
3398 2975 3498 3029 per
3525 2961 3628 3016 ho-

2030 3046 2246 3122 minem
2279 3048 2616 3103 resurrectio
2642 3055 2991 3102 mortuorum
3013 3048 3087 3115 ²⁶;
3122 3068 3139 3100 ι
3176 3065 3240 3104 ac
3268 3059 3326 3105 ut
3352 3053 3629 3118 ostendat,

2040 3138 2111 3192 de
2153 3153 2266 3208 quo
2306 3138 2476 3193 verba
2526 3136 2711 3203 faciat,
2746 3152 2870 3207 qua:
2916 3138 3076 3202 dixit,
3114 3141 3371 3209 explicat,
3415 3142 3494 3198 sic
3544 3144 3633 3198 in-

349 3207 778 3312 οὑτωσιλέγξυν·
827 3263 848 3297 ι
890 3207 1339 3316 νἰισπὲρ’γάρἐ›
1381 3244 1460 3314 τῷ
1498 3207 1937 3316 Ἀδὰμιάῖποθνήῖ-

2043 3207 2243 3293 quiens
2278 3243 2291 3278 :
2324 3245 2345 3277 ι
2385 3222 2454 3279 Et
2480 3226 2625 3316 sicut
2667 3226 2722 3279 in
2763 3227 2972 3281 Adamo
3012 3207 3347 3295 moriuntur,
3377 3231 3451 3286 ita
3479 3245 3535 3287 et
3574 3233 3632 3288 in

348 3350 596 3400 σκουσιν,
647 3333 791 3389 οὕτω
840 3332 935 3388 καὶ
966 3336 1027 3387 ὲν
1055 3334 1135 3404 τῷ
1179 3333 1403 3405 Χριστῷ
1435 3333 1640 3396 πάντες
1670 3332 1939 3405 ζωοποιη-

345 3426 628 3496 θήσονται.
670 3445 689 3478 ι
726 3427 837 3479 Καὶ
865 3425 1116 3496 Τιμοθέῳ
1148 3425 1204 3479 δὲ
1242 3425 1471 3497 γράφων
1513 3425 1712 3494 ὁμοίως
1742 3426 1929 3496 φησίν·

351 3537 371 3569 ι
417 3513 508 3581 Εἷς
539 3517 690 3581 Θεὸς,
740 3513 822 3581 εἷς
870 3518 964 3571 καὶ
1010 3517 1237 3588 μεσίτης
1266 3517 1405 3570 Θεοῦ
1457 3517 1553 3569 καὶ
1608 3516 1934 3588 ἀνθρώπων,

346 3608 638 3680 ἄνθρωπος
658 3609 896 3681 Χριστὸς
941 3607 1167 3676 Ἰησοῦς.
1206 3628 1224 3661 ι
1261 3608 1372 3662 Καὶ
1406 3611 1463 3662 ὲν
1492 3612 1613 3672 ταῖς
1643 3609 1934 3681 Πράξεσιν,

347 3704 412 3758 ὲν
450 3704 701 3774 Ἀθήναις
721 3703 1051 3774 δημηγορῶν
1068 3719 1082 3733 ·
1123 3721 1140 3754 ι
1164 3700 1302 3767 Τοὺς
1336 3703 1436 3774 μὲν
1454 3700 1548 3757 οῦν
1574 3704 1803 3775 χρόνους
1833 3707 1935 3777 τῆς

347 3794 575 3862 ἀγνοίας
603 3792 875 3865 ὑπεριδὼν
910 3788 939 3846 ὁ
966 3793 1120 3859 Θεὸς,
1159 3794 1314 3864 φησι,
1345 3793 1415 3847 τὰ
1436 3793 1935 3866 νῦνπαραγγέλλει

347 3888 483 3940 πᾶσι
528 3885 803 3957 πανταχοῦ
855 3889 1157 3956 μετανοεῖν·
1185 3885 1376 3938 καθότι
1416 3885 1645 3955 ἔστησεν
1694 3885 1932 3956 ἡμέραν,

350 3979 412 4028 ἐν
523 3974 707 4044 μέλλει
756 3974 964 4045 κρίνειν
986 3973 1096 4043 τὴν
1130 3973 1457 4044 οἰκουμένην
1504 3974 1562 4026 ὲν
1595 3972 1933 4044 δικαιοσύνῃ,

350 4066 412 4117 ἐν
441 4064 597 4134 ἀνδρὶ
698 4063 886 4135 ὥρισε,
929 4062 1114 4117 πίστιν
1139 4061 1439 4134 παρασχὼν
1478 4063 1666 4129 πᾶσιν,
1697 4063 1935 4133 ἀναστή-

351 4169 454 4217 σας
493 4155 657 4208 αὑτὸν
706 4156 771 4207 ὲκ
822 4153 1052 4225 νεκρῶν.
1097 4172 1116 4206 ι
1165 4148 1278 4207 Kal.
1334 4156 1363 4207 6
1410 4154 1683 4226 μακάριος
1728 4154 1937 4224 Πέτρος

362 4246 633 4310 Ἰουδαίοις
661 4246 1067 4317 διαλεγόμενος,
1099 4262 1119 4297 ι
1162 4245 1408 4312 Ἀνδρες,
1436 4246 1623 4316 φησὶν,
1665 4243 1933 4315 Ἰσραηλῖ-

345 4350 462 4403 ται,
487 4334 757 4393 άκοῦσατε
791 4339 917 4402 τοὺς
945 4337 1138 4408 λόγους
1165 4335 1412 4400 τούτους·
1457 4337 1665 4407 Ἰησοῦν
1696 4334 1789 4390 τὸν
1823 4334 1935 4388 Να-

346 4431 619 4503 ζωραῖον,
669 4430 839 4502 ἄνδρα
877 4430 987 4484 ἀπὸ
1029 4429 1124 4483 τοῦ
1178 4428 1314 4482 Θεοῦ
1367 4428 1822 4498 ἀποδεδειγμένον
1855 4428 1936 4489 είς

347 4524 496 4594 ὑμᾶς
528 4522 773 4603 σημείοις
802 4523 896 4576 καὶ
918 4523 1131 4593 τέρασι,
1164 4520 1258 4574 καὶ
1289 4516 1692 4591 δυνάμεσιν,οἷς
1743 4517 1932 4588 ἑποίηο
1965 4548 2011 4607 D

348 4631 444 4667 σεν
467 4615 495 4667 ὁ
532 4605 664 4678 Θεὸς
686 4598 763 4667 ’δι’
786 4614 973 4670 αὐτοῦ.
1011 4633 1030 4665 υ
1060 4613 1171 4667 Kal
1217 4613 1247 4665 6
1286 4612 1572 4683 προφήτης
1599 4609 1658 4663 δὲ
1702 4608 1931 4673 Ἡσαΐας

344 4700 444 4759 τοῦ
485 4705 756 4758 Δεσπὸτου
812 4704 1051 4778 Χριστοῦ
1099 4704 1168 4759 τὰ
1217 4701 1366 4775 πάθη
1414 4700 1835 4775 προαγορεύων.
1876 4700 1936 4754 ὃν

348 4795 460 4866 πρὸ
483 4794 733 4865 βραχέων
767 4795 1017 4866 ὠνόμασε
1051 4790 1205 4859 Θεὸν,
1237 4793 1428 4849 τοῦτον
1477 4790 1764 4862 ἄνθρωπον
1800 4792 1939 4845 ἀπο-

357 4888 515 4942 καλεῖ
541 4888 737 4958 λέγων’
776 4906 795 4940 ι
833 4889 1151 4958 Ἀνθρωπος
1181 4890 1240 4940 ἐν
1271 4888 1456 4959 πληγῇ
1492 4885 1588 4949 ὢν,
1636 4886 1731 4939 xal
1779 4882 1938 4946 εἰδὼς

360 4980 547 5053 φέρειν
586 4980 879 5052 μαλακίαν·
934 4972 1095 5041 οὗτος
1147 4978 1246 5041 τὰς
1281 4979 1509 5050 ἀνομίας
1550 4977 1711 5049 ἡμῶν
1753 4975 1930 5046 φέρει,

353 5073 450 5126 καὶ
475 5072 616 5142 ὑπὲρ
675 5070 835 5143 ἡμῶν
885 5070 995 5140 (56)
1052 5068 1324 5123 ὁδυνᾶται.
1378 5088 1398 5122 ι
1449 5071 1559 5121 Kal
1592 5068 1757 5130 ἄλλας
1792 5067 1836 5119 δ’
1864 5066 1932 5120 ἂν

348 5161 669 5233 ὁμοφώνους
703 5160 1009 5234 μαρτυρίας
1042 5158 1302 5222 συλλέξας
1356 5159 1421 5210 ἐκ
1468 5159 1566 5226 τῆς
1595 5155 1754 5223 ἁγίας
1788 5155 1932 5225 Γραι

350 5255 482 5325 φῆς,
525 5253 762 5325 ἐνέθηκα
797 5254 862 5307 ἂν
907 5255 975 5324 τῇ
1005 5251 1284 5322 ἐπιστολῇ,
1318 5244 1365 5302 εἰ
1416 5248 1490 5319 μὴ
1528 5247 1627 5319 τὴν
1659 5245 1932 5316 ὑμετέραν

348 5344 670 5401 θεοσέϐειαν
704 5347 1025 5417 ἠπιστάμην
1063 5342 1174 5414 βίον
1219 5342 1363 5413 ἔχειν
1392 5341 1492 5411 τὴν
1520 5337 1628 5393 τῶν
1663 5338 1824 5391 θείων
1849 5337 1937 5390 λο-

421 5551 487 5583 υ*
527 5550 629 5606 lsa.
662 5566 785 5612 XLV,
814 5550 901 5603 Μ.
979 5549 1025 5580 ’³
1048 5547 1237 5602 Matth.
1264 5563 1301 5612 ι,
1328 5544 1416 5599 25.

352 5612 395 5642 ’⁷
428 5620 567 5676 ibid.
595 5620 684 5675 2‘2.
760 5622 807 5652 ³³
835 5621 850 5673 l
882 5619 1122 5673 Timon).
1158 5635 1218 5685 ιι,
1242 5619 1291 5671 5.

432 5824 543 5900 (56)
580 5827 609 5878 ὑ
616 5826 729 5897 μῶν
761 5824 994 5880 Viutiob.

1522 5542 1568 5573 ⁵⁸
1603 5541 1840 5595 Baruch.
1878 5555 1935 5600 ιι,
1969 5537 2059 5601 56,
2102 5537 2171 5591 38

1367 5620 1409 5647 ³⁸
1437 5618 1558 5669 Act.
1602 5628 1729 5676 χιιι,
1760 5611 1846 5676 50,
1876 5610 1962 5663 5i.

2037 3314 2262 3370 Christo
2300 3329 2493 3369 omnes
2539 3298 2970 3370 vﬁ’iiicabuntur
2994 3317 3059 3369 ’⁷.
3094 3335 3113 3367 ι
3155 3317 3241 3372 Ad
3275 3308 3632 3377 Timotheum

2038 3420 2261 3476 quoque
2312 3408 2599 3474 scribens,
2657 3408 2913 3464 similiter
2966 3408 3105 3464 dicit
3142 3427 3155 3462 ι
3201 3429 3220 3460 ι
3263 3408 3420 3468 Unus
3459 3414 3628 3477 Deus,

2038 3510 2187 3553 unus
2217 3507 2273 3554 et
2310 3499 2582 3554 mediator
2614 3500 2710 3554 Dei
2753 3510 2811 3556 et
2842 3500 3149 3565 hominum,
3186 3501 3353 3558 homo
3376 3503 3633 3563 Christus

2036 3590 2199 3647 Jesus
2225 3592 2290 3644 ”.
2326 3610 2345 3642 ι
2375 3591 2435 3645 In
2475 3590 2627 3646 Actis
2665 3591 2854 3657 etiam,
2892 3592 3023 3647 dum
3070 3594 3301 3649 Athenis
3339 3595 3638 3651 concinna-

2041 3693 2150 3749 tur,
2197 3685 2275 3739 ait
2316 3702 2329 3738 :
2366 3703 2385 3736 ι
2420 3684 2489 3739 Ει
2532 3692 2780 3755 tempora
2823 3685 3049 3755 quidem
3098 3685 3263 3757 hujus
3310 3687 3632 3757 ignorantiae

2044 3770 2256 3847 1297
2299 3772 2614 3846 deepiciens
2652 3777 2818 3840 Deus,
2850 3790 3000 3832 nunc
3033 3775 3346 3832 enuntiabit
3388 3778 3632 3833 homini-

2042 3869 2165 3935 bus,
2196 3878 2257 3924 ut
2282 3882 2476 3924 munies
2513 3868 2719 3938 ubique
2751 3869 3133 3938 paenitentiam
3166 3878 3349 3941 agant.
3378 3871 3457 3925 E-o
3484 3873 3632 3941 quod

2040 3964 2234 4019 statuit
2263 3962 2433 4027 diem,
2464 3963 2521 4017 in
2546 3958 3026 4035 quojudicaturus
3044 3971 3128 4017 est
3149 3962 3340 4017 orbem
3371 3962 3427 4016 in
3456 3967 3625 4033 aequi-

2038 4062 2171 4119 tate,
2214 4068 2315 4123 per
2347 4053 2529 4107 virum
2569 4067 2668 4121 per
2712 4067 2876 4121 quem
2915 4052 3131 4114 statuit,
3172 4051 3335 4106 iidem
3377 4051 3631 4121 prmbens

2036 4144 2320 4208 erunibus,
2347 4145 2622 4199 suscitans
2651 4158 2779 4198 eum
2819 4159 2848 4196 a
2885 4142 3118 4197 mortuis
3140 4138 3204 4194 ⁸⁸.
3242 4159 3260 4191 ι
3302 4140 3501 4196 Beatus
3530 4158 3628 4212 pa-

2036 4237 2175 4291 riter
2210 4236 2409 4290 Pctrus
2438 4231 2643 4289 Iudaeis
2689 4232 2999 4303 prmdicans
3033 4249 3045 4285 :
3087 4250 3106 4283 ι
3145 4230 3284 4296 Viri,
3315 4231 3412 4296 ait,
3459 4231 3631 4287 lsraeo

2035 4329 2171 4393 litae,
2211 4326 2399 4382 audite
2434 4325 2598 4381 verba
2634 4324 2750 4379 haec
2784 4338 2797 4377 :
2832 4324 3018 4379 Jesum
3049 4322 3417 4387 Nazarenum,
3445 4322 3625 4376 virum
3710 4356 3717 4364 ι

2037 4419 2403 4491 approbatum
2430 4428 2460 4472 a
2485 4417 2598 4471 Dee
2628 4415 2773 4469 inter
2803 4429 2901 4469 vos
2925 4412 3230 4467 virtutibus
3268 4422 3328 4466 et
3361 4413 3630 4484 prodigiis

2036 4520 2095 4567 et
2115 4511 2290 4582 signis
2314 4522 2438 4580 quae
2462 4506 2592 4563 fecit
2632 4508 2778 4561 Deus
2804 4520 2904 4576 per
2930 4505 3086 4560 illum
3115 4505 3180 4557 δυ.
3215 4524 3232 4555 ι
3267 4503 3335 4558 Et
3361 4503 3627 4573 propheta

2036 4604 2206 4660 Isaias
2227 4602 2431 4659 Christi
2454 4598 2673 4655 Domini
2697 4599 3010 4668 passionem
3036 4595 3435 4666 pneuuntians,
3462 4608 3627 4665 quem

2037 4712 2219 4767 nuper
2254 4696 2429 4750 Deum
2472 4690 2810 4755 nominavit,
2866 4689 3016 4744 hunc
3061 4687 3343 4742 hominem
3393 4685 3631 4757 appellat

2037 4790 2127 4845 his
2155 4788 2342 4844 verbis
2379 4804 2392 4840 :
2434 4805 2452 4837 ι
2487 4786 2585 4840 Vir
2621 4784 2897 4848 dolorum,
2944 4791 3000 4836 et
3035 4780 3217 4836 sciens
3252 4776 3498 4850 perferre
3542 4778 3630 4834 in-

2036 4881 2377 4937 firmitatem.
2422 4878 2743 4949 Languores
2789 4884 3010 4930 nostros
3063 4854 3179 4943 ipse
3223 4874 3383 4937 tulit,
3427 4880 3484 4927 et
3530 4885 3631 4941 pro

2038 4974 2201 5029 nobis
2253 4973 2430 5028 doluit
2466 4971 2533 5023 ³¹.
2572 4986 2589 5020 ι
2647 4968 2766 5023 Alia
2812 4980 3032 5036 quoque
3066 4979 3096 5017 e
3148 4978 3306 5020 sacra
3349 4964 3631 5033 Scriptura

2039 5065 2270 5120 collecta
2307 5061 2625 5117 testimonia
2650 5056 2704 5112 in
2743 5058 2977 5127 epistola
3007 5055 3339 5125 posuissem,
3369 5052 3475 5109 nisi
3507 5064 3632 5123 pcr-

2041 5163 2291 5224 Spectum
2313 5152 2447 5206 mihi
2468 5158 2636 5214 esset,
2662 5149 2827 5202 vitam
2845 5162 2966 5202 esse
2989 5146 3180 5218 pietati
3200 5157 3396 5203 vestra:
3417 5145 3633 5199 divino-

2042 5260 2163 5299 rum
2192 5256 2511 5299 sermonum
2537 5237 2956 5293 meditationem
2985 5237 3294 5292 secundum
3327 5234 3628 5296 hominem,

2041 5334 2136 5406 qui
2170 5351 2226 5388 in
2261 5332 2495 5388 Psalmis
2536 5331 2733 5385 beatus
2774 5329 3000 5385 dicitur.
3036 5325 3326 5383 lndustrite
3361 5328 3626 5394 praeterea

2304 5537 2347 5567 ’³
2377 5536 2533 5591 Joan.
2567 5550 2661 5597 vn,
2690 5532 2790 5595 19;
2831 5546 2945 5592 vui,
2972 5528 3038 5580 40
3140 5527 3185 5559 ¹⁶
3215 5523 3383 5580 lCor.
3413 5540 3502 5591 xv,
3530 5524 3623 5579 9.1.

2046 5600 2087 5642 ³⁰
2116 5609 2234 5666 Aet.
2272 5624 2327 5660 ιι.
2358 5610 2445 5660 23:2.
2530 5608 2568 5638 ³¹
2604 5607 2706 5659 lsa.
2742 5617 2851 5664 ι.ιιι,
2886 5600 2937 5651 ’5.
