4072 6422
502 341 637 405 1423

1492 339 1984 403 THEODORETI
2015 339 2355 399 EPISCOPI
2385 341 2751 404 CYRENSIS

3622 351 3768 419 1.426

493 462 694 512 vestra:
728 449 1171 509 testimoniorum
1215 453 1597 510 collectionem
1641 454 1984 525 relinquens,
2016 456 2071 509 ac

2190 456 2327 523 γίων
2364 458 2620 528 μελέτην,
2660 460 2803 513 κατά
2830 460 2919 513 τὸν
2943 463 3002 514 ὲν
3039 460 3291 534 Ψαλμοῖς
3328 465 3770 539 μακαριζόμενον

494 546 843 617 propositum
881 554 1114 602 transeo.

547 821 937 899 ’Deumigitui:
968 845 1163 884 verum
1197 838 1255 885 et
1288 845 1481 885 verum
1516 830 1796 886 hominem
1826 847 1948 889 esse
1975 833 2081 889 Do.

464 920 702 974 .minum
744 929 997 975 nostrum
1024 920 1221 977 ,Jesum
1257 922 1536 977 Christum
1587 922 1943 993 proﬁtemur;
1982 940 2079 979 ne-

491 1025 598 1080 que
640 1009 697 1063 in
742 1008 881 1063 duas
919 1024 1183 1079 personas
1226 1010 1526 1065 dividimus
1561 1026 1712 1074 eum,
1747 1010 1842 1080 qui
1881 1012 2081 1068 unicus

488 1112 574 1155 est
595 1142 607 1165 ,
634 1101 729 1155 sed
762 1101 898 1155 duas
925 1111 1154 1156 naturas
1179 1101 1386 1171 absque
1409 1100 1732 1156 confusione
1756 1102 2081 1171 conjunctas

488 1193 659 1248 fuisse
701 1193 1000 1247 credimus.
1037 1191 1129 1249 Sic
1168 1194 1334 1248 etiam
1374 1193 1737 1263 multiplicem
1784 1194 2079 1249 haeretico-

464 1300 613 1338 rum
647 1285 1043 1355 blasphemiam
1074 1284 1234 1340 facile
1258 1284 1519 1340 refellere
1556 1289 1883 1356 poterimus.
1920 1287 2078 1341 Multi

488 1377 715 1447 quidem
747 1385 803 1431 et
830 1378 968 1431 varii
997 1386 1126 1431 sunt
1154 1392 1375 1432 errores
1413 1393 1629 1445 eorum,
1660 1382 1754 1451 qui
1788 1398 1818 1436 a
1846 1381 2079 1436 veritate

472 1465 860 1530 desciverunt,
896 1474 956 1520 ut
1003 1466 1188 1520 statim
1230 1466 1617 1525 indicabimus.
1654 1471 1791 1527 Nam
1838 1472 2075 1527 Marcion

486 1565 543 1610 et
564 1557 748 1611 Manes
777 1572 955 1626 neque
995 1557 1213 1627 1293
1235 1558 1484 1614 divinum
1511 1562 1750 1619 Verbum
1776 1566 2076 1619 humanam

483 1645 793 1715 suscepisse
818 1654 1071 1699 naturam
1101 1646 1393 1714 afﬁrmant,
1424 1664 1606 1720 neque
1630 1666 1699 1706 ex
1724 1653 1952 1725 Virgine
1975 1671 2076 1710 na-

2185 546 2491 619 ἆνθρωπον.
2532 550 2612 621 Τῇ
2645 552 2888 624 ὑμετέρα
2911 553 3091 606 τοίνυν
3132 553 3421 626 φιλοπονίᾳ
3452 559 3770 615 καταλιπὼν

2184 637 2415 707 τὴντῶν
2466 642 2782 712 μαρτυριῶν
2842 643 3143 716 συλλογὴν,
3183 644 3277 698 ἐπὶ
3318 645 3387 699 τὰ
3431 649 3770 722 προκείμενα

2185 728 2493 801 βαδιοῦμαι.

2270 823 2403 877 Θεὸν
2469 826 2652 880 τοίνυν
2716 826 2967 900 ἀληθινὸν
3023 833 3117 885 καὶ
3170 835 3458 908 ἄνθρωπον
3514 838 3770 908 ἀληθινὸν

2183 921 2276 969 τὸν
2324 917 2530 989 Κύριον
2576 920 2734 991 ἡμῶν
2796 922 3004 993 Ἰησοῦν
3064 926 3300 996 Χριστὸν
3349 930 3721 1002 ὁμολογοῦμεν
3750 973 3766 995 ,

2182 1007 2284 1063 οὐκ
2319 1010 2401 1073 είς
2455 1009 2549 1063 δύο
2600 1011 2871 1082 πρόσωπα
2932 1014 3267 1087 διαιροῦντες
3303 1021 3399 1075 τὸν
3452 1022 3549 1076 ἕνα
3574 1062 3591 1086 ,
3627 1024 3769 1078 ἀλλᾶ

2180 1100 2274 1154 δύο
2322 1101 2516 1171 φύσεις
2561 1103 2885 1174 ἀσυγχῦτως
2936 1107 3180 1178 ἡνῶσθαι
3215 1112 3568 1185 πιστεύομεν.
3607 1116 3769 1170 Οὕτω

2180 1188 2291 1260 γὰρ
2332 1190 2427 1244 καὶ
2455 1191 2554 1262 τὴν
2585 1191 2893 1265 πολυσχεδῆ
2945 1195 3053 1251 τῶν
3083 1199 3377 1270 αίρετικῶν
3413 1202 3769 1277 βλασφημίαν

2183 1283 2385 1354 ῥᾳδίως
2411 1283 2684 1351 διελέγξαι
2707 1285 3071 1358 δυνησόμεθα·
3107 1291 3276 1365 πολλὴ
3298 1294 3392 1349 καὶ
3413 1297 3631 1370 ποικίλη
3653 1299 3767 1353 τῶν

2180 1374 2602 1430 ἐπαναστάντων
2643 1379 2708 1448 τῇ
2760 1377 2992 1451 ἀληθείᾳ
3022 1383 3056 1451 ἡ
3095 1381 3293 1455 πλάνη,
3336 1385 3414 1450 ὡς
3440 1388 3643 1443 αὐτίκα
3670 1390 3769 1461 δη-

2182 1464 2454 1537 λώσομεν.
2489 1467 2760 1539 Μαρκίων
2802 1469 2903 1540 μὲν
2955 1470 3064 1543 γὰρ
3107 1475 3202 1526 καὶ
3255 1475 3446 1546 Μάνης
3489 1478 3615 1533 οὔτε
3669 1482 3769 1534 ἀν-

2178 1556 2463 1630 ειληφέναι
2501 1559 2849 1630 ἀνθρωπείαν
2884 1561 3046 1631 φύσιν
3086 1565 3179 1617 τὸν
3202 1564 3336 1621 Θεὸν
3367 1569 3541 1639 Λόγον
3563 1573 3765 1641 φασιν,

2174 1647 2303 1702 οὔτε
2333 1650 2399 1702 ὲκ
2421 1650 2704 1721 Παρθένου
2734 1652 2825 1707 τὸν
2855 1653 3060 1725 Κύριον
3091 1658 3123 1725 ἡ
3135 1656 3251 1726 μῶν
3295 1659 3501 1730 Ἰησοῦν
3526 1663 3766 1734 Χριστὸν

484 1740 599 1785 tum
632 1748 754 1788 esse
786 1733 1080 1788 Dominum
1122 1744 1375 1791 nostrum
1413 1737 1603 1794 Iesum
1635 1740 1918 1799 Christum
1954 1760 2071 1800 cre-

2177 1743 2543 1813 γεγεννῆσθαι
2599 1746 3030 1801 πεπιστεύκασιν
3060 1766 3069 1776 ⁸
3099 1749 3216 1803 ἀλλ’
3262 1752 3427 1806 αὑτὸν
3481 1754 3575 1807 τὸν
3628 1755 3765 1809 Θεὸν

481 1822 772 1890 diderunt;
829 1824 925 1878 sed
981 1820 1125 1879 idem
1186 1826 1424 1881 Verbum
1477 1828 1729 1887 divinum
1769 1833 2071 1889 humanam

2176 1835 2350 1905 Λόγον
2379 1836 2822 1908 σχηματισθῆναι
2862 1839 2943 1903 είς
2974 1836 3115 1904 εἶδος
3140 1840 3483 1913 ἀνθρώπειον
3524 1847 3620 1900 καὶ
3655 1865 3764 1915 φα-

468 1913 720 1983 speciem
773 1915 1086 1985 accepisse,
1131 1925 1188 1972 et
1236 1917 1341 1972 sub
1385 1919 1625 1977 humana
1671 1923 1850 1981 forma
1903 1942 2073 1998 appa-

482 2005 684 2071 ruisse,
725 2007 908 2076 specie
961 2008 1148 2076 potius
1197 2025 1364 2079 quam
1414 2012 1614 2082 reipsa.
1654 2015 2074 2075 Valentinianus

460 2106 535 2150 .et
567 2098 893 2154 Bardisanes
934 2100 1280 2157 nativitatem
1329 2104 1552 2174 quidem
1605 2108 1938 2175 admittunt,
1976 2111 2072 2166 sed

479 2195 682 2259 negant
749 2197 956 2245 nostra:
1020 2198 1234 2246 natura:
1289 2195 1757 2264 assumptionem,
1810 2206 1866 2252 et
1916 2198 2074 2253 aiunt

478 2278 681 2332 Filium
728 2278 825 2333 Dei
882 2286 1142 2349 tanquam
1189 2284 1365 2338 canali
1423 2286 1608 2356 aliquo
1652 2287 1873 2358 Virgine
1910 2305 2071 2344 usum

478 2384 623 2425 esse.
666 2368 938 2424 Sabellius
988 2380 1173 2426 autem
1218 2390 1287 2428 ex
1332 2374 1532 2447 Libya,
1576 2385 1634 2432 et
1679 2378 1978 2446 Photinus,
2016 2389 2075 2436 et

476 2460 770 2515 Marcellus
794 2476 862 2516 ex
884 2460 1118 2528 Galatia,
1143 2473 1199 2518 et
1228 2465 1430 2521 Paulus
1450 2467 1865 2537 Samosatenus,
1890 2471 2072 2526 homi-

479 2567 607 2607 nem
652 2553 957 2623 simplicem
996 2571 1065 2609 ει
1093 2556 1317 2628 Virgine
1354 2568 1546 2615 natum
1585 2577 1708 2618 esse
1739 2572 2069 2630 asserentes,

478 2650 668 2713 aperte
703 2654 905 2715 negant
929 2644 1212 2700 Christum
1243 2657 1511 2704 :eternum
1533 2666 1656 2707 esse
1685 2651 1880 2708 Deum.
1909 2653 2075 2710 Arius

478 2741 536 2786 et
574 2732 881 2789 Eunomius
922 2749 1125 2804 corpus
1175 2742 1386 2792 tantum
1424 2755 1493 2794 ex
1529 2741 1753 2812 Virgine
1792 2746 2073 2814 accepisse

478 2827 729 2881 divinum
751 2827 992 2883 Verbum
1032 2829 1394 2885 contendunt.
1438 2830 1814 2902 Apollinarius
1851 2837 2073 2892 tandem

479 2917 699 2984 corpori
740 2916 929 2987 adjicit
963 2926 1020 2972 et
1059 2920 1297 2973 animam
1331 2920 1731 2991 irrationalem,
1766 2942 1879 2982 non
1914 2928 2075 2985 aliter

464 3021 546 3060 ac
587 3006 635 3060 si
681 3006 857 3062 divini
895 3008 1060 3063 Verbi
1116 3010 1423 3067 incamatio
1478 3029 1581 3093 pro
1635 3016 2070 3088 irrationalibus,

482 3094 711 3150 minime
740 3110 872 3150 vero
898 3113 999 3167 pro
1030 3099 1396 3156 rationalibus
1425 3100 1566 3158 facta
1595 3103 1813 3161 fuisset.
1841 3107 1911 3161 At
1936 3124 2072 3179 apo-

478 3188 750 3243 stolorum
798 3187 1050 3245 doctrina
1095 3191 1392 3260 perfectam
1438 3194 1838 3254 humanitatem
1885 3216 1916 3255 a
1957 3202 2071 3258 Deo

480 3294 611 3333 vere
653 3288 963 3349 susceptam
1004 3296 1126 3336 esse
1167 3275 1570 3350 aﬂirmat,Qioe
1606 3288 1754 3344 enim
1799 3290 2072 3363 significat

480 3372 657 3426 illud:
703 3392 721 3423 ι
754 3372 862 3440 Qui
896 3390 1022 3429 cum
1056 3377 1110 3429 in
1139 3375 1313 3431 forma
1347 3379 1444 3433 Dei
1482 3390 1650 3447 esset,
1684 3383 1927 3440 hominis
1953 3386 2068 3441 for-

482 3478 628 3518 mam
657 3464 869 3534 aceepit
902 3465 981 3532 3’;
1020 3484 1038 3517 ι
1074 3466 1251 3521 forma
1288 3469 1437 3522 enim
1467 3470 1589 3526 loco
1617 3483 1828 3529 natura;
1851 3483 1908 3530 et
1940 3476 2071 3531 sub-

480 3555 695 3611 stantiae
732 3556 978 3625 ponitur,
1030 3557 1157 3613 ideo
1209 3559 1354 3629 quod
1405 3561 1679 3633 significat
1714 3566 1896 3636 quod,
1941 3583 2068 3623 eum

480 3647 577 3702 Dei
622 3647 854 3702 haberet
896 3656 1186 3716 naturam,
1238 3651 1480 3709 hominis
1527 3663 1783 3712 naturam
1832 3660 2065 3729 accepit.

481 3737 663 3803 Quare
712 3752 839 3792 eum
887 3738 1084 3808 primis
1125 3740 1424 3811 impietatis
1470 3743 1883 3817 inventoribus,
1928 3751 2072 3809 Mar-2

479 3827 648 3891 cioni,
686 3828 925 3883 Manenti
965 3837 1022 3886 et
1056 3832 1347 3890 Valentino
1380 3835 1749 3909 disputantes,
1788 3857 1856 3897 ex
1895 3845 2068 3900 sacris

455 3920 786 3990 .Scripturis
819 3920 1199 3979 demonstrare
1235 3927 1541 3996 studemus,
1583 3932 1731 4001 quod
1767 3950 1879 3988 non
1922 3936 2068 3992 Deus

458 4021 725 4078 .-tantum,
776 4012 872 4067 sed
924 4013 1091 4069 homo
1142 4017 1311 4073 etiam
1361 4020 1433 4076 sit
1476 4021 1729 4078 Christus
1774 4026 2062 4083 Dominus.

476 4102 593 4157 Arii
638 4112 823 4158 autem
868 4112 926 4159 et
960 4105 1219 4163 Eunomii
1257 4119 1313 4165 et
1351 4110 1678 4182 Apollinarii
1712 4132 1960 4173 mancam
1993 4119 2063 4175 de

478 4193 787 4249 meonomia
829 4195 1136 4253 doctrinam
1171 4201 1404 4258 rudibus
1434 4204 1878 4265 demonstrantes
1905 4227 1937 4266 e
1973 4211 2062 4266 di-

477 4284 625 4340 vinis
663 4284 903 4356 Spiritus
944 4290 1182 4346 oraculis
1206 4293 1521 4363 perfectam
1561 4312 1683 4353 esse
1721 4311 2060 4371 assumptam

478 4385 734 4432 naturam
767 4377 1049 4436 docemus.
1088 4383 1307 4454 1299
1351 4383 1577 4442 Sabellii
1609 4404 1796 4458 porro,
1827 4400 1883 4447 et
1916 4393 2061 4449 Pho-

2176 1928 2335 1997 νῆναι
2375 1926 2452 1991 ὡς
2507 1927 2832 2000 ἄνθρωπον,
2884 1933 3157 2004 φαντασίᾳ
3209 1933 3411 2003 μᾶλλον
3452 1935 3485 2008 ἢ
3535 1936 3767 2010 ἀληθείᾳ⁸

2177 2018 2542 2089 χρησάμενον.
2576 2020 2892 2087 Βαλεντῖνος
2935 2023 2994 2077 δὲ
3037 2024 3132 2079 καὶ
3161 2025 3503 2098 Βαρδισάνης
3529 2030 3629 2099 τὴν
3662 2031 3765 2101 μὲν

2176 2110 2430 2183 γέννησιν
2459 2111 2722 2182 δέχονταιο
2756 2115 2856 2185 τὴν
2903 2114 2960 2168 δὲ
3016 2116 3286 2188 ἀνάληψιν
3321 2118 3614 2189 ἀρνοῦνται
3662 2122 3765 2192 τῆς

2174 2205 2452 2276 ἡμετέρας
2495 2205 2732 2274 φύσεως,
2775 2202 2889 2262 οἶόν
2937 2225 3043 2263 τινι
3097 2210 3296 2281 σωλῆνι
3325 2211 3636 2284 χρήσασθαι
3692 2217 3760 2286 τῇ

2177 2293 2442 2364 Παρθένῳ
2476 2293 2728 2364 λέγοντες
2768 2296 2860 2349 τὸν
2899 2296 3028 2351 Υίὸν
3058 2297 3153 2351 τοῦ
3186 2299 3344 2355 Θεοῦ.
3382 2301 3677 2367 Σαϐἐλλιος
3706 2303 3764 2357 δὲ

2174 2385 2204 2437 6
2232 2384 2422 2449 Λίϐυς,
2440 2387 2531 2439 καὶ
2548 2386 2831 2453 Φωτεινὸς,
2848 2388 2943 2442 καὶ
2969 2388 3289 2460 Μάρκελλος
3313 2393 3341 2445 6
3369 2391 3637 2464 Γαλάτης,
3668 2394 3763 2446 καὶ

2175 2473 2389 2538 Παῦλος
2423 2476 2451 2528 6
2482 2476 2856 2546 Σαμοσατεῦς,
2893 2477 3181 2549 ἄνθρωπον
3214 2478 3369 2550 ψιλὸν
3397 2483 3462 2534 ὲκ
3485 2482 3585 2551 τῆς
3613 2484 3763 2553 Παρ-

2176 2567 2334 2620 θένου
2370 2568 2696 2638 γεννηθῆναι
2731 2568 2974 2638 λέγουσιε
3018 2570 3077 2623 τὸ
3110 2570 3167 2624 δὲ
3197 2571 3295 2625 καὶ
3322 2571 3458 2626 Θεὸν
3493 2568 3631 2628 εἶναι
3669 2575 3762 2626 τὸν

2176 2660 2504 2731 προαιώνιον
2538 2660 2798 2731 Χριστὸν,
2840 2659 3136 2732 διαρρήδην
3166 2661 3492 2731 ἀρνοῦνται·
3541 2663 3764 2733 Ἀρειος

2173 2752 2230 2806 δὲ
2292 2755 2387 2807 καὶ¹
2439 2753 2706 2824 Εὑνόμιος
2754 2752 2916 2824 σῶμα
2969 2754 3131 2825 μόνον
3170 2754 3521 2827 ἀνειληφέναι
3561 2755 3628 2808 ὲκ
3657 2755 3763 2824 τῆς

2176 2844 2455 2915 Παρθένου
2489 2845 2580 2900 τὸν
2614 2844 2745 2898 Θεὸν
2776 2845 2950 2913 Λόγον
3002 2845 3165 2914 φασίν
3206 2845 3341 2917 (57)·
3385 2846 3765 2919 ’Λπολινάριος

2173 2937 2229 2991 δὲ
2257 2937 2336 3008 τῷ
2377 2936 2590 3008 σώματι
2617 2937 2943 3008 προστίθησι
2975 2938 3068 2991 καὶ
3098 2936 3275 3009 ψυχὴν
3305 2938 3521 3008 ἄλογον,
3557 2938 3634 3003 ὡς
3659 2939 3764 3008 τῆς

2175 3030 2643 3102 ὲνανθρωπήσεως
2680 3029 2773 3082 τοῦ
2813 3027 2949 3083 Θεοῦ
2995 3030 3170 3099 Λόγου
3203 3028 3343 3101 ὑπὲρ
3387 3029 3617 3097 ἀλόγων,
3664 3030 3768 3098 οὐχ

2178 3122 2317 3193 ὑπὲρ
2362 3121 2595 3189 λογικῶν
2651 3120 3053 3192 γεγενημένης*
3106 3121 3140 3190 ἡ
3186 3120 3243 3173 δὲ
3281 3119 3390 3174 τῶν
3442 3119 3767 3173 ἀποστόλων

2178 3213 2499 3269 διδασκαλία
2524 3213 2731 3267 τέλειον
2762 3212 3049 3284 ἄνθρωπον
3076 3212 3181 3266 ὑπὸ
3205 3212 3412 3266 τελείου
3446 3211 3582 3266 Θεοῦ
3611 3213 3766 3265 ἀνει-

2178 3308 2382 3379 λῆφθαι
2411 3307 2671 3361 διδάσκει·
2701 3306 2761 3360 τὸ
2785 3305 2913 3378 γὰρ,
2941 3324 2959 3359 ι
3003 3308 3101 3370 Ὃς
3128 3307 3185 3358 ἐν
3220 3308 3403 3377 μορφῇ
3428 3304 3563 3359 Θεοῦ
3591 3305 3765 3376 ὑπάρ-

2177 3418 2289 3473 χων
2311 3400 2525 3471 μορφὴν
2547 3399 2732 3452 δούλου
2758 3398 2936 3464 ἔλαϐε,
2962 3416 2981 3450 ι
3011 3396 3171 3452 τοῦτο
3189 3396 3338 3468 δηλοί
3355 3412 3370 3427 ⁵
3399 3397 3519 3451 ἀντὶ
3544 3396 3765 3466 φύσεως

2176 3488 2285 3557 γὰρ
2335 3486 2430 3539 καὶ
2461 3486 2648 3551 οὐσίας
2677 3487 2711 3557 ἡ
2748 3486 2930 3558 μορφὴ
2961 3485 3249 3556 πρόκειται
3281 3486 3394 3558 (58)
3422 3503 3436 3516 ·
3469 3485 3622 3555 δηλοῖ
3649 3487 3764 3558 γάρ

2176 3576 2259 3631 ὅτι
2303 3575 2464 3644 φύσιν
2497 3576 2636 3648 ἔχων
2669 3575 2828 3640 Θεοῦ,
2863 3576 3025 3646 φύσιν
3075 3576 3232 3630 ἔλαϐε
3271 3575 3481 3631 δούλου.
3515 3577 3607 3632 Διὸ
3647 3581 3765 3642 τοῖς

2180 3666 2280 3737 μὲν
2328 3665 2566 3738 πρώτοις
2620 3671 2719 3739 τῆς
2769 3667 3024 3733 ἀσεϐείας
3058 3668 3307 3738 εὑρεταῖς
3341 3669 3632 3739 Μαρκίωνι
3666 3671 3765 3723 καὶ

2175 3758 2254 3829 τῷ
2287 3760 2523 3814 Μάνεντι
2565 3759 2660 3813 καὶ
2692 3752 2996 3831 Βαλεντίνῳ
3033 3759 3404 3831 διαλεγόμενοι
3433 3761 3764 3815 ἀποδεικνύ-

2175 3869 2263 3905 ναι
2307 3851 2682 3923 σπουδάζομεν
2723 3854 2787 3906 ὲκ
2825 3852 2935 3907 τῶν
2968 3851 3129 3905 θείων
3153 3853 3191 3905 Γ
3195 3852 3406 3925 ραφῶν,
3440 3854 3522 3906 ὅτι
3553 3854 3615 3907 οὑ
3667 3856 3761 3926 μό-

2170 3939 2263 3997 νον
2295 3942 2449 4008 Θεὸς,
2481 3944 2619 3998 ἀλλά
2662 3946 2758 3997 καὶ
2794 3944 3078 4014 ἄνθρωπος
3123 3945 3152 3998 6
3189 3944 3468 4015 Δεσπότης
3496 3946 3759 4016 Χριστός.

2185 4035 2398 4106 Ἀρείου
2451 4034 2509 4087 δὲ
2554 4035 2650 4088 καὶ
2684 4034 2951 4106 Εὑνομίου
2988 4035 3083 4088 καὶ
3117 4033 3499 4107 Ἀπολιναρὶου
3533 4035 3594 4088 τὸ
3626 4036 3764 4105 περὶ

2170 4127 2271 4198 τὴν
2298 4128 2611 4198 οἰκονομίαν
2631 4127 2822 4191 ἀτελὲς
2844 4126 3003 4197 δῆλον
3032 4125 3311 4190 ποιοῦντες
3340 4129 3453 4190 τοῖς
3468 4125 3755 4195 ἀγνοοῦσι,

2170 4217 2380 4272 τελείαν
2401 4212 2540 4272 εἶναι
2568 4217 2667 4288 τὴν
2699 4215 2998 4289 ληφθεῖσαν
3050 4216 3470 4288 ἀποφαινόμεθα
3496 4214 3662 4287 φύσιν
3689 4219 3759 4271 ὲκ

2168 4309 2278 4363 τῶν
2306 4310 2466 4364 θείων
2498 4310 2694 4377 λογίων
2724 4309 2818 4363 τοῦ
2860 4308 3200 4380 Πνεύματος·
3232 4310 3524 4364 Σαϐελλίου
3558 4310 3614 4363 δὲ
3655 4309 3760 4363 καὶ

2168 4402 2435 4457 Φωτεινοῦ
2469 4403 2564 4456 καὶ
2587 4401 2909 4474 Μαρκέλλου
2968 4403 3062 4457 καὶ
3113 4403 3329 4458 Παύλου
3362 4402 3462 4473 τὴν
3493 4401 3757 4456 ἀσέϐειαν

480 4466 605 4533 ιὶηί,
641 4475 697 4523 et
730 4468 993 4537 Marcelli,
1024 4479 1082 4527 et
1107 4473 1260 4529 Pauli
1298 4475 1639 4547 impietatem
1679 4483 2060 4541 convincimus

2173 4494 2488 4566 ἐλέγχομεν,
2517 4466 2753 4566 μάρτυρι
2780 4498 2846 4566 τῇ
2893 4494 3014 4567 θείᾳ
3050 4496 3244 4567 Γραφῇ
3291 4466 3621 4566 κεχρημένοι
3656 4494 3758 4548 καὶ

475 4558 809 4615 testimoniis
837 4576 905 4616 ex
944 4577 1098 4617 saera
1129 4563 1412 4635 Scriptura
1448 4568 1650 4635 allatis,
1668 4581 1846 4642 atque
1879 4583 2063 4631 osten-

475 4647 670 4704 dentes
701 4664 815 4705 non
851 4651 1135 4708 hominem
1170 4663 1403 4725 tantum,
1440 4676 1632 4716 verum
1680 4664 1848 4719 etiam
1882 4667 2058 4723 Deum

469 4729 743 4795 internum
777 4750 835 4797 et
865 4743 1015 4798 Patri
1056 4745 1582 4806 consubstantialem
1616 4767 1737 4810 esse
1775 4754 2057 4814 Christum

462 4831 789 4888 Dominum.
830 4834 988 4901 Quod
1024 4852 1160 4892 vero
1191 4838 1431 4895 animam
1459 4845 1674 4914 accepit
1708 4848 2054 4919 rationalem,

466 4922 591 4992 ipse
617 4923 885 4981 Dominus
922 4925 1101 4993 docet,
1134 4929 1392 5000 inquiens
1425 4949 1438 4985 :
1475 4952 1491 4984 ι
1521 4934 1680 4992 Nunc
1713 4938 1895 4995 anima
1933 4958 2054 4999 mea

462 5014 694 5070 turbata
732 5024 844 5078 est;
873 5025 929 5072 et
968 5017 1102 5089 quid
1127 5020 1344 5077 dicam?
1374 5025 1556 5090 Pater,
1593 5029 1834 5086 salviﬁea
1871 5049 1959 5089 me
1988 5051 2055 5091 ex

464 5106 577 5161 hac
604 5107 771 5173 hora;
805 5108 903 5164 sed
943 5119 1237 5179 propterea
1266 5114 1391 5169 veni
1437 5115 1495 5170 in
1536 5117 1729 5174 horam
1759 5119 1901 5177 hanc
1923 5123 1990 5179 ³³.
2030 5143 2048 5176 ι

475 5198 541 5253 Et
574 5199 777 5255 iterum
804 5219 817 5254 :
858 5219 876 5252 ‹
911 5201 1111 5259 Tristis
1135 5213 1219 5260 est
1245 5207 1428 5264 anima
1458 5225 1577 5266 mea
1604 5228 1777 5284 usque
1808 5215 1877 5271 ad
1912 5233 2061 5273 mor-

466 5302 583 5345 tem
615 5291 680 5345 ".
724 5310 743 5344 ι
789 5292 859 5347 Ει
906 5293 1037 5349 alibi
1083 5314 1098 5351 :
1146 5315 1165 5349 ‹
1207 5298 1541 5356 Potestatem
1590 5303 1769 5360 habeo
1815 5309 2057 5377 ponendi

468 5383 717 5437 animam
758 5399 970 5451 meam,
1015 5397 1073 5442 et
1120 5399 1445 5458 potestatem
1493 5393 1670 5451 habeo
1718 5397 1918 5453 iterum
1967 5417 2061 5455 su-

2165 4584 2496 4651 δεικνύντες,
2536 4583 2613 4646 ὼς
2638 4584 2741 4637 οὐκ
2784 4582 3073 4655 ἄνθρωπος
3107 4583 3288 4654 μόνον,
3323 4581 3457 4636 ἀλλά
3492 4580 3587 4635 καὶ
3616 4579 3757 4642 Θεὸς

2168 4673 2490 4746 προαιώνιος
2519 4673 2611 4727 καὶ
2639 4672 2720 4745 τῷ
2742 4674 2920 4746 Πατρὶ
2939 4673 3226 4745 ὁμοούσιος
3253 4675 3282 4727 6
3307 4672 3588 4742 Δεσπότης
3615 4672 3758 4742 Χρι-

2166 4767 2311 4828 στός.
2350 4765 2474 4819 Ὀτι
2504 4764 2614 4835 γὰρ
2633 4763 2810 4835 ψυχὴν
2842 4763 3073 4818 ἀνέλαϐε
3096 4763 3345 4836 λογικὴν,
3382 4762 3547 4825 αὐτὸς
3574 4763 3603 4814 6
3628 4762 3716 4814 Κύ
3734 4791 3754 4802 ο

2164 4873 2280 4927 ριος
2315 4854 2557 4908 διδάσκει
2585 4853 2780 4921 λέγων·
2811 4870 2829 4903 ι
2865 4852 3036 4921 Νῦνή
3072 4850 3217 4922 ψυχή
3254 4868 3356 4922 μου
3389 4851 3754 4929 τετάρακται,

2165 4948 2258 5001 καὶ
2286 4945 2341 4999 τί
2366 4948 2546 5011 stum;
2574 4945 2777 5017 Πάτερ,
2815 4945 2989 4999 σῶσόν
3022 4961 3089 5015 με
3120 4946 3185 4998 ἐκ
3217 4942 3318 5013 τῆς
3345 4942 3496 5013 ὥρας
3517 4939 3751 5011 ταύτης·

2161 5039 2297 5094 ἀλλά
2321 5038 2410 5092 διὰ
2440 5037 2599 5091 τοῦτο
2652 5034 2818 5109 ἦλθον
2864 5037 2946 5098 είς
2991 5035 3091 5108 τὴν
3120 5035 3272 5106 ὥραν
3296 5034 3522 5102 ταύτην.
3563 5051 3581 5084 ι
3634 5032 3753 5085 Καὶ

2161 5131 2346 5184 πάλιν·
2384 5149 2402 5182 ι
2443 5129 2751 5203 Περίλυπός
2780 5130 2980 5199 ἐστινὴ
3011 5129 3158 5200 ψυχή
3185 5144 3287 5199 μου
3311 5126 3416 5190 ἕως
3443 5124 3696 5178 θανάτου.
3724 5143 3747 5176 ›

2163 5223 2274 5276 Καὶ
2309 5220 2560 5293 ἑτέρωθιο
2610 5239 2629 5273 ι
2699 5220 2980 5286 Ἐξουσίαν
3040 5221 3151 5291 ἔχω
3195 5218 3367 5273 θεῖναι
3417 5216 3516 5287 τὴν
3566 5214 3752 5286 ψυχήν

2165 5330 2289 5382 μου,
2328 5314 2422 5367 καὶ
2467 5311 2717 5378 ἐξουσίαν
2775 5311 2883 5382 ἔχω
2915 5310 3082 5366 πάλιν
3124 5307 3310 5364 λαϐεῖν
3341 5308 3534 5377 αῦτήν·
3566 5306 3753 5368 οὐδεὶς

2163 5402 2308 5474 αἴρει
2364 5404 2534 5473 αὐτὴν
2583 5402 2677 5456 ἀπ’
2716 5402 2872 5474 ἐμοῦ.
2915 5422 2932 5454 ι
2986 5401 3096 5457 Καὶ
3128 5404 3157 5456 6
3205 5400 3435 5470 ἄγγελος
3475 5400 3612 5471 πρὸς
3653 5399 3754 5454 τὸν

524 5536 582 5570 ’³⁸
610 5537 846 5609 Philipp.
869 5556 928 5605 tt,
958 5540 1012 5595 6.
1089 5542 1135 5574 ³³
1162 5543 1321 5599 Joan.
1351 5562 1447 5612 ιιι,
1477 5547 1567 5601 27.
1650 5547 1694 5580 “
1725 5549 1916 5605 Matth.
1943 5569 2086 5619 xxvr,
2118 5554 2207 5611 '58.

445 5694 453 5701 ’
541 5691 651 5763 (57)
676 5695 838 5763 φησὶν
870 5695 1031 5752 Vind.
1066 5706 1121 5752 et
1148 5699 1316 5754 Mans.

545 5761 656 5823 (58)
694 5761 769 5817 lta
804 5765 947 5820 haud
994 5768 1162 5824 dul-ie
1204 5768 1515 5840 legendum.
1563 5772 1721 5828 Vind.
1778 5774 2051 5832 habebat:

2164 5710 2283 5787 ἀντὶ
2330 5711 2545 5787 φύσεως
2585 5713 2760 5787 γάρή
2799 5713 2979 5787 μορφὴ
3012 5730 3065 5768 κ.
3112 5713 3268 5767 οὐσία
3304 5729 3401 5787 πρ.
3455 5710 3625 5767 Mans.
3683 5728 3749 5768 α.

2165 5781 2324 5846 φύσιν
2353 5800 2405 5851 γ.
2444 5784 2498 5853 ἡ.
2532 5801 2590 5853 ρ.
2626 5781 2675 5837 κζ
2710 5781 2898 5837 οὐσίαν
2934 5781 3027 5855 π’ρ.
