4072 6452
281 432 429 499 1425

1640 440 2001 501 EPISTULA
2038 439 2178 499 CLI.

3429 430 3568 494 1426

296 548 523 621 Ἰωσήφο
572 568 589 600 ι
639 548 931 621 Παράλαϐε
987 550 1050 604 τὸ
1113 548 1323 605 παιδίον
1366 549 1461 604 καὶ
1507 549 1606 618 τὴν
1659 547 1875 619 μητέρα

1999 545 2163 600 nendi
2189 560 2346 610 eam;
2384 559 2548 599 nemo
2591 542 2733 598 tollit
2767 557 2888 599 eam
2914 558 2946 597 a
2971 557 3059 597 me
3090 542 3156 596 ³⁸.
3190 560 3208 592 ι
3240 542 3310 597 Ει
3343 544 3571 615 angelus

280 639 479 703 αὐτοῦ,
515 640 610 694 καὶ
643 639 879 710 πορεύου
926 643 1004 705 είς
1033 643 1137 712 γῆν
1175 640 1415 713 Ἰσραήλ·
1446 638 1739 710 τεθνήκασι
1768 638 1877 707 γὰρ

282 734 496 796 πάντες
557 733 608 785 oi
635 731 925 804 ζητοῦντες
945 732 1043 805 τὴν
1072 733 1252 806 ψυχὴν
1289 732 1386 787 τοῦ
1431 732 1669 787 παιδίου.
1712 751 1733 784 ι
1766 731 1878 785 Καὶ

280 825 312 875 ὁ
340 821 736 893 εύαγγελιστὴς
760 839 774 850 ·
813 842 831 875 ι
865 821 1072 893 Ἰησοῦς
1098 823 1155 877 δὲ
1190 821 1530 895 προέκοπτεν
1553 820 1758 892 ἡλικίᾳ,
1785 820 1879 873 καὶ

285 913 482 984 σοφίᾳ,
514 913 608 966 καὶ
633 913 819 985 χάριτι
846 913 998 983 παρὰ
1024 913 1144 985 Θεῷ
1175 915 1271 968 καὶ
1312 914 1641 987 ἀνθρώποις.
1685 933 1703 967 ι
1739 915 1883 985 Προ-

284 1005 488 1057 κόπτει
531 1004 587 1058 δὲ
628 1004 818 1078 ⁴ἡλικίᾳ
843 1004 1133 1076 καὶσοφία
1165 1007 1227 1060 ού
1260 1006 1452 1077 θεότης
1480 1007 1514 1077 ἡ
1549 1005 1632 1059 ἀεὶ
1665 1004 1882 1070 τελεία,

284 1094 415 1149 ἀλλ’
462 1098 496 1168 ἡ
517 1095 836 1168 ἀνθρωπεία
869 1097 1052 1168 φύσις,
1087 1100 1121 1168 ἡ
1146 1098 1324 1170 χρόνῳ
1356 1099 1452 1152 καὶ
1479 1098 1765 1169 γινομένη,
1789 1097 1885 1152 καὶ

282 1186 570 1259 αὐξομένη
598 1187 711 1261 (59)
749 1188 844 1242 καὶ
871 1189 1242 1262 τελειουμένη.

367 1356 444 1418 Οῧ
479 1363 638 1434 χάριν
683 1363 754 1418 τά
799 1366 897 1437 μὲν
930 1364 1247 1438 ἀνθρώπινα
1290 1366 1469 1421 πάντα
1494 1367 1587 1422 τοῦ
1614 1367 1886 1422 Δεσπότου

284 1456 335 1509 Χ
345 1455 559 1525 pictori,
582 1456 773 1510 πεῖνάν
795 1473 936 1529 φημι
957 1457 1051 1511 καὶ
1068 1457 1228 1528 δίψαν
1244 1459 1337 1512 καὶ
1360 1459 1550 1526 κόπον,
1578 1460 1669 1513 καὶ
1697 1459 1885 1526 ὕπνον,

287 1545 395 1599 καὶ
413 1545 636 1611 δειλίαν,
660 1547 755 1600 καὶ
777 1547 1026 1619 ἱδρῶτας,
1053 1549 1148 1602 καὶ
1164 1549 1491 1621 προσευχὴν,
1518 1551 1613 1603 καὶ
1642 1550 1885 1620 ἄγνοιαν,

289 1637 397 1691 καὶ
427 1639 529 1692 ὅσα
552 1637 779 1694 τοιαῦτα
806 1640 904 1711 τῆς
934 1642 1207 1711 ἡμετέρας
1223 1642 1483 1719 ἀπαρχῆς
1513 1638 1652 1696 εἷναί
1685 1659 1885 1713 φαμεν,

286 1731 368 1800 ἣν
389 1728 678 1784 ἀναλαϐὼν
703 1732 732 1786 ὁ
756 1732 890 1796 Θεὸς
916 1733 1089 1801 Λόγος
1112 1733 1322 1804 ἥνωσεν
1343 1733 1542 1805 ἑαυτῷ,
1571 1735 1670 1804 τὴν
1691 1735 1890 1806 ἡμετέ-

292 1838 406 1893 ραν
446 1823 976 1895 πραγματευόμενος
1014 1826 1311 1898 σωτηρίαν.
1336 1825 1440 1880 Τὸν
1471 1826 1530 1881 δὲ
1557 1825 1667 1880 τῶν
1701 1826 1890 1898 χωλῶν

286 1912 522 1985 δρόμον,
551 1916 647 1969 καὶ
680 1915 787 1971 τῶν
816 1915 1030 1988 νεκρῶν
1057 1921 1157 1990 τὴν
1184 1919 1499 1984 ἀνάστασιν,
1530 1921 1626 1974 καὶ
1652 1921 1751 1985 τάς
1775 1919 1883 1974 τῶν

291 2006 492 2075 ἄρτων
521 2007 728 2077 πηγάς,
763 2009 857 2062 καὶ
898 2011 997 2080 τὴν
1037 2011 1133 2065 τοῦ
1158 2011 1348 2077 ὓδατος
1374 2014 1453 2077 είς
1477 2008 1618 2066 οἶνον
1652 2012 1885 2084 μεταϐο-

286 2101 421 2171 λὴν.
457 2100 552 2154 καὶ
578 2101 761 2167 πάσας
794 2100 893 2167 τάς
932 2102 1096 2167 ἄλλας
1124 2103 1576 2175 θαυματουργίας
1604 2104 1706 2173 τῆς
1733 2104 1886 2169 θείας

290 2188 442 2267 έναι
459 2190 742 2263 δυνάμεως
769 2192 907 2266 ἔργα
930 2194 1280 2265 πιστεύομεν.
1320 2196 1409 2259 Ὠς
1428 2195 1518 2249 τὸν
1543 2196 1706 2249 αὐτόν
1743 2214 1888 2267 φημι

288 2250 364 2356 (ἦ
411 2284 508 2338 τὸν
548 2250 858 2357 Asander};
880 2286 1136 2358 Χριστὸν,
1161 2250 1281 2341 ,καὶ
1312 2250 1563 2358 πάσχειν,
1615 2289 1710 2344 καὶ

289 2375 473 2429 λύειν·
504 2375 731 2447 πάσχειν
784 2378 883 2447 μὲν
933 2377 1076 2433 κατὰ
1106 2378 1169 2432 τὺ
1211 2378 1509 2450 δρώμενον,
1536 2379 1686 2435 λύειν
1721 2381 1780 2435 δὲ
1812 2383 1882 2436 τὰ

292 2470 457 2540 πάθη
478 2470 619 2525 κατά
649 2471 749 2542 τὴν
778 2472 1037 2544 ἀρρήτως
1065 2470 1320 2526 οἰκοῦσαν
1359 2472 1610 2544 θεότητα.
1640 2473 1803 2545 Δηλοῖ
1833 2473 1890 2527 δὲ
1930 2480 1935 2487 ’

290 2560 465 2614 τοῦτο
480 2560 778 2635 σαφῶς-καὶ
800 2564 908 2617 τῶν
928 2560 1090 2635 ιερῶν
1108 2561 1457 2632 Εύαγγελίων
1477 2564 1510 2634 ἡ
1537 2563 1890 2635 ίστορία.Καὶ

299 2652 663 2725 μανθάνομεν
686 2653 918 2719 ἐκεῖθεν,
938 2654 1012 2717 ὡς
1035 2655 1094 2708 ὲν
1121 2654 1298 2726 φάτνῃ
1324 2654 1576 2725 κείμενος
1595 2655 1689 2708 καὶ
1714 2655 1890 2727 σπάρ-

296 2758 451 2811 γανα
482 2741 968 2813 περιϐεϐλημένος,
1000 2742 1106 2796 ὑπὸ
1141 2741 1371 2813 ἀστέρος
1403 2740 1753 2812 ὲκηρύττετο,
1786 2740 1882 2794 καὶ

298 2835 416 2889 ὑπὸ
445 2834 635 2905 μάγων
665 2836 1074 2906 προσεκονεῖτο,
1099 2835 1193 2888 καὶ
1227 2833 1332 2886 ὑπὸ
1362 2833 1615 2903 ἀγγέλων
1647 2834 1889 2905 ὑμνεῖτο,

297 2928 405 2981 καὶ
426 2925 776 2997 διακρίνομεν
792 2925 1054 2993 εὐσεϐῶς,
1077 2928 1157 2980 ὅτι
1179 2925 1249 2980 τά
1270 2927 1435 2998 ῥάκη,
1454 2926 1549 2980 καὶ
1571 2926 1889 2998 σπάργανα,

299 3018 406 3073 καὶ
436 3018 537 3087 τῆς
570 3018 757 3089 κλίνης
791 3019 824 3089 ἡ
856 3018 1078 3089 ἀπορία,
1111 3018 1205 3072 καὶ
1239 3020 1273 3089 ἡ
1304 3019 1477 3090 πολλὴ
1493 3019 1762 3087 εὐτέλεια,
1796 3020 1896 3090 τῆς

300 3109 727 3181 ἀνθρωπότητος
757 3109 883 3163 ίδια.
919 3110 977 3163 '0
1002 3110 1059 3163 δὲ
1088 3110 1196 3164 τῶν
1227 3111 1435 3179 Μάγων
1468 3111 1668 3182 δρόμος
1685 3113 1780 3165 καὶ
1801 3107 1895 3164 τοῦ

299 3203 539 3273 ἀστέρος
559 3203 593 3274 ἡ
614 3201 847 3274 ποδηγία
869 3203 1008 3274 καὶὴ
1029 3202 1137 3256 τῶν
1150 3202 1397 3270 ἀγγέλων
1415 3204 1604 3274 χορεία
1636 3202 1896 3274 κηρύττει

302 3297 409 3366 τὴν
449 3295 544 3349 τοῦ
574 3295 950 3367 κρυπτομένου
975 3294 1226 3365 θεότητα.
1273 3294 1463 3357 Οὕτως
1507 3294 1894 3364 ἀποδιδράσκει

309 3386 417 3458 μὲν
451 3387 531 3449 είς
563 3386 858 3455 Αἴγυπτον,
890 3385 986 3439 καὶ
1013 3387 1079 3456 τῇ
1111 3387 1257 3456 φυγῇ
1288 3385 1388 3454 τῆς
1421 3384 1665 3455 Ἡρώδου
1693 3384 1896 3455 μανίας

304 3478 746 3533 ἀπαλλάττεται·
780 3480 874 3533 καὶ
926 3478 1032 3549 γάρ
1076 3476 1364 3550 ἄνθρωπος
1410 3472 1499 3549 ἦν.
1530 3477 1780 3529 Συσσείει
1813 3476 1894 3541 δὲ,

307 3569 457 3624 κατά
481 3571 571 3623 τὸν
601 3571 918 3643 Προφήτην,
955 3569 1023 3623 τὰ
1060 3569 1415 3641 χειροποίητα
1437 3569 1737 3637 Αἰγύπτουσ
1764 3568 1899 3632 Θεὸς

306 3663 427 3732 γάρ
466 3661 700 3734 ὑπῆρχε.
732 3661 1128 3733 Περιτέμνεται
1170 3661 1262 3714 καὶ
1299 3661 1559 3731 φυλάττει
1607 3662 1700 3715 τὸν
1734 3661 1899 3731 νόμον

310 3752 410 3803 καὶ
445 3751 778 3823 καθαρσίους
811 3752 1111 3824 προσφέρει
1138 3749 1351 3814 θυσίας’
1381 3751 1446 3804 ὲκ
1474 3751 1584 3823 γάρ
1619 3750 1719 3822 τῆς
1766 3751 1899 3803 Ἰεσ-

315 3844 411 3897 σαὶ
451 3842 789 3914 βεϐλάστηκε
818 3842 930 3917 (60)
967 3845 1142 3917 ῥίζης.
1182 3845 1291 3898 Καὶ
1335 3845 1441 3898 ὑπὸ
1482 3844 1647 3915 νόμον
1695 3845 1769 3908 ὡς
1809 3845 1903 3899 ἆν-

314 3936 535 4005 θρωπος
573 3931 663 4008 ἦν·
709 3937 803 3991 καὶ
831 3936 987 3990 ἔλυσε
1032 3937 1123 3990 τὸν
1172 3939 1337 4008 νόμον
1378 3936 1518 4008 μετά
1566 3934 1776 4000 ταῦτα,
1808 3939 1904 3990 καὶ

312 4029 518 4084 δέδωκε
554 4033 654 4102 τὴν
681 4031 876 4105 καινὴν
902 4029 1192 4103 διαθήκην⁹
1226 4030 1524 4102 νομοθέτης
1544 4028 1654 4100 γὰρ
1685 4024 1776 4100 ἦν,
1810 4030 1905 4084 καὶ

315 4122 526 4194 ταύτην
542 4123 704 4189 αὐτὸς
722 4122 917 4178 δώσειν
941 4123 1029 4179 διά
1055 4123 1165 4177 τῶν
1191 4121 1490 4195 προφητῶν
1516 4122 1905 4194 ἐπηγγείλατο.

330 4212 667 4286 Ἐὅαπτίσθη
694 4213 800 4268 ὑπὸ
846 4214 1118 4268 Ἰωάννου⁶
1152 4213 1311 4267 τοῦτο
1343 4212 1584 4266 δείκνυσι
1608 4211 1671 4265 τὸ
1702 4211 1905 4284 ἡμέτε-

320 4323 434 4375 ρον.
460 4308 843 4380 Μαρτυρεῖται
880 4307 1089 4363 ἀνωθεν
1119 4308 1227 4362 ὑπὸ
1268 4306 1364 4360 τοῦ
1398 4307 1634 4379 Πατρὸς,
1667 4307 1762 4362 καὶ
1802 4307 1907 4361 ὑπὸ

318 4397 418 4451 τοῦ
442 4399 582 4452 Πνεύ
592 4417 760 4470 ματος
774 4400 1071 4454 δείκνυται·
1095 4398 1255 4453 τοῦτο
1271 4399 1534 4493 κρρύττει
1559 4398 1652 4452 τὸν
1668 4398 1909 4472 προαιιῦ-

274 4524 289 4535 ο
319 4507 458 4545 νιον.
520 4490 837 4563 Ἐπείνησεν
857 4533 872 4558 ,
924 4491 1060 4546 ἀλλά
1130 4493 1226 4544 καὶ
1281 4490 1482 4556 πολλάς
1538 4490 1785 4563 χιλιάδας
1844 4493 1909 4546 ἐκ

1923 3251 1969 3312 C

1982 637 2050 694 ad
2077 638 2375 707 Joscphum
2404 656 2416 690 :
2452 656 2470 688 ι
2498 636 2700 707 Accipe
2728 651 2961 706 puerum
2987 647 3045 690 et
3077 645 3311 691 matrem
3348 638 3486 707 ejus,
3517 646 3575 692 et

1983 731 2122 787 vade
2146 730 2202 786 in
2241 740 2443 787 terram
2476 731 2677 796 Israel;
2703 729 2947 786 defuncti
2972 736 3102 785 sunt
3128 730 3276 785 enim
3307 730 3400 800 qui
3429 746 3576 800 quae-

1985 825 2182 878 rebant
2203 824 2442 878 animam
2468 822 2628 894 pueri
2652 823 2717 877 ⁸⁶.
2750 841 2769 874 ι
2799 821 3149 893 Evangelista
3174 822 3384 893 pariter
3411 839 3425 875 :
3459 841 3478 872 ι
3508 822 3576 875 Et

1983 915 2145 971 Jesus
2174 914 2499 986 proﬁciebat
2528 914 2819 985 sapientia,
2850 922 2905 969 ει
2934 922 3120 981 aetate,
3144 920 3202 969 et
3230 914 3403 985 gratia
3428 914 3572 984 apud

1986 1008 2159 1062 Deum
2199 1019 2255 1062 et
2296 1008 2552 1063 homines
2572 1007 2637 1061 ³⁷.
2672 1027 2690 1058 ι
2742 1006 2965 1062 Proficit
2992 1016 3180 1064 autem
3212 1015 3371 1064 aetate
3402 1015 3459 1062 et
3490 1023 3578 1061 sa-

1985 1098 2193 1169 pientia
2233 1114 2583 1169 nequaquam
2612 1098 2896 1164 divinitas,
2934 1115 3055 1169 quae
3087 1115 3304 1171 semper
3331 1098 3573 1170 perfecta

1986 1201 2093 1255 est,
2120 1191 2217 1247 sed
2243 1192 2485 1246 humana
2510 1200 2728 1259 natura,
2767 1207 2891 1262 quae
2911 1197 2968 1246 et
2992 1190 3053 1247 ﬁt
3075 1202 3339 1264 tempore,
3368 1200 3424 1247 et
3446 1190 3578 1245 ado-

1986 1282 2167 1349 lescit,
2201 1293 2259 1339 et
2297 1282 2463 1338 ﬁnem
2500 1283 2688 1339 habet.

2059 1371 2427 1439 Quamobrem
2466 1374 2709 1429 humana
2754 1373 2941 1430 omnia
2976 1373 3184 1431 Christi
3220 1373 3461 1438 Domini,
3497 1373 3579 1427 fa-

1990 1479 2158 1529 mem,
2206 1465 2453 1536 inquam,
2497 1466 2669 1532 sitim,
2707 1466 2974 1532 calorem,
3020 1481 3297 1532 somnum,
3348 1474 3579 1529 metum,

1991 1556 2273 1622 sudorem,
2309 1558 2640 1622 orationem,
2676 1556 2974 1623 inscitiam,
3011 1566 3069 1613 et
3112 1557 3218 1611 alia
3261 1555 3581 1627 huiusmodi

1991 1663 2114 1718 quae
2148 1654 2336 1703 nostra
2372 1663 2495 1703 esse
2530 1647 2801 1713 dicimus,
2855 1644 3135 1717 accipiens
3169 1645 3420 1700 divinum
3449 1643 3586 1699 Ver—

1993 1740 2125 1794 bum
2173 1739 2279 1794 sibi
2321 1738 2573 1811 adjunxit
2621 1748 2826 1794 nostrae
2872 1737 3066 1794 salutis
3106 1735 3304 1808 gratia.
3342 1733 3579 1791 Cursum

1992 1845 2125 1884 vero
2155 1830 2368 1885 claudis
2395 1829 2738 1895 restitutum,
2762 1836 2819 1884 et
2851 1836 3197 1884 mortuorum
3220 1825 3584 1882 resurrectio—

1991 1939 2141 1987 nem,
2170 1930 2226 1976 et
2262 1922 2421 1992 panis
2454 1920 2694 1991 copiam,
2719 1929 2776 1976 et
2803 1935 2958 1991 aquae
2985 1920 3042 1975 in
3068 1918 3258 1974 vinum
3300 1926 3581 1973 transmu-

1994 2013 2258 2068 tationem
2306 2020 2503 2068 caetera
2547 2012 2787 2082 denique
2834 2011 3123 2078 miracula,
3160 2025 3328 2082 opera
3372 2009 3585 2080 1300

1992 2121 2113 2160 esse
2149 2105 2350 2160 divinae
2378 2105 2641 2175 potentia:
2668 2104 2966 2160 credimus.
3005 2102 3188 2171 Quare
3225 2109 3282 2157 et
3316 2101 3428 2173 pati
3457 2101 3585 2156 dico

1996 2197 2177 2267 ipsum
2218 2194 2500 2251 Christum
2545 2194 2877 2259 Dominum,
2920 2200 2978 2248 et
3014 2192 3300 2263 passiones
3345 2190 3584 2246 solvere.

1995 2289 2116 2345 Pati
2174 2287 2400 2359 quidem
2457 2287 2763 2344 secundum
2821 2285 3112 2341 oculorum
3176 2282 3584 2354 receptionem,

1996 2385 2052 2440 id
2115 2393 2202 2440 est
2250 2385 2476 2440 realiter
2528 2384 2832 2441 secundum
2888 2381 3320 2450 humanitatem;
3374 2381 3591 2436 solvere

1996 2493 2131 2533 vero
2157 2477 2442 2547 passiones
2480 2476 2789 2533 secundum
2818 2475 3186 2538 divinitatem,
3215 2472 3589 2544 inexplicabili

1995 2568 2163 2623 modo
2205 2568 2260 2622 in
2307 2567 2427 2638 ipso
2462 2567 2822 2622 habitantem.
2858 2564 3016 2632 Quod
3055 2580 3187 2620 sane
3215 2563 3382 2618 etiam
3405 2579 3592 2618 sacro-

1998 2674 2121 2713 rum
2162 2658 2590 2729 Evangeliorum
2639 2656 2870 2712 historia
2924 2656 3237 2710 luculenter
3286 2653 3533 2709 ostendit
3572 2672 3585 2706 :

1999 2751 2238 2821 indeque
2273 2749 2541 2804 discimus
2564 2747 2734 2819 quod,
2770 2747 2901 2802 dum
2934 2747 2990 2801 in
3030 2745 3259 2816 praesepi
3290 2745 3502 2816 jaceret
3534 2752 3592 2798 et

1998 2843 2183 2899 fasciis
2220 2843 2556 2915 cingeretur,
2588 2841 2747 2899 stella
2777 2856 2904 2896 eum
2946 2838 3256 2904 nuntiabat,
3287 2837 3428 2908 magi
3457 2852 3592 2892 vero

2000 2936 2338 3003 adorabant,
2388 2945 2447 2991 et
2498 2934 2678 3006 angeli
2722 2932 3054 2996 laudabant;
3115 2940 3282 3001 atque
3334 2930 3592 3001 religiose

2001 3027 2419 3084 consideramus
2471 3025 2622 3097 quod
2664 3022 2947 3093 panniculi
2995 3030 3051 3078 et
3106 3021 3319 3086 fasces,
3352 3022 3592 3091 lectique

2003 3120 2191 3192 inopia
2218 3129 2385 3190 atque
2415 3116 2722 3188 indigentia
2761 3131 2995 3179 summa,
3021 3114 3353 3169 humanitati
3387 3131 3593 3169 conve-

2002 3210 2190 3277 niant;
2233 3209 2515 3280 Magorum
2548 3222 2681 3262 vero
2719 3206 2826 3261 iter
2857 3206 3129 3275 stellaque
3165 3204 3298 3259 illud
3325 3205 3612 3276 dirigens.

1997 3308 2054 3355 et
2083 3299 2406 3369 angelorum
2453 3288 2679 3361 chorbs,
2723 3295 3071 3351 divinitatem
3119 3293 3290 3360 illius,
3336 3294 3431 3364 qui
3471 3311 3595 3350 eam

1996 3391 2328 3454 occultabat,
2356 3389 2676 3444 ostendunt.
2724 3387 2816 3443 Sic
2857 3387 2914 3442 in
2952 3386 3247 3460 Egyptum
3284 3403 3343 3441 se
3373 3387 3593 3454 recipit.

1998 3491 2055 3539 et
2096 3482 2223 3554 fuga
2249 3482 2390 3537 vitat
2418 3481 2654 3537 Herodis
2691 3480 2829 3535 iram
2852 3521 2867 3546 ,
2907 3487 3202 3550 propterea
3237 3479 3385 3549 quod
3431 3478 3598 3532 homo

1999 3583 2137 3630 erat.
2168 3575 2234 3629 Et
2262 3573 2575 3628 manufacta
2599 3572 2819 3645 Egypti
2843 3571 3093 3627 concutit
3120 3569 3264 3625 idola
3290 3569 3596 3626 secundum

1999 3665 2348 3735 prophetam,
2370 3664 2499 3734 quia
2516 3664 2665 3718 Deus
2684 3669 2823 3717 erat.
2849 3660 3304 3726 Circumciditur,
3332 3667 3397 3723 et
3416 3660 3595 3730 legen.

2002 3766 2215 3823 servat,
2256 3766 2313 3813 et
2356 3755 2762 3828 puriﬁcationis
2807 3752 3079 3810 sacrificia
3119 3752 3318 3818 offert,
3362 3752 3491 3822 quia
3532 3767 3600 3806 ex

2000 3850 2155 3906 Iesse
2214 3848 2390 3920 stirpe
2439 3849 2710 3920 originem
2763 3847 2961 3913 traxit;
3021 3855 3078 3902 et
3117 3844 3241 3916 legi.
3272 3845 3498 3915 parebat
3542 3851 3602 3897 ut

2003 3945 2191 4009 homo,
2228 3951 2284 3999 et
2314 3943 2490 4014 legem
2539 3940 2762 3997 tandem
2805 3939 2990 4007 solvit,
3029 3945 3085 3992 et
3122 3952 3329 3992 novum
3372 3934 3603 3990 tradidit

2005 4043 2434 4103 testamentum;
2480 4035 2619 4105 legis
2656 4033 2805 4089 enim
2844 4033 2990 4088 lator
3034 4035 3175 4095 erat,
3212 4030 3502 4099 ipsumque
3540 4043 3601 4081 se

2006 4131 2268 4185 daturum
2311 4144 2412 4199 per
2453 4127 2755 4197 prophetas
2794 4124 3078 4195 pollicitus
3115 4130 3256 4178 erat.
3299 4121 3343 4176 A
3391 4120 3603 4175 Joanne

2007 4219 2319 4289 baptizatus
2344 4226 2449 4282 εει,
2481 4225 2539 4271 ει
2570 4216 2677 4271 hoc
2704 4214 3109 4270 humanitatem
3144 4210 3405 4267 ostendit.
3437 4210 3603 4265 Pater

2008 4312 2078 4367 de
2101 4327 2169 4367 eo
2198 4308 2362 4365 ﬁdem
2388 4308 2541 4374 facit,
2560 4315 2617 4364 et
2638 4307 3057 4362 demonstratur
3079 4320 3112 4359 a
3135 4302 3348 4374 Spiritu
3376 4309 3598 4365 sancto;

2010 4405 2117 4459 hoc
2138 4401 2402 4473 praadicat
2437 4407 2564 4454 ante
2596 4398 2796 4454 saecula
2826 4397 3008 4468 ipsum
3039 4394 3232 4450 fuisse.
3255 4393 3421 4448 Fame
3449 4391 3603 4445 labo-

2011 4496 2175 4559 ravit,
2201 4493 2297 4550 sed
2332 4502 2389 4548 et
2419 4493 2592 4547 multa
2615 4490 2789 4546 millia
2813 4489 3059 4561 quinque
3084 4485 3321 4557 replevit
3342 4482 3599 4555 panibus.

321 4581 490 4637 πέντε
538 4583 722 4654 ἄρτων
753 4582 999 4656 ὲκόρεσε·
1038 4582 1201 4638 τοῦτο
1226 4582 1389 4647 θεῖον,
1423 4585 1598 4637 ἐκεῖνο
1627 4582 1896 4654 ἀνθρώπι-

2011 4587 2127 4643 Ηοε
2155 4587 2439 4653 divinum;
2469 4583 2607 4639 illud
2633 4584 2938 4639 humanum
2960 4587 3066 4637 est.
3092 4577 3195 4634 Siti
3229 4574 3523 4638 laboravit,
3546 4582 3605 4627 et

318 4690 433 4727 νον.
485 4672 737 4745 Ἐδίψησε
766 4673 860 4726 καὶ
881 4672 1081 4745 ᾔτησεν
1098 4673 1265 4745 ὕδωρ,
1303 4672 1441 4727 άλλά
1471 4674 1623 4745 πηγὴ
1645 4667 1714 4745 ἦν
1744 4670 1912 4742 ζωῆς·

321 4758 421 4812 καὶ
447 4757 509 4812 τὸ
543 4760 641 4830 μὲν
679 4755 747 4831 ἦν
775 4760 876 4831 τῆς
913 4759 1262 4832 ἀνθρωπίνης
1302 4761 1610 4829 ἀσθενείας,
1637 4762 1699 4816 τὸ
1728 4762 1784 4816 δὲ
1812 4762 1914 4833 τῆς

320 4849 479 4914 θείας
520 4850 823 4923 δυνάμεως.
872 4852 1271 4925 Ἐκαθεύδησεν
1310 4856 1369 4909 ὲν
1406 4854 1485 4927 τῷ
1528 4853 1729 4927 πλοίῳ,
1777 4854 1917 4910 ἀλλά

325 4943 425 4996 καὶ
451 4943 551 5012 τῆς
575 4943 845 5013 θαλάττης
867 4943 968 5013 τὴν
984 4944 1152 5015 ζάλην
1168 4945 1430 5019 ἐκοίμησε
1450 4965 1463 4978 ·
1490 4947 1648 5001 τοῦτο
1672 4947 1786 5017 (61)
1814 4947 1915 5018 τῆς

321 5033 580 5106 παθητῆς
624 5035 860 5105 φύσεως,
905 5035 1083 5089 έκεῖνο
1119 5035 1221 5105 τῆς
1259 5039 1551 5110 ποιητικῆς
1585 5038 1681 5091 καὶ
1742 5038 1908 5109 δημιο

323 5128 594 5199 ουργικῆς
637 5128 733 5182 καὶ
769 5127 869 5197 τῆς
907 5130 1016 5191 τοῖς
1051 5129 1185 5182 πᾶσι
1217 5128 1281 5181 τὸ
1312 5125 1452 5183 εἶναι
1491 5129 1907 5200 δωρησαμένης.

336 5216 634 5272 Ἐκοπίασε
665 5217 911 5289 βαδίσας,
961 5217 1098 5273 ἀλλά
1127 5221 1221 5272 καί
1240 5219 1447 5292 χωλοὺς
1469 5219 1767 5289 ἀρτίποδας
1798 5221 1914 5290 εἰρ-

324 5309 560 5377 γάσατο,
604 5309 699 5363 καὶ
720 5310 947 5380 νεκροὺς
964 5310 1030 5362 ὲκ
1062 5309 1170 5364 τῶν
1191 5310 1378 5380 τάφων
1403 5310 1668 5383 ἀνέστησε
1685 5326 1698 5339 ·
1726 5310 1822 5365 καὶ
1855 5310 1915 5364 τὸ

329 5403 436 5473 μὲν
464 5397 533 5473 ἦν
554 5402 652 5473 τῆς
683 5401 1060 5474 ύπερκοσμίου
1085 5400 1392 5474 δυνάμεως,
1422 5402 1484 5456 τὸ
1507 5403 1563 5457 δὲ
1588 5405 1688 5474 τῆς
1712 5402 1913 5473 ἡμετὲ-

333 5510 440 5565 ρας
503 5492 809 5558 ἀσθενείας.
899 5491 1193 5548 Ἐδειλίασε
1248 5494 1499 5559 θάνατον,
1567 5496 1662 5548 καὶ
1755 5493 1914 5547 ἔλυσε

406 5646 454 5679 ⁸⁸
479 5647 638 5703 Joan.
663 5664 718 5712 κ,
750 5647 835 5703 18.
912 5648 958 5681 ³⁸
980 5648 1170 5705 Matth.
1198 5666 1257 5717 ιι,
1281 5648 1374 5706 20.
1449 5651 1492 5682 ³⁷
1520 5651 1655 5706 Luc.
1689 5666 1749 5716 ιι,
1780 5651 1868 5705 5:2.

405 5800 521 5943 £59)
552 5818 871 5872 γιγνομανη,
909 5807 1001 5859 καὶ
1029 5806 1391 5881 αὐξανομένη,
1420 5806 1591 5863 Mans.

428 5873 517 5942 60)
545 5873 934 5943 ὲϐεὸλαστηκει
968 5875 1134 5933 Mans.

428 5873 517 5942 60)
545 5873 934 5946 ὲϐεὸλαστηκει
968 5875 1134 5933 Mans.

2012 4699 2212 4755 aquam
2246 4681 2429 4753 petiit,
2453 4680 2549 4736 sed
2581 4687 2702 4735 erat
2738 4677 2864 4733 fons
2888 4676 3043 4743 vitae;
3076 4673 3317 4746 primum
3350 4671 3607 4725 humanae

2013 4770 2430 4836 imbecillitatis,
2446 4770 2754 4827 secundum
2789 4782 2922 4825 vero
2948 4766 3158 4837 1301
3184 4762 3387 4819 divinae
3411 4769 3607 4831 poten-

2013 4866 2105 4921 tiae
2159 4870 2264 4920 est.
2307 4861 2578 4918 Dormivit
2619 4861 2676 4916 in
2724 4859 2887 4925 navi,
2937 4856 3035 4914 sed
3081 4864 3139 4911 et
3182 4853 3351 4909 maris
3394 4848 3610 4907 sedavit

2014 4952 2334 5023 procellam.
2369 4950 2620 5006 Alterum
2652 4948 2918 5020 patientis
2946 4955 3161 5003 natura:
3187 4952 3273 5000 est
3297 4941 3605 5014 pr0prium,

2016 5042 2253 5097 alterum
2292 5039 2545 5096 convenit
2579 5048 2791 5103 naturae
2821 5035 3105 5099 elﬁcienti,
3147 5040 3203 5090 et
3245 5030 3523 5095 creatrici,
3554 5036 3611 5083 et

2015 5112 2139 5202 ηοεε
2163 5138 2360 5186 cuncta
2394 5137 2456 5184 ut
2492 5129 2823 5184 exsisterent
2855 5126 3004 5182 fecit.
3031 5123 3382 5181 Ambulando
3410 5120 3607 5178 defati-

2010 5229 2169 5293 gatus
2203 5231 2307 5283 est,
2345 5220 2441 5275 sed
2476 5218 2704 5274 claudos
2725 5219 2890 5273 etiam
2922 5217 3159 5284 sanavit,
3185 5222 3242 5272 et
3266 5222 3516 5269 mortuos
3540 5226 3610 5266 ex

2012 5312 2280 5383 sepulcris
2302 5310 2580 5366 excitavit.
2617 5310 2736 5366 Hoc
2759 5309 3023 5380 potentia:
3054 5317 3175 5364 erat
3212 5304 3434 5367 divinae,
3471 5299 3606 5354 illud

2012 5416 2214 5461 nostra:
2247 5403 2570 5459 debilitatis.
2611 5402 2835 5457 Timore
2869 5400 3064 5457 mortis
3092 5397 3382 5470 perculsus
3411 5400 3516 5457 est,
3551 5398 3608 5446 et

2015 5505 2247 5552 mortem
2279 5494 2474 5562 solvit;
2507 5495 2743 5550 alterum
2786 5490 3036 5548 mortalis
3074 5494 3161 5543 est
3200 5485 3438 5555 signum,
3468 5481 3606 5536 alle-

2094 5800 2621 5884 (6!)MScribcndum
2677 5796 3041 5884 εινέιιιὲκεῖνο
3103 5795 3202 5866 μὲν
3243 5811 3296 5848 τ.
3362 5809 3423 5847 π.
3478 5808 3605 5861 (pus.

2024 5867 2263 5929 τοῦτοδὲ
2296 5872 2393 5943 τῆς
2419 5888 2601 5944 ποιητ.
2638 5885 2692 5922 κ.
2727 5867 2775 5923 δ.
