4072 6428
420 374 554 439 1427

1411 371 1900 431 ἹῚΙΕΟΒΟΒΕΤΙ
1940 371 2277 433 EPISCOPI
2319 374 2684 438 CYRENSIS

3565 381 3703 447 1428

417 508 539 547 rum
570 505 701 545 vero
729 487 1082 553 immortalis;
1123 485 1233 539 imo
1269 485 1393 541 vitae
1426 484 1705 555 largitoris
1737 482 2003 538 indicium

2128 487 2340 543 )ἀνατον
2366 506 2379 518 ·
2416 491 2511 544 καὶ
2539 491 2600 544 τὸ
2625 492 2724 562 μὲν
2747 491 2841 546 τοῦ
2870 491 3415 564 θνητοῦίδηλωτικδν,
3442 494 3503 548 τὸ
3523 495 3581 549 δὲ
3604 494 3702 549 τοῦ

416 592 520 639 est.
579 582 887 637 Crucilixus
917 587 1027 643 est,
1060 576 1362 641 secundum
1389 577 1611 631 beatum
1639 576 1890 639 Paulum,
1910 590 2008 645 per

420 676 887 739 imbecillitatem;
921 670 1017 726 sed
1053 670 1210 736 vivit,
1243 670 1543 727 secundum
1574 668 1832 724 eumdem
1866 668 2009 723 Pau-

418 771 555 833 lum,
600 783 699 838 per
746 765 992 821 divinam
1049 764 1372 837 potentiam.
1429 761 1845 834 Explanandum
1906 763 2014 816 erit

417 859 794 917 inbecillitatis
839 872 1043 912 nomen
1093 874 1105 910 :
1150 855 1356 911 etenim
1391 871 1502 913 non
1541 862 1603 909 ut
1640 854 2009 927 omnipotens,

419 967 530 1007 non
571 949 1050 1020 circumscriptus,
1096 947 1479 1013 immutabilis,
1538 955 1702 1017 atque
1732 945 2013 1001 vicissitu-

418 1043 642 1098 dinibus
689 1042 918 1096 minime
967 1040 1260 1107 obnoxius,
1302 1040 1493 1097 aﬂixus
1544 1047 1629 1095 est
1683 1039 1867 1104 cruci,
1917 1038 2013 1094 sed

419 1143 654 1198 natura,
703 1133 793 1188 cui
834 1134 981 1189 Deus
1022 1133 1190 1188 vitam
1244 1132 1369 1197 dat,
1422 1131 1725 1187 secundum
1767 1130 2013 1202 Apostoli

421 1227 754 1291 doctrinam,
783 1233 1004 1281 mortua
1041 1236 1125 1280 est
1159 1233 1215 1279 et
1253 1225 1501 1294 sepulta;
1534 1240 1769 1293 quorum
1805 1230 2016 1278 utrum-

420 1335 529 1388 que
568 1319 636 1374 ad
692 1319 947 1373 servilem
1004 1317 1244 1388 pertinet
1286 1316 1541 1370 formam.
1590 1315 1793 1371 Januas
1835 1329 2016 1369 teneas

422 1411 607 1481 t'rcgit,
649 1417 708 1464 et
752 1418 936 1465 vectes
983 1409 1196 1465 ferreos
1237 1408 1475 1481 disjecit,
1522 1409 1717 1463 mortis
1762 1406 2017 1462 dissolvit

423 1500 759 1569 potentiam,
816 1509 873 1556 et
920 1507 1048 1569 post
1096 1498 1342 1553 triduum
1392 1498 1705 1568 proximum
1758 1496 2018 1551 excitavit

426 1593 715 1663 templum.
744 1590 872 1648 Haec
894 1591 1098 1648 indicia
1122 1598 1249 1646 sunt
1274 1590 1461 1646 formae
1486 1590 1687 1646 divinae
1711 1590 1865 1662 juxta
1893 1604 2018 1643 ver-

426 1676 555 1738 bum
584 1683 802 1738 Domini
838 1701 851 1737 :
891 1701 910 1735 ι
947 1682 1156 1739 Solvite
1187 1684 1457 1755 templum
1497 1681 1624 1747 hoc,
1655 1682 1796 1737 etin
1837 1682 2016 1735 tribus

426 1776 624 1831 diebus
653 1774 907 1832 excitabo
941 1774 1074 1831 illud
1095 1776 1159 1831 ³⁸.
1187 1796 1205 1828 ι
1231 1775 1323 1831 Sic
1352 1775 1406 1829 in
1437 1791 1548 1830 uno
1569 1775 1689 1846 ipso
1707 1773 1927 1830 Christo
1946 1773 2015 1828 ab

428 1871 537 1924 illis
563 1886 686 1940 qua:
720 1886 915 1942 passus
947 1879 1030 1924 cst
1065 1869 1503 1941 contemplamur
1534 1867 1952 1932 humanitatem,
1985 1882 2017 1923 a

428 1964 713 2021 miraculis
736 1980 869 2019 vero
893 1964 1013 2035 ejus
1035 1962 1381 2017 divinitatem
1405 1960 1764 2031 intelligimus
1794 1977 1806 2013 :
1838 1975 2017 2029 neque

428 2055 482 2108 in
511 2053 651 2109 duos
675 2053 926 2110 Cbristos
946 2053 1084 2109 duas
1106 2063 1332 2108 naturas
1358 2051 1678 2115 dividimus,
1703 2057 1759 2104 et
1790 2050 2015 2115 scimus,

428 2145 577 2216 quod
627 2162 695 2201 ex
729 2147 890 2201 Patre
935 2152 1128 2200 natum
1160 2152 1245 2199 est
1280 2144 1518 2198 Verbum
1559 2142 1828 2207 divinum,
1857 2148 1913 2196 et
1951 2156 2021 2196 ex

428 2238 640 2293 semine
678 2236 902 2291 Davidis
944 2246 1000 2290 et
1045 2234 1343 2290 Abrahami
1390 2232 1788 2305 primogenitus
1832 2242 2019 2289 noster

434 2328 646 2401 1302
676 2337 863 2383 ortum
907 2327 1123 2383 habuit.
1164 2325 1433 2393 Quocirca
1477 2335 1534 2380 et
1580 2325 1776 2380 beatus
1821 2324 2021 2381 Paulus

431 2422 500 2475 de
528 2418 844 2477 Ab’rahamo
874 2420 1042 2475 verba
1070 2420 1279 2475 faciens
1308 2419 1385 2474 ait
1409 2437 1421 2472 :
1456 2438 1473 2469 ‹
1505 2419 1833 2490 Neutiquam
1860 2417 2017 2483 dixit,

430 2523 487 2567 et
513 2512 819 2568 seminibus
848 2512 977 2577 tuis,
1017 2520 1276 2582 tanquam
1316 2510 1384 2565 de
1421 2510 1630 2574 multis,
1675 2509 1769 2564 sed
1808 2508 1877 2564 de
1909 2524 2021 2565 uno

432 2613 682 2671 tantum;
717 2612 773 2660 et
803 2603 1003 2659 semini
1033 2611 1126 2659 tuo
1155 2621 1167 2658 ;
1203 2602 1353 2674 quod
1385 2601 1640 2660 Christus
1670 2610 1755 2656 est
1781 2601 1844 2655 ³⁸.
1884 2620 1902 2653 ›
1939 2601 2022 2656 Ad

326 2694 345 2703 '
433 2695 784 2750 Timotheum
837 2696 1043 2751 etenim
1104 2694 1355 2752 scribens
1387 2714 1399 2749 :
1441 2713 1459 2747 ι
1495 2695 1704 2750 Memor
1741 2702 1883 2761 esto,
1923 2693 2020 2759 ait,

430 2781 619 2836 Jesum
661 2781 945 2861 Christum
984 2783 1354 2840 resurrexisse
1390 2800 1422 2839 a
1452 2783 1688 2838 mortuis
1711 2799 1778 2838 ex
1814 2782 2023 2839 semine

433 2872 678 2939 Davidis,
720 2874 1026 2929 secundum
1066 2876 1425 2947 Evangelium
1471 2891 1657 2930 meum
1686 2875 1753 2929 ⁸ο.
1785 2895 1802 2927 ι
1855 2876 1925 2932 Et
1954 2875 2023 2931 ad

434 2960 717 3017 Romanos
763 2964 975 3035 pariter
1020 2963 1269 3019 scribens
1310 2982 1323 3018 :
1380 2982 1398 3015 ι
1429 2963 1505 3019 De
1538 2962 1677 3017 Filio
1730 2963 1878 3033 ejus,
1924 2962 2021 3026 ait,

437 3056 534 3125 qui
567 3056 746 3111 factus
782 3064 868 3111 est
901 3073 972 3112 ex
1002 3057 1211 3113 semine
1248 3057 1470 3112 Davidis
1495 3098 1509 3123 ,
1544 3056 1846 3113 secundum
1904 3070 2026 3110 car-

437 3164 566 3201 nem
592 3147 657 3201 ⁶¹.
689 3167 708 3201 ι
745 3147 823 3205 Ae
870 3148 1070 3205 iterum
1098 3167 1112 3204 :
1158 3168 1176 3201 ι
1210 3149 1458 3218 Quorum
1484 3157 1689 3221 patres,
1719 3157 1775 3203 et
1798 3163 1866 3203 ex
1902 3147 2024 3218 qui-

438 3240 543 3295 bus
582 3250 668 3297 est
713 3240 968 3298 Christus
1008 3242 1315 3299 secundum
1355 3258 1576 3298 carnem
1604 3242 1670 3296 δ’.
1704 3260 1722 3293 ι
1758 3241 1827 3297 Et
1853 3256 2022 3296 evan—

438 3332 634 3404 gelista
669 3350 683 3386 :
718 3351 736 3383 ι
768 3333 934 3389 Liber
958 3335 1330 3407 generationis
1368 3334 1497 3391 Jesu
1532 3334 1760 3401 Christi,
1794 3333 1892 3388 lilii
1919 3333 2025 3387 Da-

438 3424 568 3490 vid,
617 3424 715 3479 tilii
757 3424 1035 3480 Abraham
1060 3425 1127 3480 ⁸³.
1163 3444 1182 3477 ι
1232 3425 1433 3482 Beatus
1469 3439 1690 3496 quoque
1731 3424 1927 3479 Petrus
1970 3422 2027 3476 in

440 3516 634 3573 Actis:
674 3536 692 3567 ι
729 3516 1024 3589 Propheta,
1058 3516 1167 3583 ait,
1207 3532 1334 3572 cum
1371 3525 1518 3572 esset
1539 3515 1742 3581 David,
1773 3523 1830 3570 et
1861 3514 2030 3571 sciret

437 3603 589 3678 quod
608 3608 970 3680 jurejurando
997 3611 1238 3681 jurassct
1267 3606 1344 3662 illi
1374 3607 1521 3664 Deus
1542 3606 1609 3662 de
1640 3605 1822 3661 fructu
1853 3605 2029 3660 lumbi

441 3701 563 3772 ejus
587 3701 829 3756 excitare
857 3699 1160 3766 Christum,
1181 3708 1238 3754 et
1263 3699 1454 3755 sedere
1476 3714 1642 3770 super
1660 3697 1847 3754 sedem
1871 3698 2026 3770 ejus:

443 3791 745 3862 providens
778 3791 994 3847 locutus
1018 3798 1103 3846 est
1126 3791 1198 3846 ’de
1232 3790 1641 3846 resurrectione
1664 3789 1865 3861 ejus“.
1903 3807 1920 3840 ι
1962 3788 2032 3842 Et

442 3883 591 3937 Deus
637 3882 753 3954 ipse
800 3883 939 3937 dixit
978 3883 1291 3938 Abrahamo
1325 3900 1338 3935 :
1387 3901 1405 3935 ι
1439 3882 1508 3936 Et
1544 3881 1945 3937 benedicentur
1974 3880 2032 3934 in

446 3971 657 4027 semine
687 3980 783 4027 tuo
820 3988 1013 4029 omnes
1038 3984 1229 4044 gentes
1266 3981 1428 4029 terra:
1444 3972 1512 4026 ”.
1547 3993 1566 4025 ι
1606 3973 1774 4027 Isaias
1803 3980 1985 4025 autem
2014 3986 2028 4024 :

454 4084 473 4115 ι
510 4062 838 4135 Egredictur
858 4064 1009 4136 virga
1049 4066 1117 4120 de
1153 4065 1337 4120 radice
1369 4065 1557 4129 Jesse,
1602 4072 1660 4119 et
1700 4063 1800 4118 llos
1837 4062 1905 4117 de
1941 4078 2032 4118 ra-

447 4153 569 4209 dice
593 4154 714 4225 ejus
735 4156 1013 4212 ascendet.
1040 4154 1109 4212 Et
1131 4156 1441 4226 requiescet
1461 4171 1628 4228 super
1653 4169 1781 4210 cum
1808 4154 2034 4225 Spiritus

448 4245 730 4315 sapientiae
765 4255 822 4301 et
855 4245 1189 4314 intellectus,
1218 4248 1444 4318 spiritus
1477 4247 1692 4303 consilii
1728 4254 1785 4300 et
1812 4245 2033 4301 fortitu-

446 4338 616 4405 dinis,
654 4339 882 4411 spiritus
914 4340 1158 4396 scientia:
1190 4350 1247 4396 et
1277 4340 1517 4412 pietatis,
1553 4350 1611 4395 et
1646 4340 1879 4412 rcplebit
1907 4354 2035 4394 eum

449 4431 680 4501 spiritus
719 4432 931 4487 timoris
975 4432 1073 4488 Dei
1099 4431 1167 4487 ιθ.
1196 4452 1226 4483 ιο
1266 4432 1335 4487 Et
1362 4433 1527 4504 paulo
1556 4441 1711 4502 post:
1756 4451 1774 4484 ‹
1809 4431 1877 4486 Et
1905 4431 2033 4495 erit,

2118 580 2407 647 ἀθανάτου,
2440 584 2638 653 μᾶλλον
2664 584 2722 637 δὲ
2753 583 3020 651 ζωοποιοῦ
3046 587 3310 657 τυγχάνει
3339 588 3698 658 σημαντικόν.

2133 675 2503 746 Ἑσταυρώθη,
2547 679 2691 731 κατὰ
2729 677 2821 731 τὸν
2852 680 3121 751 μακάριον
3159 681 3393 746 Παῦλον,
3436 679 3497 745 ἐξ
3542 680 3705 735 ἀσθε-

2115 763 2263 830 νείας
2285 784 2297 795 ·
2326 765 2464 820 ἀλλὰ
2492 766 2559 838 ζῇ
2595 769 2658 821 ὲκ
2701 768 2983 841 δυνάμεως
3022 769 3190 838 Θεοῦ,
3218 770 3363 829 κατὰ
3392 770 3486 825 τὸν
3512 771 3701 826 αὐτόν.

2120 857 2195 913 Τὸ
2217 858 2317 926 τῆς
2345 857 2668 927 ἀσθενείας
2689 862 2859 934 ὄνομα
2887 862 3188 917 διδασκέτω
3217 862 3316 933 οὐχ
3342 862 3417 926 ὡς
3446 863 3474 915 6
3504 879 3705 915 παντο-

2116 948 2377 1021 δύναμςς,
2410 951 2504 1005 καὶ
2542 951 2945 1025 ἀπερίγραφός,
2977 951 3072 1005 καὶ
3106 950 3376 1022 ἄτρεπτος
3403 951 3499 1004 καὶ
3538 949 3703 1003 ἀναλ-

2118 1040 2343 1107 λοίωτος
2372 1041 2724 1115 προσηλώθη,
2760 1042 2875 1096 ἀλλ’
2908 1044 2942 1110 ἡ
2974 1043 3041 1094 ἐκ
3068 1041 3352 1112 δυνάμεως
3389 1041 3526 1094 Θεοῦ
3559 1040 3699 1104 ζωο-

2118 1133 2406 1205 ποιηθεῖσα
2431 1136 2613 1203 φύσις,
2641 1134 2785 1187 κατὰ
2814 1134 2913 1204 τὴν
2947 1131 3039 1187 τοῦ
3087 1132 3413 1186 Ἀποστόλου
3450 1131 3705 1184 διδασκα⁹

2117 1227 2258 1289 λίαν,
2295 1227 2537 1280 ἀπέθανε
2568 1228 2662 1280 καὶ
2692 1227 2866 1298 ἐτάφη
2892 1244 2905 1258 ο
2941 1225 3228 1297 ἀμφότερα
3254 1225 3355 1294 τῆς
3385 1223 3477 1277 τοῦ
3512 1223 3704 1276 δούλου
3734 1288 3744 1296 ο

2121 1318 2359 1389 μορφῆς.
2396 1318 2581 1383 Πύλας
2626 1319 2833 1388 χαλκᾶς
2879 1318 3169 1390 συνέτριψε
3217 1316 3314 1370 καὶ
3355 1314 3589 1386 μοχλοὺς
3623 1332 3706 1367 σι-

2116 1408 2320 1480 δηροῦς
2355 1409 2466 1480 (62)
2497 1408 2812 1472 συνέθλασε,
2845 1408 2940 1463 καὶ
2974 1406 3240 1462 κατέλυσε
3267 1405 3361 1460 τοῦ
3385 1406 3619 1461 θανάτου
3644 1405 3707 1458 τὸ

2118 1500 2342 1569 κράτος,
2376 1501 2473 1554 καὶ
2518 1501 2575 1553 ὲν
2607 1500 2785 1572 τρισὶν
2816 1500 3056 1571 ἡμέραις
3080 1499 3345 1570 ἀνέστησε
3387 1499 3479 1552 τὸν
3504 1500 3707 1551 οἰκεῖον

2117 1594 2243 1647 ναόν
2266 1611 2279 1625 ⁸
2310 1595 2484 1650 ταῦτα
2522 1594 2622 1665 τῆς
2660 1593 2754 1647 τοῦ
2791 1593 2930 1648 Θεοῦ
2967 1595 3179 1664 μορφῆς
3215 1592 3284 1646 τά
3312 1591 3703 1663 γνωρίσματα,

2118 1689 2263 1743 κατὰ
2309 1689 2408 1760 τὴν
2440 1687 2537 1743 τοῦ
2580 1686 2787 1757 Κυρίου
2819 1687 3005 1756 φωνήν
3030 1702 3042 1713 ⁸
3102 1702 3121 1736 ι
3171 1682 3386 1738 Λύσατε
3427 1683 3520 1737 τὸν
3573 1682 3703 1736 ναὸν

2119 1785 2332 1852 τοῦτον,
2362 1786 2458 1839 καὶ
2483 1786 2541 1837 ὲν
2568 1782 2747 1855 τρισὶν
2771 1782 3006 1853 ἡμέραις
3039 1778 3217 1851 ἐγερῶ
3245 1779 3430 1833 αὐτόν.
3466 1796 3485 1830 ι
3515 1776 3707 1840 Οὕτως

2118 1881 2176 1932 ὲν
2202 1877 2280 1948 τῷ
2306 1877 2387 1931 ὲνὶ
2409 1875 2634 1947 Χριστῷ
2664 1875 2753 1930 διὰ
2782 1874 2882 1945 μὲν
2911 1872 3019 1925 τῶν
3043 1870 3230 1924 παθῶν
3260 1869 3578 1941 θεωροῦμεν
3604 1868 3705 1939 τὴν

2119 1969 2540 2042 ἀνθρωπότητα,
2585 1965 2676 2021 διὰ
2705 1966 2763 2020 δὲ
2791 1966 2902 2019 τῶν
2938 1963 3233 2033 θαυμάτων
3277 1962 3507 2031 νοοῦμεν
3535 1960 3705 2015 αὑτοῦ

2118 2062 2218 2134 τὴν
2268 2060 2521 2133 θεότητα.
2575 2059 2650 2112 Οὐ
2704 2057 2814 2128 γὰρ
2861 2058 2938 2120 εἰς
2994 2055 3090 2109 δύο
3134 2054 3408 2126 Χριστοὺς
3459 2052 3560 2114 τὰς
3612 2051 3710 2105 δύο

2121 2153 2312 2222 φύσεις
2341 2150 2658 2224 μερίζομεν.
2683 2149 2795 2202 Kal
2826 2148 3007 2218 ἴσμεν,
3042 2148 3123 2201 ὅτι
3157 2145 3259 2216 μὲν
3282 2146 3345 2199 ὲκ
3372 2143 3466 2197 τοῦ
3490 2142 3709 2214 Πατρὸς

2119 2248 2149 2299 6
2177 2245 2309 2308 Θεὸς
2339 2244 2511 2312 Λόγος
2537 2240 2825 2313 ἐγεννήθη,
2857 2240 2953 2293 καὶ
2981 2240 3047 2293 ὲκ
3077 2236 3394 2308 σπέρματος
3443 2234 3704 2305 ’Δὸραὰμ

2121 2337 2217 2391 καὶ
2257 2334 2421 2389 Δαϐὶδ
2465 2336 2499 2405 ἡ
2536 2332 2781 2406 ἡμετέρα
2805 2331 3029 2402 ἀπαρχὴ
3069 2326 3446 2401 προσελήφθη.
3488 2326 3579 2379 Διὸ
3610 2324 3706 2379 καὶ

2120 2430 2149 2481 6
2184 2426 2451 2499 μακάριος
2484 2424 2694 2488 ιῐαῦλός
2735 2440 2889 2493 φησι,
2933 2420 3062 2493 περὶ
3094 2419 3187 2474 τοῦ
3233 2416 3486 2490 ’Δὸραάμ
3523 2415 3706 2470 διαλε-

2121 2519 2354 2590 γόμενος
2378 2536 2391 2549 ο
2452 2536 2470 2571 ι
2499 2518 2614 2571 Οὐκ
2654 2511 2809 2580 εἷπε,
2841 2514 2952 2569 Kal
2994 2514 3107 2577 τοῖς
3157 2510 3435 2582 σπέρμασι
3472 2524 3589 2570 σου,
3627 2507 3706 2567 ὡς

2123 2612 2216 2665 ἐπὶ
2246 2609 2480 2675 πολλῶν,
2503 2608 2616 2663 ἀλλ’
2641 2607 2717 2673 ὡς
2743 2609 2829 2675 ἐφ’
2867 2608 3006 2671 ἐνὸς,
3035 2604 3145 2660 Kal
3174 2603 3252 2675 τῷ
3278 2599 3555 2674 σπέρματὶ
3586 2616 3706 2663 σου,

2124 2704 2184 2772 ὃς
2223 2705 2340 2757 ἐστι
2370 2700 2625 2773 Χριστός.
2662 2718 2680 2751 ι
2711 2698 2823 2753 Kal
2843 2696 3093 2768 Τιμοθέῳ
3122 2694 3179 2749 δὲ
3202 2694 3431 2767 γράφων
3453 2734 3470 2758 ,
3505 2711 3523 2745 ι
3553 2693 3708 2759 Μνη-

2129 2797 2343 2868 μόνευε,
2382 2793 2570 2865 φησὶν,
2617 2789 2825 2862 Ἰησοῦν
2857 2788 3092 2861 Χριστὸν
3122 2785 3493 2856 ἐγηγερμένον
3527 2784 3589 2835 ὲκ
3615 2797 3707 2832 νε-

2125 2889 2276 2963 κρῶν
2301 2890 2366 2942 ὲκ
2395 2886 2710 2959 σπέρματος
2736 2882 2922 2948 Δαὸὶδ,
2944 2879 3084 2936 κατά
3106 2879 3166 2933 τδ
3192 2875 3519 2945 Εὐαγγέλιόν
3545 2890 3665 2945 μου.
3685 2891 3705 2925 ι

2125 2981 2238 3034 Kal
2272 2979 2563 3049 Ῥωμαίοις
2588 2973 2919 3030 ἐπιστέλλων
2946 2989 2961 3003 ⁸
3001 2990 3018 3025 ι
3050 2970 3187 3043 Περὶ
3223 2968 3316 3023 τοῦ
3347 2966 3477 3020 Υἱοῦ
3519 2963 3710 3027 αὑτοῦ,

2129 3071 2285 3143 φησὶ,
2346 3067 2441 3122 τοῦ
2488 3066 2783 3139 γενομένου
2841 3065 2907 3119 ἐκ
2963 3063 3283 3134 σπέρματος
3337 3058 3503 3113 Δαὸὶδ
3565 3054 3713 3143 κατᾶ

2132 3141 2312 3235 σάρκα
2331 3161 2463 3233 (6'5).
2490 3179 2509 3215 ο
2533 3158 2643 3214 Kal
2670 3157 2851 3212 πάλιν
2886 3176 2905 3209 ι
2930 3149 3033 3209 Ὧν
3056 3156 3107 3208 οἱ
3137 3153 3374 3223 πατέρες
3423 3152 3516 3205 καὶ
3543 3147 3602 3216 ἐξ
3634 3141 3715 3201 ὧν

2128 3254 2157 3306 6
2198 3250 2435 3324 Χριστὸς
2469 3250 2529 3304 τὸ
2569 3246 2712 3303 κατά
2752 3246 2953 3319 σάρκα.
2989 3264 3008 3296 ι
3046 3243 3156 3298 Kal
3198 3244 3226 3296 6
3266 3238 3661 3309 εὐαγγελιστής
3697 3253 3713 3267 ·

2136 3357 2154 3389 ι
2188 3336 2382 3400 Βίϐλος
2409 3336 2677 3405 γενέσεως
2719 3333 2895 3401 Ἰησοῦ
2924 3330 3186 3404 Χριστοῦ,
3216 3328 3334 3384 υἱοῦ
3365 3327 3559 3392 Δαῦὶδ,
3591 3326 3715 3380 υἱοῦ

2143 3429 2418 3502 Ἀϐραάμ.
2449 3447 2468 3481 ι
2503 3429 2611 3482 Kal
2636 3430 2664 3481 6
2690 3426 2959 3497 μακάριος
2987 3424 3191 3495 Πέτρος
3213 3425 3271 3475 ὲν
3292 3424 3413 3485 ταῖς
3433 3420 3674 3490 Πράξεσι
3700 3460 3719 3485 ,

2137 3542 2155 3576 ι
2188 3524 2505 3595 Προφήτης,
2553 3521 2739 3592 φησὶν,
2797 3521 3059 3589 ὑπάρχων
3105 3520 3133 3572 6
3183 3516 3367 3579 Aa6l6,
3421 3515 3516 3567 καὶ
3559 3511 3720 3576 εἰδὼς

2130 3615 2213 3669 ὅτι
2241 3616 2390 3686 ὅρκῳ
2422 3612 2637 3683 ὤμοσεν
2664 3610 2813 3679 αύτῷ
2843 3613 2871 3664 6
2898 3611 3029 3672 Θεὸς
3054 3611 3118 3661 ὲκ
3151 3606 3365 3679 καρποῦ
3392 3607 3491 3675 τῆς
3513 3603 3720 3672 ὀσφύος

2132 3694 2298 3760 αὐτοῦ
2332 3706 2661 3775 ἀναστήσειν
2710 3703 2801 3757 τὸν
2830 3702 3065 3773 Χριστὸν
3112 3700 3207 3756 καὶ
3241 3698 3464 3751 καθίσαι
3500 3696 3593 3750 ἐπὶ
3622 3693 3718 3748 τοῦ

2133 3798 2328 3871 θρόνου
2360 3795 2525 3852 αὑτοῦ
2548 3813 2564 3828 ο
2601 3794 2865 3865 προειδὼς
2903 3793 3134 3863 ἐλάλησε
3185 3790 3314 3862 περὶ
3355 3792 3453 3860 τῆς
3479 3788 3723 3842 ἀναστά-

2135 3910 2274 3956 σεως
2301 3889 2489 3945 αὐτοῦ.
2529 3908 2547 3941 ι
2585 3888 2694 3943 Kal
2734 3888 2763 3941 6
2788 3887 2919 3949 Θεὸς
2946 3885 3023 3955 τῷ
3060 3883 3312 3955 Ἀϐραάμ
3350 3898 3518 3952 φησι’
3561 3899 3580 3931 ‹
3628 3880 3723 3932 Ἐν

2133 3980 2211 4052 τῷ
2243 3980 2522 4054 σπέρματί
2571 3997 2663 4034 σου
2711 3977 3228 4048 ὲνευλογηθήσονται
3265 3974 3446 4028 πάντα
3485 3971 3554 4025 τὰ
3584 3970 3719 4040 ἔθνη

2133 4076 2233 4147 τῆς
2262 4075 2385 4146 γῆς.
2436 4094 2454 4126 ι
2486 4073 2596 4127 Kal
2625 4073 2655 4126 6
2696 4072 2924 4135 Ἡσαΐας
2956 4069 3012 4123 δέ
3048 4087 3059 4099 ’
3112 4087 3130 4119 ι
3200 4066 3569 4132 Ἐξελεύσεται
3623 4064 3727 4132 ῥά-

2135 4165 2262 4229 δδος
2290 4167 2353 4218 ὲκ
2403 4163 2502 4233 τῆς
2552 4161 2708 4235 ῥίζης
2750 4158 2968 4223 Ἰεσσαὶ,
3010 4158 3105 4211 καὶ
3147 4155 3304 4219 ἄνθος
3338 4156 3402 4207 ὲκ
3437 4154 3535 4222 τῆς
3564 4151 3724 4222 ῥίζης

2138 4254 2493 4326 ἀναϐήσεται,
2538 4253 2631 4305 καὶ
2675 4249 3126 4304 ἐπαναπαύσεται
3172 4247 3260 4299 ἐπ’
3294 4245 3457 4299 αὐτὸν
3499 4242 3722 4312 πνεῦμα

2140 4346 2330 4416 σοφίας
2378 4345 2472 4399 καὶ
2510 4342 2779 4407 συνέσεως
2809 4380 2824 4406 ,
2867 4340 3089 4410 πνεῦμα
3125 4337 3319 4409 βουλῆς
3365 4337 3462 4390 καὶ
3510 4334 3719 4405 ἰσχύος,

2139 4437 2357 4508 πνεῦμα
2382 4436 2636 4507 γνώσεως
2666 4434 2761 4487 καὶ
2793 4430 3099 4494 εὐσεϐείας,
3131 4428 3351 4499 πνεῦμα
3385 4425 3551 4495 φόϐου
3581 4423 3723 4476 Θεοῦ

450 4523 547 4588 ait,
579 4522 732 4578 radix
767 4524 941 4589 Jesse,
976 4531 1033 4580 et
1058 4523 1149 4595 qui
1192 4530 1299 4579 stat
1338 4523 1391 4577 in
1432 4524 1646 4593 signum
1679 4522 2023 4593 populorum,

2139 4532 2410 4604 ἐμπλήσει
2446 4529 2629 4583 αὐτόν.
2676 4546 2695 4579 ι
2764 4528 2875 4579 Kal
2934 4523 3053 4596 μετ’
3092 4522 3281 4594 ὀλίγα,
3330 4539 3347 4572 ι
3386 4521 3495 4573 Kal
3541 4518 3721 4580 ἔσται,

451 4613 629 4683 ipsum
658 4622 848 4683 gentes
870 4614 1339 4683 deprecabuntur,
1370 4621 1426 4668 et
1447 4614 1555 4667 erit
1578 4613 1891 4682 sepulcrum
1921 4612 2023 4683 ejus

2138 4624 2324 4694 φησὶν,
2360 4624 2394 4692 ὴ
2435 4620 2561 4692 ῥίζα
2586 4619 2679 4673 τοῦ
2724 4618 2922 4673 Ἰεσσαὶ
2954 4617 3047 4670 καὶ
3076 4618 3104 4669 6
3132 4613 3497 4683 ἀνιστάμενος
3529 4610 3722 4679 ἄρχειν

451 4703 753 4776 gloriosum
772 4703 838 4759 ⁵⁷.
864 4723 882 4757 ι

523 4888 815 4945 Manifesta
845 4888 1013 4960 igitur
1044 4905 1113 4945 ex
1144 4868 1256 4961 jam
1296 4888 1459 4944 dictis
1504 4899 1731 4961 apparet
1757 4890 2039 4945 Christum

452 4981 755 5036 secundum
785 4996 1009 5036 carnem
1033 4981 1331 5037 Abrahami
1360 4991 1416 5037 et
1446 4982 1666 5038 Davidis
1694 4983 1866 5038 tilium
1893 4999 2037 5049 esse,

452 5084 511 5128 et
543 5072 822 5143 propriam
854 5072 1073 5128 illorum
1106 5072 1367 5129 habuisse
1406 5085 1678 5130 naturam.
1711 5076 1920 5149 1303
1952 5076 2041 5131 Fi-

455 5165 565 5220 tizts
596 5178 728 5218 vero
752 5173 1011 5230 aeternus,
1047 5174 1104 5219 et
1127 5164 1367 5219 Verbum
1397 5165 1492 5220 Dci
1518 5175 1603 5221 est
1622 5167 1924 5222 secundum
1950 5166 2038 5222 di-

454 5257 777 5322 vinitatem,
820 5255 1089 5311 inell‘abili
1139 5256 1336 5322 modo,
1383 5266 1440 5313 et
1490 5273 1654 5329 supra
1698 5260 2037 5316 intellectum

456 5351 758 5404 humanum
790 5366 857 5405 ex
891 5346 1050 5405 Patre
1088 5358 1279 5412 natus;
1315 5361 1623 5406 comternus
1658 5361 1717 5407 ut
1753 5353 2035 5424 splendor,

455 5452 512 5496 et
540 5438 731 5513 ﬁgura,
756 5451 813 5499 et
835 5440 1077 5498 Verbum
1103 5442 1224 5513 ejus
1249 5442 1537 5499 exsistcns.
1567 5443 2036 5512 Quemadmodum

531 5600 576 5635 ³⁸
597 5601 756 5657 Joan.
788 5619 847 5666 ιι,
874 5602 958 5657 19.
1002 5603 1045 5635 ³⁹
1076 5603 1251 5659 Galat.
1283 5621 1361 5661 ιιι.
1396 5604 1481 5659 16.
1522 5603 1568 5635 ⁸ο
1593 5604 1637 5657 Il
1674 5604 1915 5660 Timoth.
1941 5623 2001 5668 ιι,

553 5674 639 5726 50.
702 5673 747 5704 ⁴⁵
777 5674 975 5728 Cenes.
1006 5690 1138 5730 χχιι.
1170 5676 1251 5728 18.
1324 5676 1366 5705 ³⁸
1395 5677 1494 5728 lsa.
1524 5690 1593 5730 xi.
1631 5675 1736 5727 1-5.
1811 5677 1852 5705 ⁸⁷
1888 5678 2019 5730 ιιιιιι.

2128 5607 2164 5639 ⁵¹
2194 5611 2351 5664 Rom.
2384 5625 2421 5673 ι,
2446 5609 2499 5663 5.

461 5686 521 5733 ιι,
553 5674 639 5726 50.
702 5673 747 5704 ’⁵⁵
777 5674 975 5728 Genes.
1006 5690 1138 5743 xx",
1170 5676 1251 5728 l8.
1324 5676 1366 5705 ³⁸
1395 5677 1494 5728 lsa.
1524 5690 1593 5737 x1,
1631 5675 1736 5727 1-5.

542 5804 649 5873 (δέ)
685 5807 782 5858 σιῦ.
809 5809 958 5863 abest
992 5826 1021 5863 a
1047 5810 1218 5865 Mans.

2138 4713 2308 4767 ἐθνῶν
2333 4730 2347 4743 ο
2389 4715 2475 4765 ἐπ’
2502 4710 2651 4779 αύτῷ
2688 4710 2818 4779 ἔθνη
2864 4705 3110 4762 ὲλπιοῦσι
3147 4723 3160 4737 ⁸
3192 4705 3288 4761 καὶ
3328 4703 3480 4757 ἔσται.
3522 4704 3556 4772 ἡ
3591 4702 3725 4756 ἀνά-

2139 4822 2339 4869 παυσις
2383 4804 2549 4859 αὐτοῦ
2578 4805 2730 4876 τιμή.
2766 4822 2785 4854 ι

2212 4896 2385 4967 Δῆλον
2420 4897 2600 4950 τοίνυν
2651 4896 2715 4948 ἐκ
2756 4893 2864 4947 τῶν
2898 4891 3222 4963 εἰρημένων,
3249 4889 3322 4952 ὡς
3352 4888 3414 4941 τὸ
3443 4886 3542 4957 μὲν
3580 4884 3730 4938 κατά

2148 4989 2327 5061 σάρκα
2360 4991 2388 5042 ὁ
2436 4988 2671 5059 Χριστὸς
2708 4985 2799 5040 τοῦ
2864 4985 3117 5055 Ἀϐραὰμ
3153 4987 3247 5036 καὶ
3284 4980 3449 5034 Δαϐὶδ
3478 4979 3730 5048 ὑπῆρχεν

2146 5081 2434 5149 ἀπόγονος,
2484 5078 2579 5132 καὶ
2623 5077 2723 5149 τὴν
2773 5077 2943 5147 αὐτὴν
2976 5076 3159 5137 αὐτοῖς
3196 5070 3506 5144 περιέκειτο
3537 5067 3726 5136 φύσιν,

2146 5172 2286 5226 κατὰ
2317 5171 2374 5225 δὲ
2396 5170 2494 5242 τὴν
2526 5170 2755 5241 θεότητα
2781 5168 2873 5223 τοῦ
2905 5167 3039 5221 Θεοῦ
3068 5162 3392 5237 προαιώνιός
3419 5163 3567 5214 ἐστιν
3596 5159 3730 5222 Υἱὸς

2146 5264 2241 5318 xal
2275 5263 2469 5331 Λόγος,
2498 5261 2793 5331 ἀφράστως
2815 5276 2875 5312 τε
2908 5259 3003 5326 καὶ.
3041 5257 3184 5328 ὑπὲρ
3212 5254 3497 5328 ἄνθρωπον
3532 5251 3597 5305 ὲκ
3630 5247 3731 5303 τοῦ

2146 5359 2360 5427 Πατρὸς
2384 5354 2687 5426 γεννηθεὶς,
2720 5354 2815 5406 καὶ
2838 5351 3108 5413 ωναῖδιος
3138 5348 3401 5419 ὑπάρχων
3429 5345 3506 5407 ὡς
3544 5340 3729 5398 ἀπαύ-

2146 5466 2333 5521 γασμα
2361 5449 2456 5503 καὶ
2484 5445 2770 5519 χαρακτὴρ
2806 5445 2900 5500 καὶ
2925 5444 3117 5513 Λόγος.
3154 5442 3243 5505 '0;
3265 5441 3377 5510 γὰρ
3402 5438 3558 5506 λόγος
3588 5433 3732 5508 πρὸς

2574 5607 2618 5639 δ’
2648 5610 2803 5665 Rom.
2825 5624 2900 5672 ιιι,
2935 5607 2986 5663 5.
3039 5605 3083 5639 ’⁸³
3108 5603 3300 5660 Matth.
3327 5617 3367 5667 ι,
3395 5603 3447 5657 1.
3527 5600 3575 5634 ⁸⁸
3600 5599 3732 5655 Act.

2218 5810 2327 5885 (θῦ)
2358 5811 2415 5863 τό
2444 5829 2495 5863 κ.
2534 5827 2581 5864 σ.
2610 5810 2780 5864 Mans.
