4072 6420
252 366 405 433 1429

1637 365 2002 425 EPISTULA
2039 366 2175 427 CLI.

3332 308 3361 333 κ
3418 353 3555 421 nec

250 475 391 529 νοῦν
426 474 519 528 καὶ
555 472 903 546 ἀπαύγασμα
937 474 1074 547 πρὸς
1100 474 1160 527 τὸ
1200 474 1313 543 φῶς
1355 469 1677 542 ἁχωρίςτως
1718 469 1854 540 ἔχει,

1987 471 2109 525 :nim
2142 471 2373 526 verbum
2404 488 2435 525 a
2477 480 2660 525 mente
2700 481 2758 527 et
2791 470 3055 541 Splendor
3091 485 3122 525 a
3153 471 3275 525 luce
3309 469 3552 539 separari

250 569 440 634 οὕτως
481 569 511 622 6
547 566 842 639 μονογενὴς
886 568 1014 631 Υἱὸς
1056 567 1196 640 πρὸς
1239 566 1330 619 τὸν
1380 561 1575 617 ἑαυτοῦ
1610 563 1854 634 Πατέρα.

252 662 453 732 Φαμὲν
496 659 677 714 τοίνυν
723 660 815 715 τὸν
869 660 1074 731 Κύριον
1126 659 1286 731 ἡμῶν
1354 655 1564 728 Ἰησοῦν
1622 656 1858 727 Χριστὸν

257 754 403 807 Υίὸν
428 749 566 807 εἶναι
602 751 868 823 μονογενῆ
898 751 993 805 τοῦ
1030 750 1168 804 Θεοῦ
1200 751 1295 804 καὶ
1342 750 1689 819 πρωτότοκον
1710 766 1723 778 ·
1764 765 1855 818 μοι

255 843 467 914 νογενῆ
500 843 598 914 μὲν
631 843 728 896 καὶ
759 842 865 913 πρὸ
910 842 1008 915 τῆς
1056 842 1552 914 ἐνανθρωπήσεως,
1591 840 1688 894 καὶ
1720 840 1860 911 μετὰ

256 935 368 1009 τὴν
425 932 842 1005 ἐνανθρώπησιν
890 948 905 969 ν
961 932 1310 1003 πρωτότοκον
1360 930 1416 984 δὲ
1460 932 1601 1003 μετὰ
1652 931 1750 1002 τὴν
1797 931 1862 984 ἐκ

261 1025 552 1098 Παρθένου
591 1026 846 1096 γέννησιν
885 1041 906 1060 '
932 1025 1012 1097 τῷ
1054 1025 1162 1099 γὰρ
1197 1026 1499 1095 Μονογενεῖ
1536 1025 1598 1079 τὸ
1639 1026 1861 1097 Πρωτό-

260 1134 435 1181 τοκος
471 1116 642 1188 ὄνομα
665 1118 905 1171 ἐναντίον
933 1119 1031 1189 μὲν
1059 1115 1200 1172 εἷναί
1248 1135 1365 1181 πως
1388 1118 1556 1183 δοκεῖ,
1587 1117 1720 1172 διότι
1746 1118 1861 1187 (64)

266 1209 576 1280 μονογενὴς
607 1208 708 1280 μὲν
733 1210 761 1262 6
790 1210 951 1279 μόνος
983 1209 1047 1263 ἔκ
1093 1226 1238 1272 τινος
1276 1208 1560 1279 γεννηθεὶς
1595 1224 1865 1280 προσαγο-

266 1300 522 1371 ρεύεται,
555 1300 900 1372 πρωτότοκος
943 1301 999 1355 δὲ
1037 1303 1065 1355 6
1094 1300 1306 1356 πολλῶν
1336 1301 1584 1369 ἀδελφῶν
1623 1302 1861 1374 πρῶτος.

264 1392 383 1445 Τὸν
402 1387 459 1441 δὲ
482 1391 617 1446 Θεὸν
665 1392 840 1463 Λόγον
893 1392 1055 1464 μόνον
1093 1394 1158 1449 ἐκ
1203 1392 1296 1446 τοῦ
1341 1393 1557 1464 Πατρὸς
1608 1394 1664 1447 αἱ
1721 1393 1864 1446 θεῖαι

265 1482 497 1554 Γραφαὶ
519 1484 850 1555 γεννηθῆναι
878 1484 1129 1553 λέγουσιν
1150 1501 1161 1513 ·
1192 1485 1401 1554 γίνεται
1428 1485 1485 1537 δὲ
1528 1484 1621 1537 καὶ
1650 1482 1866 1552 πρωτό-

265 1592 437 1639 τοκος
465 1577 493 1628 6
526 1575 859 1648 Μονογενὴς,
897 1577 997 1646 τὴν
1025 1578 1305 1648 ἡμετέραν
1340 1575 1502 1645 φύσιν
1534 1571 1772 1644 εἰληφὼς
1804 1574 1868 1626 ἐκ

268 1667 382 1737 τῆς
408 1665 712 1735 Παρθένου,
737 1648 1109 1736 καῖἆδελφοὺς
1131 1668 1254 1730 τοὺς
1279 1667 1358 1729 εἰς
1385 1666 1547 1720 αὑτὸν
1574 1681 1869 1719 πεπιστευ-

273 1757 453 1819 κότας
473 1756 921 1828 προσαγορεῦσαι
955 1757 1299 1823 καταξιώσας
1319 1773 1333 1787 ’
1365 1756 1439 1819 ὡς
1477 1751 1617 1809 εἷναι
1645 1756 1737 1807 τὸν
1767 1754 1867 1808 αύ-

270 1850 375 1902 τὸν
408 1819 681 1920 μονογενή
718 1819 816 1920 μὲν
866 1849 1002 1903 καθὸ
1043 1819 1199 1914 Θεὸς,
1236 1819 1582 1919 πρωτότοκον
1625 1846 1682 1899 δὲ
1730 1844 1865 1901 καθὸ
1901 1819 1943 1874 Β

272 1941 596 2013 ἄνθρωπος.
649 1941 839 2005 Οὕτως
869 1945 1030 2013 ἡμεῖς
1068 1941 1165 2006 τὰς
1198 1939 1292 1994 δύο
1321 1940 1514 2012 φύσεις
1541 1939 1869 2010 ὁμολογοῦν-

273 2053 377 2098 τες
402 2035 495 2088 τὸν
537 2035 635 2088 ἕνα
681 2035 918 2107 Χριστὸν
958 2034 1394 2105 προσκυνοῦμεν,
1432 2034 1525 2086 καὶ
1561 2033 1692 2109 μίαν
1722 2031 1871 2105 αύτῷ

274 2126 674 2201 προσφέρομεν
706 2127 804 2198 τὴν
849 2127 1245 2200 προσκύνησιν.
1291 2128 1402 2200 Τὴν
1445 2128 1552 2199 γὰρ
1592 2127 1786 2182 ἕνωσιν
1812 2126 1871 2191 ἐξ

275 2220 461 2291 αὐτῆς
485 2220 585 2290 τῆς
614 2218 930 2291 συλλήψεως
956 2221 1013 2275 ἐν
1040 2222 1108 2292 τῇ
1132 2219 1265 2292 ἁγίᾳ
1286 2222 1385 2290 τῆς
1408 2218 1689 2293 Παρθένου
1715 2218 1872 2289 νηδύϊ

274 2311 622 2381 γεγενῆσθαι
669 2312 1020 2384 πιστεύομεν.
1060 2313 1152 2365 Διὸ
1187 2313 1284 2371 καὶ
1324 2312 1586 2366 Θεοτόκον
1632 2312 1728 2366 καὶ
1781 2313 1875 2366 ἀν⁸

272 2404 638 2474 θρωποτόκον
686 2404 784 2477 τὴν
823 2405 987 2474 ἁγίαν
1040 2404 1315 2474 Παρθένον
1367 2404 1874 2476 προσαγορεύομεν.

289 2484 522 2568 Ἐπειδὴ
557 2498 656 2552 καὶ
696 2499 860 2562 αὐτὸς
902 2501 931 2551 6
963 2497 1240 2567 Δεσπότης
1279 2496 1540 2569 Χριστὸς,
1598 2496 1732 2561 Θεὸς
1782 2496 1877 2549 καὶ

274 2587 577 2659 ἄνθρωπος
623 2588 729 2644 ὑπὸ
775 2589 874 2661 τῆς
925 2589 1077 2654 θείας
1127 2588 1373 2643 καλεῖται
1410 2588 1658 2660 Γραφῆς.
1699 2588 1810 2642 Καὶ
1847 2588 1877 2641 6

291 2682 652 2754 Ἐμμανουήλ
683 2682 761 2747 δὲ,
789 2682 896 2735 τῶν
930 2681 1024 2736 δύο
1051 2681 1265 2752 φύσεων
1297 2682 1557 2757 κηρύττει
1597 2680 1695 2757 τὴν
1738 2679 1877 2735 ἕνω-

281 2790 398 2828 σιν.
437 2771 498 2826 ΕΞ
540 2773 597 2826 δέ
628 2773 721 2827 τὸν
753 2772 990 2844 Χριστὸν
1045 2773 1177 2826 Θεὸν
1222 2773 1316 2829 καὶ
1359 2772 1644 2844 ἄνθρωπον
1689 2771 1879 2838 ὁμολο-

279 2864 498 2936 γοῦμεν
543 2865 636 2923 καὶ
680 2864 933 2937 λέγομεν,
969 2865 1054 2928 τίς
1082 2863 1257 2928 οὕτως
1304 2864 1527 2936 εὐήθης,
1574 2862 1650 2928 ὡς
1685 2864 1879 2933 φυγεῖν

280 2959 392 3031 τὴν
418 2958 878 3027 ἁνθρωποτόκος
910 2957 1118 3028 φωνὴν,
1156 2958 1293 3028 μετὰ
1332 2958 1429 3030 τῆς
1448 2957 1714 3013 Θεοτόκου
1736 2956 1882 3011 τιθε-

286 3049 501 3121 μένην;
550 3049 638 3105 Ἐν
663 3048 771 3121 γὰρ
799 3047 880 3119 τῷ
913 3047 1162 3125 Δεσπὸτῃ
1209 3048 1433 3121 Χριστῷ
1478 3049 1579 3115 τὰς
1611 3049 1704 3104 δύο
1737 3051 1883 3103 τίθε-

1964 562 2190 618 minime
2224 570 2485 632 possunt;
2521 563 2596 617 ita
2626 578 2731 618 nec
2760 563 3078 635 unigenitus
3112 561 3285 617 Filius
3312 577 3342 616 a
3373 561 3554 615 Patre.

1963 652 2309 725 Quapmpter
2366 655 2661 709 Dominum
2717 663 2970 710 nostrum
3028 655 3217 711 Jcsum
3272 651 3553 709 Christum

1964 747 2163 801 Filium
2218 747 2565 819 unigenitum
2611 756 2667 802 et
2712 748 3139 820 primogenitum
3181 763 3303 805 esse
3354 745 3556 801 asseri-

1964 854 2121 905 mus;
2158 839 2504 911 unigenitum
2537 839 2760 910 quidem
2796 847 2908 893 tam
2950 848 3078 895 ante
3112 854 3275 909 quam
3310 845 3436 909 post
3468 837 3556 892 in-

1965 928 2379 998 carnationem;
2437 930 2864 1002 primogenitum
2917 947 3050 986 vero
3104 930 3340 985 dicimus
3390 947 3553 995 eum,

1964 1029 2259 1093 postquam
2283 1039 2351 1078 ex
2373 1023 2598 1094 Virgine
2621 1032 2783 1078 natus
2800 1032 2903 1079 est.
2925 1024 3135 1079 Nomen
3158 1023 3558 1095 primogenitus

1968 1112 2261 1184 Unigenito
2323 1130 2634 1186 repugnare
2689 1114 3095 1186 quodammodo
3142 1113 3382 1177 videtur,
3426 1130 3557 1185 pro-

1967 1213 2158 1275 pterea
2203 1206 2351 1277 quod
2397 1207 2727 1280 Unigenitus
2765 1207 3106 1278 appellatur;
3143 1206 3238 1276 qui
3269 1207 3466 1261 unicus
3493 1222 3560 1259 ex

1967 1297 2155 1368 aliquo
2184 1299 2462 1365 nascitur;
2498 1299 2899 1371 primogenitus
2922 1313 3076 1364 vero,
3103 1298 3199 1368 qui
3232 1298 3405 1369 major
3428 1306 3562 1350 natu

1969 1389 2116 1445 inter
2158 1391 2362 1449 multos
2411 1391 2629 1447 fratres.
2686 1391 2944 1446 Divinum
2995 1390 3243 1447 Verbum
3290 1406 3357 1444 ex
3403 1389 3565 1443 Patre

1971 1483 2195 1542 unicum
2226 1494 2415 1541 natum
2450 1501 2570 1540 esse
2597 1484 2896 1556 Scriptura:
2926 1484 3162 1550 docent;
3195 1481 3257 1536 ﬁt
3293 1494 3477 1537 autem
3511 1491 3568 1536 et

1971 1576 2408 1648 primogenitus,
2449 1578 2545 1648 qui
2589 1577 2908 1648 unigenitus
2944 1584 3096 1643 erat,
3151 1576 3285 1631 dum
3321 1583 3566 1629 nostram

1971 1682 2225 1727 naturain
2256 1688 2287 1727 a
2310 1672 2536 1744 Virgine
2570 1671 2890 1742 assumpsit,
2921 1681 2979 1727 et
3011 1672 3158 1737 illos,
3186 1670 3279 1740 qui
3316 1669 3419 1740 ipsi
3447 1684 3568 1724 cre—

1972 1766 2256 1831 diderunt,
2282 1765 2484 1820 fratres
2508 1766 2784 1836 appellare
2817 1763 3075 1836 dignatus
3099 1772 3213 1831 est;
3242 1764 3317 1818 ita
3341 1770 3400 1816 ut
3418 1761 3567 1817 idem

1971 1873 2079 1929 qua
2105 1857 2272 1921 Deus,
2311 1855 2629 1927 unigenitus
2666 1861 2773 1920 est,
2819 1853 3222 1926 primogenitus
3264 1868 3416 1918 vero,
3457 1864 3568 1923 qua

1973 1948 2158 2005 homo.
2219 1945 2313 2000 Sic
2363 1961 2465 2000 nos
2524 1944 2662 1999 duas
2718 1945 3062 2000 admittimus
3124 1951 3372 2008 naturas,
3470 1942 3569 1998 sed

1972 2056 2145 2095 unum
2177 2038 2472 2097 adoramus
2531 2036 2837 2104 Christum,
2899 2045 2956 2091 et
3026 2051 3137 2091 una
3183 2051 3310 2091 eum
3340 2050 3572 2090 venera-

1974 2146 2101 2185 mur
2138 2128 2497 2192 adorationc,
2549 2127 2955 2198 copulationem
3014 2126 3083 2182 ab
3130 2126 3249 2197 ipso
3296 2135 3571 2196 conceptu

1976 2222 2177 2278 factam
2217 2220 2387 2275 fuisse
2421 2219 2479 2273 in
2519 2227 2709 2274 sancto
2750 2217 2993 2290 Virginis
3028 2225 3189 2274 utero
3227 2217 3508 2273 credimus
3556 2235 3570 2269 :

1978 2322 2318 2386 quapropter
2352 2319 2407 2368 et
2447 2320 2691 2367 sanctam
2729 2308 3035 2380 Virginem,
3074 2308 3175 2363 Dei
3223 2314 3280 2363 et
3335 2307 3576 2362 hominis

1977 2405 2303 2478 genitricem
2335 2417 2739 2473 nuncupamus,
2765 2402 3113 2473 quoniam-et
3150 2400 3384 2471 ipsemet
3410 2399 3575 2455 Chri-

1979 2507 2100 2555 stus
2132 2496 2400 2553 Dominus
2431 2496 2579 2550 Deus
2611 2503 2668 2549 et
2707 2495 2873 2550 homo
2900 2500 3131 2550 vocatur
3162 2508 3195 2547 a
3228 2506 3384 2546 sacra
3422 2490 3575 2545 Scri-

1979 2601 2163 2664 ptura,
2197 2598 2362 2661 atque
2403 2587 2783 2644 Emmanuelis
2814 2601 3021 2647 nomen
3065 2583 3303 2639 duarum
3342 2593 3574 2639 natura-

1981 2701 2107 2740 rum
2132 2683 2544 2754 copulationem
2570 2680 2830 2735 declarat.
2859 2678 2917 2735 Si
2938 2693 3071 2739 vero
3088 2675 3372 2733 Christum
3401 2674 3576 2728 Deum

1982 2777 2149 2837 simul
2189 2784 2246 2831 et
2293 2772 2577 2829 hominem
2624 2771 2950 2842 proﬁtemur
2979 2778 3037 2831 et
3075 2768 3334 2834 dicimus,
3364 2765 3579 2838 1304

1982 2870 2175 2941 ecquis
2208 2870 2314 2923 erit
2347 2866 2486 2924 adeo
2522 2865 2796 2936 stupidus,
2830 2874 2892 2921 ut
2929 2878 3118 2928 voces,
3146 2860 3244 2915 Dei
3270 2859 3499 2932 genitrix
3523 2866 3580 2912 et

1985 2963 2211 3017 hominis
2232 2960 2481 3032 genitrix,
2499 2968 2662 3029 neget
2684 2957 2850 3013 simul
2873 2954 3157 3028 ponendas
3181 2952 3335 3011 esse?
3359 2949 3580 3006 Christo

1985 3055 2222 3111 Domino
2245 3055 2385 3110 duas
2407 3054 2634 3125 quidem
2660 3050 2959 3109 tribuimus
2982 3045 3414 3121 appellationes;
3443 3057 3581 3112 qua-

292 3159 401 3214 μεν
431 3142 835 3213 προσηγορίας’
868 3141 947 3194 διὸ
1043 3141 1325 3216 Παρθένος
1350 3143 1640 3217 τετίμηται
1665 3144 1759 3201 καὶ
1792 3161 1885 3197 κε-

1989 3155 2223 3221 prepter
2263 3147 2429 3216 Virgo
2463 3146 2676 3201 honore
2719 3141 2917 3197 aﬂ‘ecta
2951 3148 3058 3204 est,
3089 3146 3146 3194 et
3188 3137 3378 3209 gratia:
3419 3134 3585 3204 plena

287 3234 649 3307 χαριτωμένη
687 3234 1106 3307 προσηγορεύθη
1129 3252 1144 3267 ·
1191 3234 1275 3299 τίς
1295 3229 1388 3289 οὖν
1425 3230 1485 3288 εὖ
1517 3234 1629 3306 (65)
1673 3237 1885 3307 φρονῶν

1989 3247 2214 3303 vocata;
2255 3238 2380 3309 quis
2410 3238 2578 3307 igitur
2610 3234 2781 3290 animi
2815 3248 3043 3302 compos
3069 3228 3367 3293 recusabit,
3399 3224 3583 3280 nomi-

290 3326 722 3399 παραιτήσαιτο,
746 3325 855 3382 ἀπὸ
887 3326 997 3385 τῶν
1029 3325 1124 3379 τοῦ
1160 3326 1412 3398 Σωτῆρος
1435 3326 1718 3397 ὀνομάτων
1750 3329 1887 3380 ἀπο-

290 3418 525 3475 καλέσαι
580 3418 680 3495 τήν
732 3418 1031 3492 Παρθένον,
1077 3417 1112 3489 ἢ
1176 3418 1245 3473 δι’
1300 3420 1507 3472 ἐκεῖνον
1567 3419 1720 3488 παρὰ
1778 3418 1887 3472 τῶν

293 3512 511 3566 πιστῶν
554 3512 914 3588 γεραίρεται;
964 3511 1038 3567 Οὐ
1072 3510 1180 3589 γὰρ
1223 3513 1252 3564 6
1293 3509 1355 3574 ἐξ
1400 3511 1570 3582 αὐτῆς
1606 3511 1673 3565 δι’
1719 3512 1889 3583 αὐτὴν

297 3606 620 3681 σεϐάσμιος,
648 3606 763 3660 ἀλλ’
788 3606 928 3676 αὑτὴ
956 3605 1044 3659 διὰ
1066 3605 1157 3659 τὸν
1180 3603 1241 3670 ἐξ
1268 3603 1441 3677 αὐτῆς
1459 3605 1580 3668 ταῖς
1605 3604 1891 3676 μεγίσταις

298 3702 705 3775 προσηγορίαις
731 3701 1077 3756 καλλύνεται.

374 3793 440 3846 Ei
490 3792 592 3865 μὲν
642 3787 736 3845 οὖν
768 3791 900 3854 Θεὸς
948 3791 1109 3865 μόνον
1153 3791 1182 3842 6
1223 3790 1498 3862 Χριστὸς,
1541 3789 1637 3847 καὶ
1685 3791 1750 3843 ἐκ
1796 3788 1895 3859 τῆς

302 3883 586 3956 Παρθένου
645 3883 739 3939 τοῦ
780 3880 918 3939 εἶναι
964 3882 1064 3956 τὴν
1113 3880 1289 3953 ἀρχὴν
1351 3880 1598 3953 εἴληφεν,
1641 3878 1895 3934 ἐντεῦθεν

303 3976 470 4049 μόνον
487 3979 521 4047 ή
546 3976 823 4047 Παρθένος
851 3973 1204 4047 ὀνομαζέσθω
1226 3974 1322 4027 καὶ
1343 3972 1617 4027 καλείσθω
1632 3970 1897 4034 Θεοτόκος

302 4069 383 4133 ὼς
400 4068 540 4121 ’Θεὸν
569 4067 728 4139 φύσει
757 4067 1090 4139 γεννήσασα.
1127 4066 1191 4118 Εἰ
1219 4065 1442 4128 δέΘεὸς
1482 4065 1576 4119 καὶ
1606 4063 1899 4136 ἅνθρωπος

301 4161 337 4215 ὁ
365 4150 623 4230 Χριστὸς,
658 4159 753 4215 καὶ
779 4157 839 4211 τὸ
872 4158 969 4229 μὲν
998 4152 1066 4230 ἦν
1097 4157 1184 4210 ἀεὶ
1235 4156 1382 4228 (οὔτε
1413 4156 1523 4227 γὰρ
1555 4154 1759 4228 ἤρξατο
1801 4153 1898 4209 τοῦ

304 4247 470 4305 εἶναι·
507 4250 777 4315 συναῖδιος
804 4250 913 4321 γὰρ
941 4249 1019 4322 τῷ
1058 4250 1424 4321 γεννήσαντι),
1460 4250 1520 4303 τὸ
1552 4248 1608 4303 δὲ
1634 4248 1718 4302 ἐπ’
1744 4248 1902 4319 ἐσχά-

305 4360 419 4398 των
458 4342 572 4414 (66)
625 4343 733 4397 τῶν
767 4342 973 4414 καιρῶν
1001 4343 1065 4395 ἐκ
1089 4342 1185 4412 τῆς
1213 4340 1559 4413 ἀνθρωπείας
1597 4340 1900 4412 ἐϐλάστησε

309 4434 550 4505 φύσεως,
588 4434 929 4507 ἑκατέρωθεν
955 4437 983 4488 6
1010 4433 1358 4504 δογματίζειν
1398 4432 1617 4498 ἐθέλων,
1654 4431 1903 4485 πλεκέτω

1988 3330 2153 3385 nibus
2190 3327 2492 3384 Salvatoris
2528 3326 2811 3398 Virginem
2857 3338 3080 3395 quoque
3123 3321 3422 3392 appellare,
3461 3334 3586 3388 quae

1991 3421 2166 3492 ipsius
2206 3435 2371 3475 causa
2420 3435 2449 3473 a
2492 3417 2852 3474 credentibus
2899 3413 3216 3471 exaltatur?
3267 3412 3391 3468 Non
3435 3410 3585 3466 enim

1991 3515 2167 3570 Filius
2201 3513 2270 3568 ab
2300 3529 2364 3569 ea
2400 3514 2747 3575 honestatur,
2777 3509 2873 3566 sed
2903 3524 2966 3564 ea
3000 3507 3123 3563 Filii
3160 3521 3325 3562 causa
3363 3504 3587 3575 amplis-

1992 3607 2149 3664 simis
2170 3605 2639 3679 appellationibus
2661 3602 2979 3675 insignitur.

2066 3785 2224 3853 Quod
2254 3787 2299 3840 si
2338 3784 2505 3855 igitur
2530 3784 2677 3841 Deus
2722 3790 2939 3837 tantum
2978 3788 3126 3835 esset
3159 3777 3436 3840 Christus,
3471 3785 3526 3830 et
3558 3792 3592 3830 a

2001 3879 2223 3952 Virgine
2258 3877 2515 3935 essentia:
2555 3874 2863 3946 accepisset
2903 3871 3260 3945 principium,
3294 3878 3427 3924 tunc
3464 3867 3592 3937 qui-

1999 3974 2124 4029 dem
2155 3971 2256 4028 Dei
2297 3969 2552 4026 Genitrix
2596 3976 2811 4023 tantum
2840 3967 3010 4038 Virgo
3037 3962 3287 4019 vocanda
3325 3968 3379 4016 et
3409 3959 3596 4030 appel-

2000 4064 2163 4119 landa
2193 4070 2362 4128 esset,
2396 4070 2457 4118 ut
2493 4061 2607 4127 illa,
2643 4075 2765 4131 quae
2807 4057 3052 4112 divinam
3091 4054 3388 4109 habentem
3428 4058 3594 4106 natu-

2003 4172 2119 4212 ram
2156 4154 2484 4225 peperisset.
2518 4153 2589 4208 At
2620 4152 2665 4207 si
2692 4150 2951 4206 Christus
2989 4149 3138 4203 Deus
3158 4145 3324 4201 simul
3347 4155 3404 4199 et
3428 4143 3595 4197 homo

2002 4255 2107 4312 est,
2131 4254 2185 4302 et
2218 4254 2281 4301 ut
2312 4246 2459 4300 Deus
2501 4257 2720 4314 semper
2750 4241 2857 4297 fuit
2892 4257 2906 4294 :
2938 4253 3118 4309 neque
3155 4234 3456 4293 exsistendi
3492 4235 3599 4289 ini-

2005 4342 2143 4397 tium
2182 4339 2333 4405 feeit,
2366 4345 2675 4393 coaeternus
2712 4334 2863 4390 enim
2902 4340 2989 4388 est
3017 4329 3297 4396 Genitori;
3338 4335 3399 4382 ut
3428 4327 3596 4381 homo

2005 4449 2137 4490 vero
2164 4429 2460 4503 postremis
2488 4426 2834 4498 temporibus
2858 4440 2927 4479 ex
2950 4424 3192 4479 humana
3216 4427 3417 4474 natura
3441 4423 3598 4471 ortus

307 4530 381 4597 τῇ
427 4527 690 4601 Παρθένῳ
732 4527 829 4593 τὰς
873 4524 1267 4599 προσηγορίας,
1304 4523 1481 4596 δηλῶν
1516 4524 1644 4577 ποῖα
1698 4521 1796 4594 μὲν
1834 4524 1885 4592 τῇ

2006 4534 2093 4581 est
2118 4543 2132 4578 :
2159 4523 2411 4594 dogmata
2436 4518 2701 4589 utrinque
2727 4516 2977 4572 facturus
3005 4514 3062 4569 in
3094 4510 3345 4568 texendis
3368 4507 3601 4581 virginis

311 4618 498 4691 φύσει,
540 4623 670 4673 ποῖα
710 4619 767 4673 δὲ
796 4622 863 4692 τῇ
894 4617 1085 4672 ἐνώσει
1124 4617 1416 4689 προσήκει.
1459 4617 1519 4669 Εἰ
1551 4614 1608 4668 δὲ
1648 4630 1900 4685 πανηγυ-

315 4711 490 4789 ρικῶς
531 4730 616 4777 τις
654 4711 836 4781 λέγειν
882 4710 1077 4777 ἐθέλοι,
1117 4710 1213 4765 καὶ
1252 4708 1456 4780 ὕμνους
1495 4706 1764 4777 ὑφαίνειν,
1810 4705 1905 4759 καὶ

313 4802 574 4867 ἐπαίνους
623 4801 915 4873 διεξιέναι,
963 4805 1057 4857 καὶ
1103 4801 1353 4873 βούλεται
1405 4804 1519 4866 τοῖς
1557 4798 1905 4871 σεμνοτέροις

312 4897 579 4966 ὀνόμασιν
617 4896 932 4964 ἀναγκαίως
974 4895 1308 4967 κεχρῆσθαι,
1347 4895 1408 4948 οὑ
1445 4890 1791 4964 δογματίζων
1829 4890 1906 4955 ὡς

316 4987 481 5058 ἔφην,
509 4987 648 5042 ἀλλὰ
676 4982 1065 5055 πανηγυρίζων
1107 4986 1203 5038 καὶ
1249 4984 1546 5056 θαυμάζων
1585 4983 1662 5048 ὡς
1694 4977 1806 5035 οἷόν
1847 4999 1908 5034 τε

317 5076 418 5131 τοῦ
456 5076 758 5148 μυστηρίου
794 5074 857 5128 τὸ
909 5073 1162 5145 μέγεθος’
1212 5073 1535 5126 ἀπολαυέτω
1583 5071 1678 5127 τοῦ
1722 5072 1910 5136 πόθου,

319 5170 420 5225 καὶ
449 5173 563 5235 τοῖς
592 5170 851 5240 μεγάλοις
882 5166 1111 5235 ὀνόμασι
1147 5164 1461 5237 κεχρήσθω,
1494 5164 1590 5217 καὶ
1613 5161 1910 5217 ἐπαινείτω

321 5266 423 5319 καὶ
454 5262 814 5334 θαυμαζέτω.
849 5259 1027 5315 Πολλὰ
1055 5258 1162 5330 γὰρ
1188 5257 1415 5312 τοιαῦτα
1447 5255 1599 5327 παρὰ
1619 5257 1731 5319 τοῖς
1758 5254 1915 5327 ὀρθο-

321 5357 499 5424 δόξοις
533 5355 876 5423 διδασκάλοις
912 5353 1266 5424 εὑρίσκομεν·
1309 5347 1583 5421 πανταχοῦ
1618 5348 1674 5401 δὲ
1708 5349 1771 5401 τὸ
1812 5347 1913 5417 μέ-

324 5464 477 5519 τριον
504 5447 616 5517 (67)
644 5446 916 5517 τιμάσθω.
957 5442 1194 5503 Ἐπαινῶ
1215 5442 1324 5514 γὰρ
1345 5443 1436 5496 τὸν
1479 5439 1761 5513 εἰρηκότα,
1794 5438 1916 5510 ἄρι-

267 5606 287 5624 θ
327 5554 456 5591 στον
485 5532 625 5590 εἶναι
649 5536 710 5589 τὸ
741 5536 981 5606 μέτριον,
1007 5536 1054 5588 εί
1076 5534 1283 5605 καὶτῆς
1300 5531 1570 5605 ἡμετέρας
1599 5529 1799 5599 ἀγέλης
1816 5529 1916 5582 οὐκ

247 5626 290 5675 ,ε
1437 5628 1444 5635 .

407 5732 516 5807 (ξι)
554 5733 644 5807 ab
677 5734 846 5807 Maus-

408 5800 519 5876 (65)
550 5800 641 5858 οῦν
683 5804 747 5858 ἂν
772 5804 940 5862 Mans.

2010 4611 2491 4686 appellationibus,
2516 4608 2761 4664 declaret
2796 4609 3019 4677 oportet
3053 4615 3177 4673 qua:
3208 4605 3444 4659 naturae,
3477 4609 3602 4669 qua:

2013 4719 2144 4761 vero
2183 4700 2521 4774 copulationi
2561 4696 2916 4754 conveniant.
2951 4694 3010 4750 Si
3043 4691 3168 4764 quis
3193 4704 3326 4746 vero
3358 4702 3602 4760 panegy-

2012 4799 2157 4855 ricas
2195 4795 2474 4850 orationes
2513 4790 2696 4847 facere
2735 4787 3011 4856 voluerit,
3052 4793 3108 4841 et
3144 4783 3341 4840 laudes
3381 4796 3604 4852 compo-

2013 4903 2169 4955 nere,
2199 4893 2255 4942 et
2281 4881 2791 4941 commendationes
2823 4876 3098 4949 proferre,
3129 4882 3294 4945 atque
3318 4871 3607 4927 honestio-

2015 4980 2172 5035 ribus
2220 4976 2543 5032 hominibus
2584 4969 2899 5027 necessario
2948 4966 3217 5023 utendum
3266 4963 3603 5025 arbitratur;

2012 5070 2242 5126 minimc
2270 5068 2513 5131 decreta,
2543 5070 2603 5117 ut
2634 5061 2767 5126 dixi,
2796 5058 2893 5115 sed
2935 5056 3296 5131 panegyricas
3328 5052 3607 5112 orationes

2013 5162 2239 5227 faciens,
2269 5167 2325 5216 et
2353 5155 2600 5230 mysterii
2642 5150 3088 5223 amplitudinem,
3120 5156 3185 5204 ut
3209 5148 3390 5214 decet,
3428 5144 3605 5199 admi-

2013 5264 2165 5316 rans,
2209 5249 2323 5303 voti
2366 5247 2452 5301 sui
2500 5246 2572 5300 sit
2609 5256 2864 5313 compos,
2910 5238 3376 5312 amplissimisque
3419 5241 3607 5289 utatur

2014 5341 2353 5406 nominibus,
2388 5336 2577 5393 laudet
2604 5335 2772 5390 etiam
2809 5340 2868 5389 et
2894 5331 3222 5387 admiretur.
3262 5325 3428 5381 Multa
3459 5322 3607 5377 enim

2016 5432 2288 5506 ejusmodi
2330 5429 2475 5501 apud
2515 5425 2854 5483 orthodoxos
2892 5423 3145 5479 doctores
3184 5417 3453 5490 legimus;
3489 5412 3609 5506 ubi-

2019 5503 2125 5595 quo
2189 5540 2318 5578 vero
2383 5518 2738 5575 mediocritas
2800 5514 3124 5586 prmferatur
3174 5526 3187 5563 :
3239 5506 3404 5563 laudo
3458 5503 3607 5559 enim

2098 5724 2206 5793 (66)
2242 5725 2325 5776 ἐπ’
2370 5718 2798 5793 ἐσχατου-Μιιιιει.

2101 5789 2211 5869 (U7)
2249 5789 2443 5865 μέτρον
2478 5790 2561 5845 bis
2588 5789 2755 5843 Mans.
