4072 6428
496 326 628 390 1431

1487 326 1975 386 TllEODORETI
2016 326 2359 387 EPISCOPI
2398 328 2762 390 CYRENSIS

3625 329 3770 397 1432

490 437 670 500 illum,
709 436 801 505 qui
843 435 1280 492 mediocritatem
1318 434 1587 505 Optimum
1617 434 1749 505 quid
1783 451 1903 490 esse
1935 450 2069 489 asse-

2188 436 2349 488 ἔστιν.
2392 436 2540 505 Αὕτη
2584 438 2683 506 τῆς
2733 435 3189 510 ὲκκλησιαστικῆς
3234 438 3469 506 πίστεως
3503 441 3537 512 ἡ
3567 442 3769 513 ὁμολο-

494 527 639 591 ruit,
667 527 771 581 etsi
815 527 987 581 nostri
1032 527 1180 581 haud
1218 527 1291 580 sit
1332 526 1529 596 gregis.
1572 525 1782 597 1305
1824 526 1951 582 llazc
1996 535 2080 582 est

492 616 881 673 ecclesiastica:
911 617 1035 672 lidei
1062 616 1362 682 confessio;
1396 616 1501 670 hoc
1523 617 1850 688 evangelicae
1871 625 1927 672 et
1950 633 2081 688 apo—

492 705 701 760 stolicae
728 706 993 762 doctrinae
1022 705 1330 769 decretum,
1361 721 1462 774 pro
1490 721 1601 776 quo
1629 713 1820 777 terque
1850 707 2081 777 pluries—

492 810 601 864 que
631 794 794 859 mori,
825 794 1012 849 divina
1053 810 1251 865 nempe
1293 795 1585 867 adjuvante
1626 797 1800 866 gratia
1837 813 1947 852 non
1986 813 2077 852 re-

493 902 772 942 cusamus.
826 885 953 941 Haec
1001 887 1194 941 eadem
1242 888 1393 954 illos,
1444 888 1539 958 qui
1586 888 1641 942 in
1689 889 1979 958 praesentia
2021 889 2078 943 in

492 992 686 1031 errore
715 986 1028 1043 versantur,
1057 979 1259 1033 docere
1289 979 1344 1033 in
1380 980 1624 1033 animum
1655 980 1993 1046 indusimus,
2023 990 2079 1036 et

492 1067 700 1136 pluries
743 1083 840 1123 eos
883 1068 952 1122 ad
997 1068 1428 1139 disputationem
1465 1073 1921 1141 provocavimus,
1964 1080 2078 1126 stu-

491 1158 687 1213 dentes
735 1160 1030 1218 ostendere
1081 1161 1191 1216 illis
1238 1162 1550 1227 veritatem,
1583 1178 1686 1218 nec
1735 1172 1915 1217 tamen
1965 1164 2078 1218 illis

486 1250 869 1319 persuasimus
898 1268 911 1305 ε
950 1267 1075 1306 nam
1105 1262 1555 1323 argumentorum
1585 1253 1841 1308 timentes
1862 1253 2077 1324 perspi—

491 1341 754 1397 cuitatem
809 1359 841 1397 a
891 1344 1193 1399 certamine
1241 1359 1301 1400 se
1342 1344 1751 1400 subtraxerunt.
1792 1345 2076 1401 Inﬁrmum

491 1430 639 1486 enim
666 1447 857 1489 revera
880 1432 1246 1499 mendacium,
1265 1441 1321 1488 et
1342 1433 1665 1489 obscuritati
1686 1436 2072 1515 coniunctum:

498 1542 517 1574 ι
547 1521 739 1578 Omnis
783 1524 954 1590 enim,
998 1524 1197 1595 inquit,
1229 1526 1324 1595 qui
1362 1526 1503 1580 male
1545 1526 1677 1596 agit,
1710 1527 1826 1581 odit
1869 1529 2073 1595 lucem,

490 1620 547 1666 et
585 1627 696 1667 non
734 1613 886 1668 venit
934 1613 1003 1668 ad
1041 1614 1220 1669 lucem
1246 1656 1258 1679 ,
1314 1624 1375 1669 ut
1416 1631 1527 1670 non
1564 1627 1865 1687 arguantur
1907 1634 2075 1688 opera

489 1706 609 1777 ejus
628 1703 695 1760 ³⁸.
728 1726 746 1757 ι

558 1796 829 1865 Quoniam
866 1803 1032 1874 igitur
1061 1815 1186 1875 post
1236 1806 1469 1862 multant
1520 1807 1765 1862 laborem
1816 1805 1924 1861 illis
1958 1820 2072 1859 non
2107 1791 2149 1846 Β

488 1892 865 1959 persuasimus
886 1903 946 1950 ut
973 1896 1260 1951 veritatem
1287 1905 1704 1968 cognoscerent,
1726 1897 1794 1952 ad
1819 1897 2072 1967 proprias

490 1984 699 2039 reversi
725 2000 916 2041 sumus
951 1988 1249 2055 Ecclesias,
1286 1989 1477 2045 dolore
1513 2000 1569 2045 et
1617 1990 1817 2061 gaudio
1851 1989 2068 2044 allecti:

486 2076 708 2147 gaudio,
763 2087 993 2152 propter
1040 2082 1371 2137 sententiam
1406 2092 1651 2138 nostram
1694 2084 1842 2138 omni
1882 2098 2071 2138 errore

486 2178 804 2242 expertem;
851 2172 1043 2229 dolore
1084 2190 1239 2241 vero,
1284 2183 1510 2245 propter
1551 2176 1922 2230 membrorum
1973 2190 2072 2230 no-

486 2271 730 2319 strorum
769 2266 1206 2335 corruptionem.
1259 2266 1629 2334 Quamobrem
1672 2280 1908 2324 vestram
1942 2286 2070 2325 san-

488 2354 737 2410 ctitatem
788 2357 954 2411 etiam
997 2366 1161 2428 atque
1191 2359 1357 2415 etiam
1391 2376 1550 2431 rogo,
1582 2370 1645 2416 ut
1679 2361 1919 2434 benigno
1958 2364 2069 2418 Do-

488 2446 641 2501 mino
688 2457 879 2503 nostro
937 2452 1281 2521 supplicetis,
1333 2461 1390 2507 et
1444 2454 1764 2510 exclamelis
1807 2474 1820 2509 :
1876 2456 2066 2523 Parce,

488 2538 727 2606 Domine,
747 2540 942 2613 populo
984 2552 1093 2608 tuo,
1126 2551 1175 2596 et
1208 2561 1272 2599 ne
1300 2546 1488 2600 tradas
1518 2547 1882 2602 [nereditatem
1919 2558 2070 2604 tuam

484 2633 541 2685 in
566 2634 907 2705 approbrium
929 2635 994 2691 ".
1031 2635 1198 2691 Pasce
1224 2654 1340 2703 nos,
1373 2637 1617 2703 Domine,
1643 2657 1708 2694 ne
1736 2642 1906 2697 denuo
1936 2642 2070 2697 tales

484 2723 794 2790 evadamus,
826 2724 1010 2798 quales
1059 2728 1115 2781 in
1155 2730 1412 2803 principio
1443 2730 1661 2801 fuimus,
1695 2748 1814 2785 cum
1844 2732 1935 2786 tibi
1964 2750 2069 2787 non

483 2816 824 2885 parabamus,
860 2835 1026 2889 neque
1054 2818 1474 2891 implorabamus
1510 2839 1700 2876 nomen
1718 2831 1885 2877 tuum.
1921 2824 2066 2890 Vide,

481 2904 875 2977 Damine,quod
905 2908 1033 2977 facti
1060 2925 1244 2964 sumus
1275 2910 1614 2982 opprobrium
1634 2913 1812 2966 vicinis
1844 2915 2069 2969 nostris:

482 2996 830 3052 subsannatio
887 3007 936 3052 et
992 2998 1170 3053 illusio
1227 3002 1330 3065 Itis,
1385 3002 1475 3072 qui
1529 3003 1584 3056 in
1623 3004 1845 3058 circuitu
1890 3016 2067 3062 nostro

2180 527 2306 593 γία·
2340 527 2497 579 τοῦτο
2528 528 2627 596 τῆς
2663 527 3027 598 εὐαγγελικῆς
3073 530 3168 582 καὶ
3212 529 3575 600 ἀποστολικῆς
3616 531 3768 585 διδα-

2181 617 2407 682 σκαλίας
2438 618 2499 671 τὸ
2526 618 2722 689 δόγμα.
2753 619 2924 691 Ὑπὲρ
2944 618 3137 674 τούτου
3161 621 3282 690 τρὶς
3308 620 3420 691 (68)
3439 625 3533 676 καὶ
3561 622 3768 676 πολλά-

2179 726 2265 772 κις
2295 709 2590 763 ἀποθανεῖν
2622 710 2721 781 τῆς
2741 710 2836 765 τοῦ
2870 711 3008 765 Θεοῦ
3043 711 3286 782 δηλονότι
3310 714 3534 785 χάριτος
3566 731 3764 787 συνερ-

2178 800 2379 869 γούσης
2410 801 2470 854 οὐ
2502 802 2980 873 παραιτησόμεθα,
3009 803 3199 858 Ταῦτα
3227 803 3319 857 καὶ
3347 805 3476 868 τοὺς
3499 805 3596 859 νῦν
3618 805 3763 859 πλα-

2178 890 2453 960 νωμένους
2497 891 2706 956 διδάξαι
2776 892 3241 964 προεθυμήθημεν
3286 909 3302 923 ο
3348 896 3444 948 καὶ
3496 895 3765 960 πολλάκις

2178 982 2374 1046 αὐτοὺς
2395 984 2475 1050 εἰς
2520 982 2754 1048 διάλεξιν
2786 984 3307 1056 προύκαλεσάμεθα,
3342 986 3616 1051 ὑποδεῖξαι
3657 989 3762 1040 αὐ-

2176 1076 2288 1137 τοῖς
2319 1075 2708 1140 σπουδάζοντες
2735 1076 2832 1143 τὴν
2861 1076 3141 1147 ἀλήθειαν,
3176 1079 3271 1130 καὶ
3298 1078 3360 1130 οὐ
3385 1081 3756 1151 πεπείκαμεν.

2187 1164 2560 1237 ’Υφορώμενοι
2591 1166 2699 1238 γὰρ
2729 1166 2838 1220 τῶν
2864 1166 3104 1238 ἐλέγχων
3130 1168 3194 1222 τὺ
3234 1169 3512 1238 προφανὲς
3555 1170 3760 1239 ἔφυγον

2175 1256 2301 1319 τοὺς
2334 1256 2551 1324 ἀγῶνας
2575 1274 2589 1287 ο
2621 1257 2820 1330 σαθρὸν
2848 1258 2956 1328 γὰρ
2980 1258 3056 1321 ὡς
3078 1257 3295 1328 ἀληθῶς
3331 1259 3392 1312 τὸ
3419 1258 3634 1328 ψεῦδος,
3660 1261 3762 1313 καὶ

2173 1346 2253 1417 τῷ
2279 1349 2461 1401 σκότει
2485 1347 2932 1421 συνεζευγμένον.
2968 1367 2988 1399 ι
3010 1350 3124 1412 Πᾶς
3152 1350 3279 1421 γὰρ,
3308 1351 3494 1419 φησιν,
3518 1351 3547 1404 ὁ
3574 1351 3761 1419 φαῦλα

2176 1438 2456 1508 πράσσων,
2483 1438 2583 1491 οὐκ
2612 1437 2830 1509 ἔρχεται
2856 1437 2994 1509 πρὸς
3018 1438 3079 1490 τὸ
3100 1439 3239 1507 φῶς,
3276 1440 3363 1494 ἵνα
3399 1440 3476 1512 μὴ
3507 1458 3761 1513 φανερω-

2176 1528 2243 1602 θῇ
2276 1530 2381 1586 ὑπὸ
2409 1530 2503 1584 τοῦ
2543 1531 2720 1600 φωτὸς
2749 1529 2818 1584 τὰ
2841 1529 2979 1603 ἔργα
3004 1530 3188 1585 αὐτοῦ.
3231 1551 3250 1584 ι

3179 1637 3217 1661 δ

2257 1803 2474 1873 Ἐπειδὴ
2506 1803 2685 1857 τοίνυν
2705 1802 2874 1857 πολλὰ
2901 1802 3294 1872 πεπονηκότες,
3321 1803 3382 1856 οὐ
3404 1802 3755 1874 πεπείκαμεν

2174 1895 2374 1960 αὐτοὺς
2402 1894 2702 1964 ἐπιγνῶναι
2731 1895 2831 1968 τὴν
2871 1895 3151 1967 ἀλήθειαν,
3184 1898 3265 1959 εἰς
3291 1894 3390 1957 τὰς
3412 1895 3620 1958 οἰκείας
3651 1897 3758 1948 ὲπ-

2173 1987 2477 2057 ανήλθομεν
2508 1987 2835 2058 Ἐκκλησίας
2859 1987 3195 2058 ἀθυμοῦντες
3223 1987 3317 2040 καὶ
3339 1986 3621 2061 χαίροντες
3643 2005 3656 2017 ·
3690 1987 3756 2040 τὸ

2176 2077 2294 2149 μὲν,
2317 2077 2405 2131 διὰ
2435 2076 2496 2130 τὸ
2529 2077 2796 2149 ἡμέτερον
2825 2078 3096 2141 ἀπλανὲς,
3134 2076 3195 2130 τὸ
3245 2076 3302 2130 δὲ
3325 2114 3339 2140 ,
3375 2075 3464 2129 διὰ
3503 2076 3603 2147 τὴν
3644 2075 3758 2128 τῶν

2176 2167 2353 2239 μελῶν
2383 2168 2539 2239 ἡμῶν
2571 2168 2862 2237 σηπεδόνα.
2887 2166 2980 2220 Διὸ
3011 2167 3108 2238 τὴν
3138 2167 3411 2238 ὑμετέραν
3441 2165 3758 2237 ἁγιωσύνην

2173 2261 2497 2332 παρακαλῶ,
2533 2261 2789 2331 ἐκθύμως
2812 2262 2903 2316 τὸν
2933 2261 3314 2333 φιλάνθρωπον
3348 2262 3509 2333 ἡμῶν
3541 2262 3756 2315 ἱκετεῦ-

2173 2367 2263 2403 σαι
2299 2351 2597 2425 Δεσπότην,
2624 2354 2718 2407 καὶ
2749 2353 2886 2425 πρὸς
2913 2354 3077 2409 αὑτὸν
3102 2352 3295 2424 βοῆσαι
3322 2371 3335 2384 '
3372 2354 3601 2417 Φεῖσαι,
3636 2357 3756 2410 Κύ-

2161 2461 2279 2512 ριε,
2308 2443 2412 2498 τοῦ
2440 2444 2596 2499 ⁶ῖαοῦ
2631 2459 2772 2508 σου,
2803 2446 2901 2499 καὶ
2925 2445 3013 2515 μὴ
3047 2444 3166 2513 δῷς
3200 2445 3316 2516 τὴν
3343 2448 3757 2516 κληρονομίαν

2170 2552 2289 2590 σου
2309 2538 2397 2601 εις
2434 2535 2687 2602 ὄνειδος.
2741 2536 3047 2606 Ποίμανον
3078 2535 3256 2607 ἡμᾶς,
3297 2537 3497 2605 Κύριε,
3542 2537 3643 2589 ἵνα
3664 2535 3755 2605 μὴ

2171 2629 2471 2700 γενώμεθα
2497 2631 2579 2696 ὡς
2618 2630 2684 2683 τὸ
2718 2631 2999 2699 ἀπαρχῆς
3045 2629 3145 2683 ὅτε
3189 2631 3300 2684 οὐκ
3329 2625 3506 2700 ἦρχενι
3560 2628 3753 2698 ἡμῶν,

2171 2721 2316 2776 οὐδὲ
2350 2720 2721 2789 ἐπεκέκλητο
2761 2721 2828 2775 τὸ
2872 2720 3063 2793 ὄνομά
3094 2736 3213 2775 σου
3244 2721 3337 2790 ἐφ’
3381 2721 3560 2790 ἡμᾶς.
3606 2720 3753 2783 Ἴδε,

2169 2814 2369 2881 Κύριε,
2428 2812 2519 2868 ὄτι
2575 2812 2947 2883 ἐγενήθημεν
3015 2812 3247 2879 ὄνειδος
3307 2813 3433 2879 τοῖς
3485 2813 3756 2882 γείτοσιν

2170 2904 2370 2975 ἡμῶν,
2394 2905 2812 2975 μυκτηρισμὸς
2845 2905 2943 2959 καὶ
2977 2904 3327 2974 χλευασμὸς
3375 2904 3502 2970 τοῖς
3548 2905 3758 2970 κύκλῳ

2169 2996 2339 3065 ἡμῶν
2363 3012 2377 3027 ·
2418 2997 2509 3051 ὅτι
2535 2995 2786 3063 εἰσῆλθε
2806 2997 3072 3067 δόγματα
3094 2995 3326 3065 πονηρὰ
3350 2998 3433 3063 εἰς
3463 2994 3575 3064 τὴν
3601 2998 3721 3063 κλη
3738 3023 3757 3035 ο

480 3094 607 3140 sunt
636 3087 703 3154 ⁵ο,
735 3089 862 3159 quia
882 3107 1050 3160 prava
1079 3091 1329 3162 dogmata
1359 3094 1573 3147 inducta
1608 3104 1729 3148 sunt
1749 3097 1804 3149 in
1849 3098 2068 3151 Incredi-

2166 3089 2474 3158 ρονομίαν.
2547 3088 2834 3158 Ἐμίαναν
2884 3088 2995 3143 τὸν
3041 3089 3194 3143 ναὸν
3245 3095 3352 3142 τὸν
3400 3087 3572 3158 ἅγιόν
3612 3104 3756 3149 σου,

484 3187 669 3234 tatem.
724 3179 1044 3236 Polluerunt
1094 3183 1351 3254 templum
1408 3196 1652 3241 sanctum
1710 3196 1881 3254 tuum,
1940 3192 2065 3255 quia

482 3270 905 3343 alienigenarum
926 3272 1053 3332 ﬁlia:
1084 3274 1278 3331 laetata:
1301 3287 1426 3331 sunt
1446 3279 1509 3334 de
1523 3279 1676 3333 malis
1695 3282 1888 3336 nostris
1905 3324 1919 3346 ,
1941 3283 2068 3353 quia

481 3362 541 3417 in
592 3362 787 3419 multos
836 3365 989 3422 divisi
1033 3384 1237 3432 sumus,
1284 3371 1372 3440 qui
1401 3379 1562 3424 antea
1615 3374 1896 3427 concordes
1927 3374 2070 3444 ejus-

484 3454 603 3510 dem
638 3456 853 3529 1306
867 3474 1080 3515 eramus
1108 3462 1399 3517 sentcntiae.
1431 3461 1655 3517 Domine
1685 3464 2064 3532 Deus‘noster,

483 3546 552 3599 da
583 3547 727 3602 nobis
747 3565 951 3620 pacem,
983 3567 1143 3621 quam
1174 3558 1264 3606 tua
1281 3552 1599 3624 negligentes
1644 3565 1907 3627 prmeepta
1943 3575 2065 3627 per-

408 3642 414 3651 ‘
481 3638 732 3693 didimus.
786 3640 1029 3708 Domine,
1073 3633 1266 3713 printer
1288 3651 1338 3697 te
1364 3644 1531 3699 alium
1577 3662 1682 3699 non
1711 3648 2063 3718 cognovimus,

482 3744 673 3787 nomen
704 3738 852 3784 tuum
882 3734 1252 3801 nominamus;
1295 3736 1547 3819 divisa'in
1576 3732 1966 3809 unum'redige,
2014 3748 2067 3793 et

479 3821 759 3883 scpimenti
787 3825 1065 3893 parietem,
1096 3826 1151 3880 id
1194 3839 1268 3881 est
1299 3828 1646 3900 impietatem,
1706 3847 1824 3901 qua:
1880 3840 2064 3887 exorta

478 3925 577 3978 est,
616 3913 861 3970 dissolve.
914 3917 1052 3989 Coge
1094 3936 1187 3974 nos
1229 3920 1488 3992 singulos,
1534 3924 1624 3990 qui
1664 3940 1825 3979 novus
1879 3941 2063 3979 sumus

480 4004 670 4071 Israel,
702 4005 969 4077 aediﬁcetis
986 4008 1308 4076 Jerusalem,
1342 4020 1390 4064 et
1434 4011 1684 4083 colligens
1702 4014 1921 4069 Israelis
1951 4017 2062 4071 dis-

478 4112 679 4169 persos.
739 4096 956 4155 Fiamus
986 4103 1191 4187 iterum,
1210 4102 1345 4158 ovile
1374 4121 1537 4160 unum
1572 4105 1638 4169 δί,
1665 4114 1714 4159 et
1743 4125 1919 4163 omnes
1951 4129 1983 4165 a
2015 4119 2065 4166 te

477 4206 797 4260 pascantur;
855 4209 981 4247 nam
1025 4204 1082 4247 tu
1126 4212 1178 4249 es
1222 4205 1405 4267 pastor
1462 4195 1647 4262 bonus,
1693 4199 1782 4270 qui
1824 4203 2063 4257 animum

478 4287 628 4336 tuam
675 4282 861 4337 dedisti
891 4302 987 4355 pro
1034 4286 1233 4341 ovibus.
1284 4287 1679 4361 Expergiscere,
1714 4308 1808 4345 cur
1837 4293 2058 4360 dormis,

474 4368 740 4425 Domine?
768 4389 1010 4445 exsurge,
1043 4391 1137 4430 nec
1170 4376 1395 4448 repellas
1434 4380 1490 4432 in
1518 4390 1829 4451 perpetuum
1857 4384 1923 4437 δ’.
1956 4383 2061 4438 0b-

2171 3180 2258 3233 ὅτι
2287 3179 2719 3249 εὐφράνθησαν
2749 3180 3071 3250 θυγατέρες
3108 3181 3477 3250 ἀλλοφύλων
3501 3180 3600 3233 ἐπὶ
3628 3179 3760 3245 τοῖς

2169 3270 2480 3341 ἡμετέροις
2502 3272 2727 3338 κακοῖς.
2768 3272 2898 3326 Ὅτι
2927 3272 3326 3342 ἐμερίσθημεν
3354 3275 3443 3338 εις
3469 3270 3759 3342 γλώσσας

2170 3364 2409 3431 πολλὰς
2455 3368 2509 3419 οἱ
2557 3365 2762 3434 πρώην
2788 3364 3267 3435 όμοςρρονοῦντές
3299 3382 3364 3419 τε
3390 3366 3487 3419 καὶ
3523 3368 3757 3434 ὁμοφω-

2170 3458 2445 3525 νοῦντες.
2495 3460 2673 3527 Κύριε
2705 3461 2737 3512 ὁ
2775 3457 2920 3525 Θεὸς
2957 3458 3147 3528 ἡμῶν,
3186 3456 3436 3526 εἱρήνην
3462 3457 3568 3522 δὸς
3606 3455 3758 3523 ημῖν

2174 3550 2257 3619 ἢν
2276 3548 2694 3620 ἀπωλέσαμεν,
2720 3548 2840 3603 τῶν
2864 3548 2994 3603 σῶν
3014 3548 3279 3605 ἐντολῶν
3310 3548 3753 3619 ἀμελήσαντες.

2174 3642 2378 3712 Κύριε,
2417 3642 2591 3708 ἐκτὸς
2627 3642 2743 3697 σοῦ
2783 3642 2978 3697 ἄλλον
3008 3644 3120 3696 οὐκ
3160 3642 3409 3711 οἴδαμεν
3430 3660 3443 3673 ο
3475 3641 3541 3695 τὸ
3564 3640 3759 3711 ὄνομὰ

2172 3751 2291 3789 σου
2322 3733 2686 3803 ὀνομάζομεν
2722 3750 2737 3766 ο
2782 3735 3047 3802 ποίησον
3084 3732 3157 3787 τὰ
3186 3735 3493 3803 ἀμφότερα
3522 3731 3612 3795 ἒν,
3654 3733 3757 3786 καὶ

2166 3826 2231 3879 τὸ
2282 3828 2644 3895 μεσότοιχον
2680 3825 2789 3880 τοῦ
2835 3825 3108 3895 φραγμοῦ
3152 3825 3356 3880 λῦσον
3384 3866 3399 3885 ,
3448 3824 3565 3892 τὴν
3601 3830 3754 3877 ἀνα-

2164 3917 2427 3989 φυεῖσαν
2462 3918 2765 3973 ἀσέϐειαν.
2800 3918 3110 3989 Συνάγαγε
3140 3916 3298 3986 ἡμᾶς
3344 3917 3453 3972 ἕνα
3492 3916 3620 3970 καθ’
3644 3916 3756 3970 ἕνα

2164 4011 2269 4063 τὸν
2314 4009 2458 4064 νέον
2495 4024 2614 4063 σου
2672 4007 2942 4076 Ἰσραὴλ,
2980 4007 3306 4077 οἰκοδομῶν
3351 4006 3757 4075 Ἰερουσαλὴμ

2163 4101 2263 4156 καὶ
2296 4100 2404 4166 τὰς
2434 4099 2769 4166 διασπορὰς
2814 4100 3063 4169 Ἰσραὴλ
3105 4099 3513 4168 ὲπισυνάγπων.
3556 4097 3755 4151 Ferci:-

2158 4198 2309 4265 μεθα
2335 4192 2522 4247 πάλιν
2545 4194 2655 4262 μία
2683 4193 2927 4262 ποίμνη,
2957 4192 3057 4246 καὶ
3084 4191 3307 4258 πάντες
3328 4190 3447 4246 ὑπὸ
3478 4191 3592 4244 σοῦ
3618 4204 3755 4242 ποι-

2090 4280 2093 4285 ’
2157 4284 2527 4355 μανθείημεν
2551 4299 2565 4312 ·
2594 4281 2676 4336 σὺ
2716 4282 2826 4350 γὰρ
2855 4278 2914 4336 εἷ
2946 4283 2978 4335 ό
3004 4282 3232 4350 ποιμὴν
3269 4284 3302 4335 ὁ
3331 4280 3538 4347 καλὸς,
3575 4282 3609 4333 d
3632 4278 3756 4346 τὴν

2161 4375 2376 4445 ψυχὴν
2401 4376 2588 4431 αὑτοῦ
2616 4373 2890 4440 τεθεικὼς
2916 4374 3069 4442 ὑπὲρ
3095 4373 3215 4428 τῶν
3242 4373 3572 4441 προϐάτων.
3617 4370 3752 4437 Ἐξ-

466 4460 636 4533 jurga
668 4479 837 4528 mare,
869 4472 921 4517 et
950 4472 1150 4530 ventos,
1183 4476 1233 4520 et
1263 4466 1510 4522 Ecclesia:
1554 4477 1657 4524 tua:
1685 4471 2059 4542 tranquillita-

2166 4466 2451 4539 εγέρθητι,
2484 4465 2642 4519 ἱνατί
2669 4463 2906 4530 ύπνοῖς,
2949 4464 3169 4531 Κύριε;
3204 4462 3500 4529 ἀνάστηθι
3534 4459 3635 4514 καὶ
3660 4462 3752 4530 μὴ

476 4557 581 4605 tem
628 4561 680 4606 et
725 4556 985 4626 ﬂuctuant
1029 4555 1355 4612 sedationem
1401 4560 1640 4614 concede.
1679 4560 1805 4617 Hinc
1846 4563 2062 4634 aliaque

477 4643 772 4717 ejusmodi,
822 4656 1064 4703 vestram
1106 4663 1237 4721 rcgo
1295 4650 1579 4723 pietatem,
1624 4659 1685 4705 ut
1716 4651 1786 4707 ab
1811 4653 2065 4723 omnipo-

480 4741 632 4789 tente
654 4734 1031 4806 depreccmini
1058 4738 1174 4793 Deo
1199 4756 1213 4805 ;
1243 4739 1392 4809 quia,
1418 4755 1544 4799 eum
1566 4739 1745 4797 bonus
1774 4743 1844 4796 sit
1876 4750 1933 4797 et
1959 4743 2062 4799 h0-

474 4824 688 4879 minum
716 4840 929 4893 amans,
981 4835 1149 4898 atque
1200 4842 1419 4897 semper
1468 4828 1759 4899 indulgens
1792 4831 2063 4887 voluntati

470 4914 718 4982 illorum,
746 4918 839 4988 qui
882 4934 1010 4973 eum
1055 4919 1269 4983 timent,
1298 4927 1536 4974 vestram
1570 4919 1829 4976 exaudiet
1865 4922 2063 4996 depre-

474 5009 775 5072 cationem,
804 5025 871 5064 ac
893 5016 1222 5080 praesentem
1270 5011 1561 5082 caliginem
1615 5010 1866 5084 Egyptia
1905 5014 2062 5087 plaga

473 5099 857 5156 obscuriorem
891 5101 1152 5171 depellet,
1189 5118 1457 5173 suamque
1474 5105 1766 5161 amabilem
1794 5106 2061 5178 largietur

472 5186 954 5258 tranquillitatem,
984 5188 1265 5263 dispersos
1294 5191 1535 5263 colliget,
1578 5203 1636 5249 et
1678 5196 1939 5265 expulsos
1968 5211 2059 5252 re-

472 5277 666 5349 cipiet,
697 5285 861 5348 atque
894 5293 1000 5333 vox
1026 5279 1227 5338 laetitiae
1252 5288 1309 5338 et
1332 5283 1528 5339 salutis
1554 5285 1757 5340 iterum
1788 5287 1843 5341 in
1871 5289 2052 5359 justo—

471 5385 596 5426 rum
628 5368 888 5425 audietur
915 5370 1308 5429 tabernaculis.
1347 5374 1504 5431 Tunc
1553 5384 1611 5431 et
1649 5392 1752 5433 nos
1785 5379 2053 5435 acclama-

469 5461 654 5520 liimus
673 5461 725 5518 ei
756 5479 770 5516 :
802 5481 821 5515 ι
848 5462 1040 5519 ιωιειί
1092 5480 1283 5522 sumus
1329 5484 1431 5539 pro
1479 5469 1696 5537 diebus,
1723 5470 1925 5541 quibus
1948 5488 2051 5528 nos

538 5621 583 5649 ⁵³⁸
606 5617 764 5674 Joan.
799 5619 991 5684 1H,“).
1071 5622 1252 5678 "‘Joel
1324 5640 1380 5689 ιι,
1413 5626 1492 5679 l7.
1571 5627 1615 5659 ⁸⁰
1652 5627 1795 5683 Psal.
1825 5645 2037 5697 [χχι-ιιι,
2066 5631 2094 5685 4

509 5764 515 5779 ’
542 5769 651 5842 (63)
681 5776 827 5846 τρεῖς
858 5776 1019 5832 Vind.
1052 5779 1267 5836 vitiose.

2160 4558 2377 4626 ἁπώσῃ
2426 4560 2515 4624 εἷς
2547 4558 2722 4622 τέλος
2748 4573 2762 4586 ·
2813 4555 3176 4623 ἐπιτίμησον
3216 4553 3342 4620 τοῖς
3372 4553 3616 4621 ἀνέμοις
3648 4551 3751 4603 καὶ

2159 4648 2236 4717 τῇ
2266 4648 2529 4719 θαλάττῃ
2552 4665 2567 4680 ·
2598 4648 2695 4701 καὶ
2720 4646 2825 4712 δὸς
2850 4646 3129 4716 γαλήνην
3158 4640 3236 4713 τῇ
3273 4643 3601 4741 Ἐκκλησία
3625 4654 3752 4741 σου

2160 4741 2255 4795 καὶ
2291 4740 2569 4810 κυμάτων
2615 4737 3000 4808 ἀπαλλαγήν.
3032 4735 3220 4790 Ταῦτα
3251 4735 3347 4789 καὶ
3384 4734 3485 4788 ὅσα
3517 4734 3750 4786 τοιαῦτα

2132 4810 2467 4904 Ι’παρακαλῶ
2492 4831 2591 4902 τὴν
2628 4830 2901 4902 ὑμετέραν
2950 4828 3265 4883 θεοσέϐειαν
3309 4827 3438 4897 βοᾷν
3473 4826 3611 4895 πρὸς
3653 4821 3751 4877 τὸν

2160 4925 2268 4978 τῶν
2298 4925 2435 4979 ὅλων
2474 4924 2605 4978 Θεόν
2633 4941 2646 4956 ο
2687 4922 2891 4992 ἀγαθὸς
2931 4922 3041 4993 γὰρ
3083 4920 3159 4975 ὢν
3208 4920 3305 4974 καὶ
3340 4916 3746 4988 φιλάνθρωπος,

2161 5018 2254 5073 καὶ
2297 5017 2359 5070 τὸ
2391 5017 2604 5087 θέλημα
2649 5016 2759 5070 τῶν
2805 5014 3160 5086 φοϐουμένων
3193 5013 3358 5066 αὐτὸν
3418 5009 3591 5062 ποιῶν
3635 5010 3745 5071 ἀεὶ,

2156 5109 2255 5181 τῆς
2277 5108 2548 5180 ὑμετέρας
2566 5106 2677 5178 (69)
2692 5107 2928 5178 δεήσεως
2957 5103 3346 5168 ἐπακούσεται,
3364 5100 3459 5155 καὶ
3488 5100 3746 5171 τὸνπαρ-

2157 5201 2486 5269 όντα.ζόφον
2529 5198 2891 5253 ἀποσκεδάσει
2922 5197 3013 5251 τὸν
3054 5196 3154 5265 τῆς
3186 5194 3567 5263 Αἰγυπτιακῆς
3601 5190 3749 5259 πλη-

2160 5292 2264 5362 γῆς
2312 5291 2738 5363 ζοφωδέστερον,
2778 5288 2876 5342 καὶ
2918 5289 3018 5359 τὴν
3062 5286 3227 5341 αὑτοῦ
3264 5286 3425 5357 φίλην
3471 5287 3748 5356 χαριεῖται

2159 5383 2427 5455 γαλήνην,
2484 5380 2580 5436 καὶ
2627 5379 2843 5446 συνάξει
2890 5380 3016 5441 τοὺς
3065 5376 3608 5448 διεσκορπισμένους,
3652 5378 3750 5430 καὶ

2157 5473 2285 5536 τοὺς
2315 5470 2677 5540 ἀπωσμένους
2710 5467 3024 5535 εἰσδέξεται.
3056 5467 3169 5521 Καὶ
3214 5466 3615 5538 ἀκουσθήσεται
3643 5467 3753 5521 nit-

2106 5672 2117 5684 .
2195 5630 2236 5661 δ’
2263 5629 2419 5685 Joan.
2455 5645 2509 5692 x,
2543 5626 2628 5681 lO.
2705 5627 2752 5657 δ’
2788 5626 2927 5681 Psal.
2968 5641 3117 5692 mu,
3147 5624 3237 5681 εδ.

2231 5784 2341 5856 (69)
2368 5800 2413 5835 τ.
2453 5784 2611 5855 iusst.
2636 5781 2807 5836 Mans.
