4072 6446
382 391 522 460 1433

1755 350 2119 464 EPISTOlA
2150 404 2290 464 CLI.

3515 400 3658 470 1.436

379 510 465 563 λιν
490 504 642 578 φωνὴ
671 505 1046 576 ἀγαλλιάσεως
1076 507 1169 560 καὶ
1209 507 1486 580 σωτηρίας
1518 511 1576 563 ἐν
1621 512 1851 581 σκηναῖς
1889 513 1968 563 δι-

2080 510 2417 568 humiliasti:
2464 510 2643 577 annis,
2691 512 2895 582 quibus
2927 512 3170 569 vidimus
3208 512 3352 567 mala
3382 512 3449 567 ⁵³.
3491 531 3511 565 ι
3542 514 3656 570 Vos

379 600 570 653 καίων.
602 598 737 651 Τότε
769 598 865 652 καὶ
887 601 1049 670 ἡμεῖς
1086 598 1354 670 βοήσομεν
1384 600 1522 672 πρὸς
1555 601 1718 655 αὐτόν
1746 619 1759 632 ·
1810 620 1829 653 ι
1860 602 1963 654 Εὑ-

378 690 696 762 φράνθημεν
721 690 837 744 ἀνθ’
869 684 944 744 ὧν
964 693 1188 762 ἡμερῶν
1218 692 1588 757 ἐταπείνωσας
1620 694 1768 764 ήμᾶς
1823 691 1959 764 (70),

378 783 516 835 ἐτῶν
540 776 614 836 ὧν
644 782 863 853 εἴδομεν
888 782 1054 837 κακά.
1096 801 1115 833 ι
1148 784 1258 836 Kal
1296 784 1453 854 ὑμεῖς
1478 785 1535 838 δὲ
1567 786 1666 854 τῆς
1691 785 1963 857 αἰτήσεως

376 873 653 943 τυχόντες,
688 873 1060 944 ἀιδυμνοῦντες
1088 875 1249 927 αὐτὸν
1272 877 1448 946 ἐρεῖτε
1484 893 1500 908 ·
1538 894 1558 928 ι
1588 875 1895 946 Εὐλογητὸς
1933 876 1962 927 6

2070 612 2254 657 autem
2280 603 2428 657 nacti
2473 603 2924 672 postulationem,
2955 605 3244 660 laudantes
3263 619 3388 659 eum
3414 604 3610 659 dicetis
3638 622 3653 658 :

2078 714 2095 746 ι
2132 694 2461 750 Benedictus
2499 695 2784 760 Dominus,
2834 696 2931 765 qui
2984 711 3096 750 non
3130 696 3336 752 amovit
3377 696 3657 750 orationes

2069 794 2308 848 nostras,
2339 794 2398 839 et
2426 785 2864 840 misericordiam
2890 802 3045 842 suam
3074 803 3106 842 a
3137 786 3402 842 nobis.Ei
3436 786 3509 841 sit
3535 785 3654 857 glo-

2072 874 2156 928 ria
2178 873 2236 928 in
2260 876 2481 930 saecula.
2515 875 2689 931 Amen
2715 878 2782 931 ”.
2825 895 2843 928 ι

378 965 514 1029 Θεὸς
540 963 599 1028 ὃς
635 966 736 1020 οὐκ
773 967 1052 1039 ἀπέστησε
1085 969 1185 1039 τὴν
1210 969 1516 1042 προσευχὴν
1562 970 1744 1042 ἡμῶν,
1777 970 1871 1024 xal
1898 968 1960 1021 τὸ
1998 966 2144 1031 ἔλεος
2167 968 2332 1023 αὑτοῦ
2367 970 2458 1038 ἀφ’
2489 969 2666 1042 ἡμῶν.
2698 971 2857 1042 Αὐτῷ
2880 975 2914 1043 ἡ
2958 948 3100 1037 δόξα
3156 975 3238 1037 είς
3265 974 3390 1036 τοὺς
3423 970 3652 1034 αἰῶνας.

392 1054 587 1131 Ἀμήν.
631 1080 649 1111 ι

380 1173 515 1226 Ὀτι
541 1172 637 1226 καὶ
666 1172 819 1242 μετὰ
852 1172 967 1239 τὴν
1002 1173 1462 1241 ἐνανθρώπησιν
1492 1167 1584 1241 εἷς
1634 1178 1757 1243 ﬂag
1794 1195 1825 1230 ο
1849 1177 1964 1231 Κύ-

717 1259 853 1311 ριος
876 1243 1048 1313 ἡμῶν
1088 1244 1328 1311 Ἰησοῦς
1351 1246 1623 1313 Χριστός.

460 1355 523 1406 Οἱ
551 1353 648 1417 τὰς
678 1352 803 1407 καθ’
852 1354 1008 1426 ήμῶν
1043 1354 1409 1423 συκοφαντίας
1441 1356 1849 1415 συντεθεικότες
1883 1354 1964 1417 είς

380 1445 479 1500 δύο
520 1446 763 1516 μερίζειν
783 1448 929 1517 ήμᾶς
958 1463 1120 1516 φασιν
1144 1447 1256 1517 (7-1)
1289 1448 1438 1512 υἱοὺς
1479 1448 1569 1502 τὸν
1618 1448 1715 1503 Eva
1760 1446 1966 1519 Κύριον

382 1537 544 1608 ἡμῶν
581 1537 788 1606 Ἰησοῦν
815 1538 1070 1609 Χριστόν.
1103 1538 1294 1609 Ἡμεῖς
1320 1538 1377 1591 δέ
1410 1538 1664 1593 τοσοῦτον
1692 1539 1968 1609 ἀπέχομεν

381 1628 484 1681 τοῦ
525 1628 701 1682 ταῦτα
739 1632 977 1700 φρονεῖν,
1008 1631 1089 1683 ὃτι
1125 1630 1219 1684 καὶ
1264 1632 1391 1693 τοὺς
1419 1630 1591 1684 ταῦτα
1626 1631 1805 1700 λέγειν
1845 1629 1970 1683 τολ-

387 1719 610 1790 μῶντας
655 1720 767 1791 (72)
801 1721 1119 1785 δυσσεϐείας
1159 1721 1502 1792 γραφόμεθα.
1535 1722 1675 1775 Ἕνα
1704 1721 1811 1793 γὰρ
1841 1720 1969 1774 Υίὸν

2136 1174 2348 1244 1307
2382 1173 2544 1245 Quod
2572 1185 2622 1230 et
2650 1186 2765 1245 post
2794 1177 3140 1229 humanitatis
3171 1184 3601 1245 assumptionem,

2134 1246 2319 1300 unicus
2352 1244 2521 1300 Filius
2548 1247 2618 1300 sit
2647 1244 2903 1301 Dominus
2934 1253 3113 1300 noster
3139 1245 3292 1300 Iesus
3323 1244 3580 1303 Christus.

2141 1355 2246 1423 Qui
2281 1358 2586 1413 calumnias
2632 1358 2687 1413 in
2731 1372 2835 1413 nos
2873 1358 3266 1424 contulerunt,
3304 1358 3358 1413 in
3396 1358 3536 1413 duos
3568 1359 3654 1414 dt—

2075 1458 2210 1505 cunt
2249 1449 2393 1511 ﬂlios
2409 1464 2511 1505 nos
2526 1450 2778 1506 dividere
2814 1449 3038 1504 unicum
3074 1448 3368 1504 Dominum
3407 1461 3656 1506 nostrum

2073 1543 2259 1598 Jesum
2281 1541 2581 1597 Christum.
2614 1543 2818 1597 Verum
2842 1548 3052 1596 tantum
3098 1540 3255 1596 abest
3306 1548 3367 1595 ut
3396 1557 3500 1597 nos
3529 1542 3655 1597 talia

2076 1633 2401 1705 cogitemus,
2430 1639 2493 1688 ut
2520 1642 2578 1688 et
2598 1632 2722 1687 illos
2744 1632 2837 1703 qui
2861 1648 2927 1687 ea
2955 1630 3140 1687 dicere
3157 1632 3381 1698 audent,
3406 1633 3657 1703 impieta-

2077 1725 2147 1779 tis
2169 1738 2510 1779 accusemus.
2540 1722 2676 1778 Nam
2704 1722 2927 1777 unicum
2944 1720 3146 1777 Filium
3179 1723 3433 1778 venerari
3452 1739 3483 1777 a
3501 1739 3657 1779 sacra

384 1809 543 1880 παρὰ
601 1810 704 1880 τῆς
750 1810 899 1874 θείας
946 1811 1172 1881 Γραφῆς
1218 1815 1542 1882 προσκυνεῖν
1585 1812 1965 1883 ἐδιδάχθημεν,

2080 1817 2360 1888 Scriptura
2384 1817 2567 1873 edocti
2598 1832 2811 1882 sumus,
2848 1816 3140 1871 Dominum
3176 1816 3389 1872 scilicet
3404 1823 3655 1870 nostrum

381 1898 480 1951 τὸν
530 1896 733 1967 Κύριον
784 1898 944 1968 ήμῶν
996 1898 1205 1969 Ἰησοῦν
1252 1899 1507 1971 Χριστὸν,
1553 1899 1645 1953 τὸν
1697 1898 1965 1970 μονογενῆ

386 1988 519 2041 Υἱὸν
562 1987 659 2041 τοῦ
713 1987 873 2055 Θεοῦ,
916 1988 1008 2042 τὸν
1048 1989 1543 2061 ἐνανθρωπήσαντα
1591 1990 1723 2045 Θεὸν
1758 1992 1965 2059 Λόγον·

383 2081 481 2136 τὸν
524 2081 633 2152 γὰρ
672 2081 834 2134 αὐτὸν
871 2081 1274 2152 ὁμολογοῦμεν,
1313 2083 1409 2135 καὶ
1445 2082 1577 2136 Θεὸν
1624 2083 1968 2155 προαιώνιον,

387 2174 486 2226 καὶ
519 2173 805 2257 ἄνθρωπον
836 2173 924 2228 διά
956 2173 1056 2244 τὴν
1095 2173 1204 2229 τῶν
1235 2173 1540 2245 ἀνθρώπων
1583 2176 1859 2247 σωτηρίαν
1884 2176 1970 2228 ἐπ’

386 2264 633 2335 ἐσχάτων
665 2264 780 2335 (75)
817 2265 929 2318 τῶν
962 2263 1184 2335 ἡμερῶν
1220 2267 1510 2335 γενόμενον
1537 2280 1549 2294 ·
1598 2266 1890 2336 γενόμενον
1915 2264 1973 2317 δέ

385 2358 675 2429 ἄνθρωπον
711 2358 773 2413 οὐ
803 2359 869 2429 τῇ
903 2361 1077 2430 τροπῇ
1111 2358 1207 2429 τῆς
1239 2360 1514 2430 Θεότητος,
1546 2360 1683 2414 ἀλλὰ
1714 2364 1781 2431 τῇ
1806 2377 1974 2432 προσ-

386 2451 552 2521 λήψει
602 2451 701 2519 τῆς
745 2448 1184 2520 ἀνθρωπότητος.
1239 2451 1544 2521 ’Λτρεπτον
1587 2449 1699 2521 γὰρ
1728 2449 1839 2520 ἔχει
1873 2451 1972 2518 τὴν

386 2543 492 2613 τῆς
516 2542 769 2613 θεότητος
803 2542 963 2611 φύσιν
992 2542 1084 2595 καὶ
1114 2540 1496 2604 ἀναλλοίωτον,
1527 2540 1782 2611 καθάπερ
1810 2541 1838 2594 6
1866 2540 1973 2612 πρὸ

386 2635 500 2688 τῶν
526 2620 736 2687 αἰώνων
765 2633 1031 2705 γεννήσας
1058 2633 1219 2686 αὐτὸν
1245 2633 1458 2703 Πατὴρ,
1485 2632 1580 2686 καὶ
1611 2633 1748 2703 ὅπερ
1777 2632 1843 2686 ἄν
1886 2648 1972 2695 τις

391 2732 486 2783 ἐπὶ
512 2732 609 2803 τῆς
632 2729 727 2785 τοῦ
757 2730 968 2802 [ἰατρὸς
993 2730 1182 2793 οὐσίας
1211 2730 1443 2802 νοήσειε,
1486 2727 1584 2782 καὶ
1626 2727 1718 2780 ἐπὶ
1747 2725 1847 2796 τῆς
1875 2724 1971 2779 τοῦ

390 2821 732 2891 Μονογενοῦς
761 2820 920 2875 τοῦτο
952 2821 1169 2884 πάντως
1198 2822 1442 2891 εὑρήσει.
1492 2820 1583 2884 Ἐξ
1615 2817 1834 2890 ἐκείνης
1865 2815 1973 2887 γὰρ
1998 2878 2003 2881 _

391 2913 494 2985 τῆς
518 2913 705 2977 οὐσίας
732 2912 1071 2982 γεγέννηται.
1100 2913 1211 2964 Kal
1240 2911 1398 2965 τοῦτο
1417 2910 1685 2965 διδάσκων
1717 2910 1745 2962 6
1772 2909 1974 2980 Κύριος

394 3006 501 3077 ἔφη
529 3006 605 3078 τῷ
641 3005 895 3076 Φιλίππῳ
926 3022 941 3036 ·
993 3025 1012 3057 ι
1053 3005 1112 3058 '0
1157 3004 1420 3075 ἑωρακὼς
1469 3004 1592 3077 ἐμὲ,
1639 3004 1850 3076 ἑώρακε
1884 3001 1975 3057 τὸν

396 3097 642 3166 Πατέρα.
680 3115 699 3148 ι
739 3096 850 3150 Kal
885 3093 1045 3149 πάλιν
1085 3095 1312 3167 ἑτέρωθι
1336 3113 1350 3127 ·
1389 3114 1408 3147 ι
1450 3095 1637 3149 Πάντα
1666 3094 1766 3148 ὅσα
1805 3092 1924 3165 ἔχει
1947 3094 1976 3147 6

398 3188 611 3260 Πατὴρ,
667 3187 779 3259 ἐμά
818 3188 954 3241 ἐστι.
998 3205 1017 3238 ι
1073 3187 1185 3241 Kal
1231 3184 1504 3257 ἀλλαχοῦ·
1557 3204 1578 3238 ι
1615 3186 1759 3255 Ἐγὼ
1805 3185 1903 3239 καὶ
1951 3187 1980 3239 6

399 3278 589 3349 Πατὴρ
611 3278 669 3331 ἓν
695 3280 883 3349 ἐσμεν.
921 3297 940 3330 ι
976 3277 1087 3330 Kal
1124 3276 1289 3346 ἐτερα
1315 3276 1373 3329 δέ
1407 3274 1577 3348 μυρία
1609 3275 1755 3329 ἔστιν
1794 3277 1981 3346 εὑρεῖν

397 3369 461 3421 τὸ
482 3369 676 3422 ταυτὸν
705 3369 803 3438 τῆς
846 3366 1032 3429 οὐσίας
1062 3365 1397 3447 σημαίνοντα

474 3459 607 3522 Θεὸς
642 3458 740 3526 μὲν
786 3452 880 3511 οὖν
919 3457 1020 3510 οὐκ
1066 3455 1306 3523 ἐγένετο,
1342 3455 1456 3508 ἀλλ’
1485 3451 1591 3526 ἦν·
1643 3473 1662 3506 ι
1707 3456 1797 3508 Ἐν
1825 3455 1968 3545 ἀρχῇ

402 3552 511 3622 γάρ
525 3551 633 3623 (τό)
651 3547 718 3623 ἦν
736 3553 763 3604 6
791 3549 985 3619 Λόγος,
1009 3548 1103 3603 καὶ
1129 3551 1156 3602 6
1179 3549 1351 3617 Λόγος
1366 3545 1432 3620 ἦν
1447 3548 1581 3620 πρὸς
1602 3548 1693 3602 τὸν
1712 3547 1865 3613 Θεὸν,
1890 3548 1984 3601 καὶ

404 3645 536 3708 Θεὸς
566 3640 635 3717 ἦν
661 3646 695 3713 6_
721 3644 912 3712 Λόγος.
953 3662 972 3694 ι
1015 3641 1337 3713 ’Ἄνθρωπος
1374 3641 1431 3696 δὲ
1462 3643 1563 3696 οὐκ
1587 3636 1676 3714 ἦν,
1712 3642 1828 3695 ἀλλ’
1859 3641 1982 3710 ἐγέ-

406 3754 545 3800 νετο,
573 3737 790 3806 ἐγένετο
818 3736 874 3789 δὲ
900 3734 1224 3806 προσλαϐὼν
1252 3734 1313 3787 τὸ
1340 3735 1609 3806 ἡμέτερον
1633 3752 1647 3765 ·
1678 3733 1838 3789 τοῦτο
1876 3735 1982 3805 γὰρ

406 3831 434 3880 6
463 3826 734 3898 μακάριος
766 3824 868 3897 ἔφη
901 3823 1137 3889 Παῦλος·
1169 3844 1187 3876 ι
1219 3826 1316 3887 Ὃς
1342 3826 1399 3877 ἐν
1432 3826 1613 3894 μορφῆ
1639 3823 1776 3876 Θεοῦ
1806 3823 1983 3894 ὑπάρ-

406 3937 537 3991 χων,
565 3920 662 3990 οὐχ
693 3918 982 3991 ἁρπαγμὸν
1009 3918 1254 3989 ἡγήσατο
1287 3917 1348 3971 τὸ
1386 3913 1525 3969 εῖναι
1574 3917 1664 3970 ῖσα
1694 3916 1830 3987 Θεῷ,
1868 3917 1984 3970 ἀλλ’

409 4009 601 4065 ἐαυτὸν
620 4010 877 4073 ὲκένωσε,
905 4010 1118 4079 μορφὴν
1140 4007 1328 4061 δούλου
1356 4005 1560 4061 λαϐὼν.
1590 4027 1607 4059 ι
1639 4007 1750 4059 Kal
1780 4007 1943 4060 πάλιν
1965 4023 1980 4039 ·

415 4123 433 4155 ι
465 4103 538 4157 Οὐ
575 4101 683 4172 γὰρ
706 4102 873 4172 δήπου
900 4099 1148 4169 ἀγγέλων
1171 4099 1625 4171 ἐπιλαμϐάνεται,
1652 4096 1790 4151 ἀλλά
1813 4098 1983 4169 σπέρ-

412 4210 581 4264 ματος
612 4190 863 4263 ’Δϐραάμ
891 4189 1345 4261 ἐπιλαμϐάνεται.
1377 4208 1395 4241 ι
1423 4191 1534 4243 Kal
1558 4186 1714 4255 αὖθις
1735 4209 1748 4223 ·
1778 4209 1797 4243 ι
1834 4190 1986 4244 Ἐπεὶ

408 4283 503 4343 οὖν
553 4286 621 4340 τὰ
673 4285 855 4339 παιδία
905 4281 1272 4354 κεκοινώνηκε
1336 4282 1537 4355 σαρκὸς
1584 4283 1677 4336 καὶ
1729 4283 1982 4352 αἵματος,

410 4379 808 4451 παραπλησίως
842 4376 937 4431 καὶ
964 4375 1125 4439 αὐτὸς
1148 4374 1379 4446 μετέσχε
1409 4375 1516 4428 τῶν
1545 4372 1744 4429 αὐτῶν.
1773 4391 1792 4425 ι
1830 4371 1987 4427 Οὕτω

2070 1910 2259 1965 Jesum
2293 1909 2599 1974 Christum,
2642 1908 2993 1979 unigenitum
3027 1908 3228 1963 Filium
3264 1907 3382 1973 Dei,
3414 1907 3655 1964 Verbum

2072 2003 2264 2067 Deum,
2299 2001 2448 2072 quod
2471 2002 2774 2056 humanum
2800 2017 3001 2072 corpus
3030 2002 3357 2072 assumpsit,
3386 2016 3451 2055 ac
3470 2000 3654 2070 ipsum

2072 2094 2247 2148 Deum
2263 2109 2383 2148 esse
2405 2093 2801 2163 sempiternum
2824 2092 3082 2159 fatemur,
3101 2099 3159 2147 et
3175 2091 3454 2146 hominem
3474 2096 3659 2145 extre-

2074 2185 2553 2255 misltemporibus
2574 2183 2801 2249 factum,
2824 2192 3052 2254 propter
3072 2184 3305 2242 salutem
3327 2183 3612 2238 hominum
3643 2199 3655 2234 :

2074 2276 2281 2331 factum
2311 2282 2519 2341 autem,
2556 2291 2668 2330 non
2701 2274 3009 2329 mutatione
3051 2272 3380 2337 divinitatis,
3422 2271 3519 2327 sed
3557 2272 3661 2325 hu-

2075 2365 2222 2420 mani
2268 2364 2522 2435 corporis
2570 2363 2992 2433 assumptione;
3047 2360 3446 2417 immutabilem
3495 2352 3664 2413 habet

2075 2455 2382 2511 divinitatis
2405 2464 2680 2519 naturam,
2708 2470 2891 2525 neque
2924 2451 3295 2509 vicissitudini
3334 2451 3660 2522 subiectam,

2074 2542 2540 2613 quemadmodum
2572 2543 2757 2608 Pater,
2799 2542 2896 2612 qui
2941 2557 3069 2598 eum
3098 2549 3235 2596 ante
3274 2541 3471 2595 saecula
3498 2555 3661 2610 gene~

2075 2634 2246 2700 ravit;
2294 2644 2352 2689 et
2404 2633 2678 2703 quidquid
2728 2632 2798 2688 de
2840 2634 3020 2689 Patris
3061 2642 3259 2688 natura
3306 2631 3659 2703 intelligitur,

2074 2724 2242 2779 etiam
2275 2724 2332 2778 in
2364 2723 2643 2794 Unigeniti
2671 2732 2872 2779 natura
2926 2724 3154 2779 omnino
3205 2724 3506 2787 invenitur,
3534 2737 3661 2777 cum

2075 2831 2142 2871 ex
2171 2814 2366 2870 eadem
2384 2822 2544 2870 natus
2569 2815 2643 2869 sit
2675 2824 2873 2870 natura
2912 2833 2927 2869 :
2973 2815 3191 2885 hocque
3238 2814 3446 2871 docens
3471 2814 3661 2868 Domi-

2076 2922 2202 2971 nus,
2236 2905 2376 2960 dixit
2401 2905 2701 2975 Philippo:
2751 2925 2770 2957 ι
2799 2904 2903 2972 Qui
2942 2904 3096 2960 videt
3131 2921 3241 2969 me,
3279 2904 3434 2960 videt
3467 2912 3521 2958 et
3555 2904 3661 2959 Pa-

2079 3010 2220 3055 trem
2245 2998 2314 3053 ".
2351 3017 2369 3050 ι
2407 2996 2478 3053 Et
2500 2995 2702 3053 iterum
2729 2994 2988 3054 aliunde:
3023 3014 3042 3050 ι
3078 2994 3277 3053 Omnia
3322 3010 3664 3068 quaecunque

2006 3128 2051 3186 α
2080 3088 2247 3142 habet
2278 3087 2462 3152 Pater,
2484 3102 2609 3142 mea
2644 3094 2775 3142 sunt
2800 3087 2873 3142 ".
2913 3106 2932 3139 ι
2977 3088 3045 3143 Et
3075 3086 3208 3142 alibi
3233 3105 3247 3142 :
3287 3106 3305 3139 ι
3340 3088 3454 3158 Ego
3479 3095 3536 3142 et
3566 3088 3665 3143 Pa-

2086 3190 2172 3236 ter
2224 3195 2395 3235 unum
2435 3194 2626 3235 sumus
2664 3178 2735 3233 ⁸⁷.
2774 3198 2797 3230 ιν
2846 3179 2915 3234 Et
2954 3179 3063 3233 alia
3101 3179 3392 3234 innumera
3429 3178 3664 3240 inveniri

2082 3282 2333 3344 possunt,
2361 3288 2483 3342 quae
2509 3280 2718 3327 naturae
2740 3272 3050 3344 signiﬁcant
3085 3274 3547 3330 convenientiam.

2153 3459 2299 3514 Deus
2342 3458 2511 3530 igitur
2560 3460 2791 3516 minime
2838 3462 3017 3517 factus
3065 3471 3170 3527 est,
3208 3462 3304 3517 sed
3340 3475 3459 3517 erat
3495 3480 3507 3515 :
3552 3482 3571 3514 ‹
3604 3463 3664 3517 In

2084 3550 2357 3622 principio
2379 3551 2526 3606 enim
2569 3560 2689 3607 erat
2709 3552 2976 3618 Verbum,
3007 3563 3063 3609 et
3092 3555 3333 3609 Verbum
3362 3565 3482 3610 erat
3520 3555 3667 3625 apud

2083 3642 2279 3705 Deum,
2307 3649 2364 3698 et
2392 3643 2536 3697 Deus
2570 3650 2691 3697 erat
2718 3643 2961 3698 Verbum
2987 3643 3053 3698 ⁸⁸.
3097 3663 3116 3696 ι
3162 3643 3339 3700 Homo
3380 3660 3516 3699 vero
3556 3662 3664 3701 non

2084 3733 2333 3799 erat,sed
2357 3733 2533 3788 factus
2551 3741 2671 3801 est;
2702 3732 3079 3789 factusautem
3111 3742 3476 3801 est,nostram
3516 3752 3670 3791 assu-

2085 3840 2241 3880 mens
2258 3831 2534 3890 naturam;
2563 3824 2734 3879 ethoc
2758 3824 2952 3880 beatus
2967 3826 3169 3880 Paulus
3194 3826 3332 3880 dixit
3356 3844 3400 3879 :a
3421 3826 3667 3893 Quicum

2087 3920 2144 3974 in
2176 3917 2352 3973 forma
2377 3916 2473 3971 Dei
2519 3925 2683 3983 esset,
2712 3933 2823 3972 non
2847 3917 3095 3988 rapinam‘
3121 3918 3337 3990 1308
3366 3919 3669 3975 arbitratus

2087 4019 2173 4068 est
2205 4026 2327 4065 esse
2354 4024 2412 4064 se
2439 4009 2706 4079 aequalem
2747 4010 2881 4075 Deo,
2909 4010 3005 4065 sed
3033 4010 3389 4080 semetipsum
3417 4010 3668 4066 exinani-

2087 4104 2187 4168 vit,
2213 4104 2445 4157 formam
2470 4102 2615 4155 servi
2643 4102 2921 4171 accipiens
2949 4104 3015 4157 ⁸⁹.
3049 4123 3067 4154 ι
3097 4105 3165 4159 Et
3199 4104 3400 4159 iterum
3428 4119 3442 4158 :
3487 4123 3505 4155 ι
3531 4103 3672 4158 Nus-

2087 4210 2251 4265 quam
2280 4194 2429 4247 enim
2455 4193 2679 4263 angelos
2705 4193 3090 4263 apprehendit,
3130 4194 3225 4249 sed
3253 4210 3442 4250 semen
3492 4194 3668 4249 Abra-
3719 4233 3735 4244 .

2087 4285 2173 4341 has
2199 4283 2569 4355 apprehendit
2600 4283 2668 4336 “.
2704 4301 2724 4334 ι
2778 4283 2848 4337 Et
2877 4283 3097 4338 denuo:
3138 4302 3159 4335 ι
3191 4284 3330 4352 Quia
3355 4300 3487 4355 ergo
3512 4283 3671 4354 pueri

2088 4374 2635 4431 communicaverunt
2658 4373 2809 4428 carni
2830 4381 2888 4428 et
2916 4372 3188 4444 sanguini,
3219 4381 3278 4429 et
3321 4374 3438 4445 ipse
3472 4373 3672 4429 simili-

412 4447 507 4527 καῖ
541 4447 780 4542 παθητὸς
809 4466 878 4542 ἦν
915 4471 1008 4524 καὶ
1042 4469 1278 4540 ἀπαθὴς,
1311 4468 1405 4521 καὶ
1435 4465 1626 4536 θνητὸς
1655 4465 1751 4520 καὶ
1786 4465 1979 4519 ἀθάνα-

2089 4477 2172 4523 ter
2211 4447 2560 4538 participavit
2592 4465 2803 4520 eisdem
2832 4467 2898 4520 ".
2931 4485 2949 4517 ι
2983 4465 3075 4521 Sic
3102 4475 3158 4520 et
3190 4465 3514 4536 impatibilis
3551 4473 3674 4520 erat

411 4581 536 4628 τος·
574 4562 815 4633 παθητὸς
845 4561 943 4632 μὲν
981 4563 1078 4615 καὶ
1116 4559 1308 4631 θνητὸς
1334 4558 1409 4624 ὡς
1436 4557 1744 4629 ἀνθρωποῖν
1776 4556 1992 4626 ἀπαθὴς

411 4640 471 4710 δὲ
507 4657 603 4711 καὶ
641 4655 910 4718 ἀθάνατος
941 4653 1017 4718 ὡς
1055 4653 1210 4716 Θεός.
1252 4652 1340 4715 Ὧς
1364 4650 1475 4722 γὰρ
1511 4650 1644 4715 Θεὸς
1683 4649 1782 4721 τὴν
1817 4649 1995 4720 σάρκα

373 4748 513 4824 1τὴν
553 4747 760 4802 οἰκείαν
801 4745 1128 4817 τεθνηκυῖαν
1163 4745 1491 4815 ἀνέστησεν·
1524 4742 1689 4796 αὐτοῦ
1730 4741 1839 4812 γάρ
1879 4741 1996 4794 ἐστι

415 4843 606 4913 φωνή·
639 4859 657 4892 ι
688 4838 901 4893 Λύσατε
924 4838 1017 4892 τὸν
1039 4837 1166 4892 ναὸν
1192 4837 1403 4903 τοῦτον,
1434 4836 1531 4891 καὶ
1554 4837 1613 4890 ἐν
1648 4839 1830 4910 τρισὶν
1859 4836 1998 4908 ήμέ-

417 4947 541 5004 ραις
573 4929 753 5001 ἐγερῶ
780 4927 943 4981 αὐτόν
964 4944 979 4958 ·
1015 4945 1034 4979 ι
1061 4927 1156 4981 καὶ
1182 4927 1256 4991 ὡς
1285 4927 1572 4999 ἄνθρωπος
1597 4927 1655 4981 δὲ
1692 4928 1855 5000 μέχρι
1895 4926 1990 4982 τοῦ

419 5021 626 5084 πάθους
650 5016 719 5092 ἦν
748 5016 987 5088 παθητὸς
1014 5018 1110 5070 καὶ
1141 5015 1333 5086 θνητός
1366 5034 1380 5049 ·
1422 5018 1562 5086 μετά
1588 5019 1697 5091 γὰρ
1735 5021 1835 5091 τὴν
1865 5019 1999 5073 ἀνά..

424 5127 633 5172 στασιν,
655 5108 748 5162 καὶ
768 5107 844 5171 ὡς
866 5104 1152 5175 ἄνθρωπος
1179 5103 1293 5175 ἔχει
1334 5104 1433 5175 τὴν
1478 5106 1750 5159 ἀπάθειαν
1781 5108 1874 5160 καὶ
1899 5108 2000 5178 τὴν

421 5199 718 5257 ἀθανασίαν
769 5199 864 5253 καὶ
896 5197 995 5267 τὴν
1021 5195 1360 5265 ἀφθαρσίαν·
1394 5194 1489 5248 καὶ
1529 5195 1628 5258 τὰς
1673 5195 1999 5266 θεοπρεπεῖς

422 5292 649 5364 ἀφίησιν
678 5290 966 5360 ἀστραπάς
989 5302 1003 5316 ·
1031 5287 1131 5341 οὐκ
1162 5286 1243 5348 είς
1270 5285 1523 5355 θεότητος
1549 5284 1708 5355 φύσιν
1737 5285 1877 5339 κατὰ
1900 5285 2001 5357 τήν

422 5382 604 5437 σάοκα
633 5378 1018 5452 μεταϐληθεὶς,
1045 5375 1182 5431 ἀλλά
1216 5375 1317 5445 τῆς
1348 5375 1768 5448 ἀνθρωπότητος
1798 5374 2002 5445 φυλάτ-

2091 4568 2148 4615 ct
2175 4558 2487 4629 impatiens,
2515 4569 2573 4615 et
2617 4558 2866 4614 mortalis
2920 4567 2978 4614 et
3028 4558 3375 4614 immortalis.
3424 4557 3676 4612 Patibilis

2093 4648 2315 4719 quidem
2341 4655 2399 4703 et
2432 4647 2700 4713 mortalis,
2722 4662 2834 4718 qua
2862 4647 3060 4713 homo;
3086 4646 3377 4717 impatiens
3405 4654 3589 4702 autem
3619 4653 3677 4700 et

2095 4739 2444 4802 immortalis,
2500 4755 2609 4810 qua
2648 4739 2811 4794 Deus.
2848 4736 2965 4805 Qua
2998 4737 3146 4792 Deus
3203 4735 3353 4792 enim
3392 4734 3677 4806 proprium

2095 4848 2297 4904 corpus
2309 4847 2377 4887 ex
2390 4839 2569 4887 morte
2592 4830 2875 4892 excitavit;
2905 4844 3033 4885 nam
3057 4830 3178 4901 ejus
3199 4837 3286 4884 est
3307 4842 3417 4884 vox
3447 4844 3462 4881 :
3506 4846 3526 4880 ι
3558 4826 3678 4905 βοι-

2096 4924 2209 4979 vite
2259 4922 2523 4993 templum
2566 4921 2694 4988 hoc,
2742 4928 2800 4976 et
2846 4920 2903 4975 in
2954 4920 3134 4993 tribus
3180 4919 3380 4975 diebus
3426 4918 3678 4974 excitabo

2098 5012 2235 5068 illud
2253 5013 2321 5066 δ’.
2358 5032 2378 5065 ι
2416 5013 2482 5066 Et
2504 5012 2728 5082 quidem
2760 5027 2939 5081 usque
2970 5010 3038 5065 ad
3061 5009 3335 5080 passionis
3361 5018 3597 5080 tempus,
3615 5016 3679 5063 ut

2098 5105 2286 5172 humo,
2321 5102 2570 5173 patibilis
2603 5112 2724 5158 erat
2755 5109 2811 5157 et
2834 5101 3121 5168 mortalis;
3154 5109 3279 5173 post
3313 5101 3678 5158 resurrectio-

2099 5210 2225 5250 nem
2249 5210 2400 5259 vero,
2421 5204 2479 5248 et
2506 5209 2616 5264 qua
2654 5194 2820 5248 homo
2839 5233 2854 5259 ,
2887 5193 3182 5264 impatiens
3202 5201 3287 5249 est
3309 5203 3365 5248 et
3393 5193 3677 5247 immorta-

2096 5282 2196 5348 lis,
2228 5289 2393 5352 atque
2424 5282 2801 5354 incorruptus,
2834 5297 2899 5338 ac
2933 5281 3174 5355 fulgores
3198 5283 3310 5339 Deo
3340 5280 3677 5338 convenien-

2098 5382 2183 5431 tes
2206 5374 2437 5441 dimisit,
2461 5390 2641 5447 neque
2669 5376 2980 5432 secundum
3010 5391 3230 5433 carnem
3253 5381 3498 5429 mutatus
3515 5385 3599 5429 est
3619 5373 3677 5428 in

493 5518 540 5551 ⁸³
567 5517 711 5574 Psal.
735 5531 947 5577 Lxxxrx,
977 5515 1062 5570 15.
1136 5512 1183 5547 ⁸⁸
1209 5513 1353 5571 Psal.
1374 5530 1491 5578 va,
1512 5512 1601 5568 20.
1678 5514 1899 5569 "Joan.
1920 5531 2031 5579 xrv,
2052 5514 2107 5571 9.
2183 5515 2231 5547 "
2254 5513 2415 5569 Joan.
2479 5513 2696 5580 “1,15.
2778 5513 2825 5547 ³⁷
2845 5514 3006 5571 Joan.
3040 5531 3092 5581 χ,
3119 5512 3208 5569 '50.
3285 5511 3331 5546 "
3353 5510 3513 5567 Joan.
3548 5527 3588 5578 ι,
3625 5509 3674 5564 l.

426 5589 473 5622 ⁸³
498 5588 733 5658 Philipp.
773 5601 832 5651 ιι,
863 5585 916 5652 5,
939 5585 992 5640 6.
1069 5585 1114 5618 ⁶⁰
1137 5583 1304 5640 Hebr.
1334 5601 1390 5651 ιι,
1426 5585 1511 5640 l6.
1587 5584 1629 5615 “
1657 5584 1826 5640 Hebr.
1858 5601 1916 5650 ιι,
1955 5593 1979 5639 ι

2117 5585 2162 5619 ⁶¹
2195 5584 2354 5641 Joan.
2390 5600 2450 5652 ιι,
2481 5584 2573 5640 29.

499 5722 608 5787 (7m
648 5722 1096 5794 εὐφρανθήσομεν
1125 5714 1198 5776 ὧν
1221 5722 1403 5794 ήμ.ἐτ.
1432 5721 1530 5791 ήμ.
1564 5719 1731 5775 Mans.

503 5797 551 5855 (7
564 5795 609 5853 ll
636 5795 838 5863 ἔφασαν
864 5793 1032 5848 Mans.

504 5864 613 5937 (Ἡ)
641 5862 795 5936 τολμ.
829 5862 946 5931 λεγ.
976 5864 1145 5918 Mans.

2180 5718 2289 5790 (73)
2324 5719 2412 5772 ἐπ’
2444 5718 2669 5790 ἐσχάτου
2702 5718 2865 5790 idem.

2178 5782 2289 5863 (74)
2322 5793 2427 5863 γὰρ
2459 5782 2611 5845 abest
2645 5806 2674 5845 a
2708 5788 2941 5843 Vindob.
