4072 6426
386 403 524 473 1435

1449 386 1935 454 THEODORETI
1964 379 2305 443 EPISCDPI
2337 374 2703 436 CYRENSIS

3519 355 3658 421 1436

386 522 642 571 naturam
670 508 937 572 divinam,
969 505 1065 561 sed
1110 503 1471 561 humanitatis
1494 509 1679 556 servat
1707 497 1970 559 formam;
2004 546 2007 553 .

2108 506 2183 542 ων
2229 488 2353 549 τοὺς
2410 481 2782 553 χαρακτῆρας,
2820 475 2940 530 οῦδὲ
2985 472 3370 545 άπερίγραφον
3414 467 3555 538 ἔχων
3598 464 3660 572 τὸ

389 620 493 661 nec
519 616 723 671 corpus
755 599 922 657 habet
974 613 1083 655 non
1118 594 1602 663 circumscriptum
1656 591 1785 663 (hoc
1824 587 1975 645 enim

2106 579 2235 649 ’ὧμα
2265 574 2443 647 (τοῦτο
2468 572 2575 644 γὰρ
2597 571 2767 641 μόνης
2789 568 2900 641 (75)
2922 568 3022 638 τῆς
3049 565 3201 629 θείας
3230 563 3448 632 φύσεως
3482 558 3659 629 ἴδιον),

392 697 594 757 divina)
612 702 820 760 tantum
841 700 1051 751 natura:
1077 688 1362 759 proprium
1383 686 1511 758 est),
1538 684 1634 745 sed
1664 684 1718 739 in
1745 680 1978 752 pristina

2106 672 2193 727 ιλλ“
2245 672 2301 722 ὲν
2338 670 2405 740 τῇ
2449 666 2695 737 προτέρᾳ
2744 661 2921 734 μένων
2967 659 3306 731 περιγραφῇ.
3351 652 3523 713 Τοῦτο
3551 651 3662 760 γὰρ

395 794 582 843 manet
602 780 1134 849 circumscriptione.
1175 777 1398 845 Hocque
1421 774 1627 833 docens
1655 779 1779 841 post
1796 784 1979 823 resur-

2078 763 2344 818 διδάσκων
2390 759 2485 813 καὶ
2528 758 2667 829 μετὰ
2713 757 2814 826 τὴν
2862 753 3162 810 ἀνάστασιν
3191 749 3293 820 ἔφη
3333 749 3446 809 τοῖς
3487 743 3665 816 μαθη-

395 878 698 932 rectionem
720 874 857 929 dixit
877 871 1140 943 apostolis
1170 888 1183 923 :
1216 888 1236 925 ι
1276 869 1472 927 Videte
1517 882 1715 927 manus
1744 878 1896 921 meas
1923 869 1981 917 et

2106 858 2195 920 ταῖς
2220 869 2233 883 ’
2262 872 2280 906 ι
2324 852 2559 906 Βλέπετε
2580 849 2681 911 τὰς
2712 846 2901 919 χεῖράς
2934 862 3036 916 μου
3065 844 3158 901 καὶ
3184 841 3311 903 τοὺς
3340 838 3509 901 πόδας
3535 852 3661 905 μου,

396 969 569 1039 pedes
584 982 757 1033 meos,
786 965 916 1035 quia
949 979 1051 1037 ego
1085 962 1202 1032 ipse
1234 976 1354 1016 sum
1394 978 1407 1019 7.
1441 960 1656 1033 palpate
1689 964 1746 1013 et
1777 955 1978 1018 videte,

2081 950 2162 1005 ὅτι
2193 946 2357 1009 αὐτὸς
2393 942 2505 1013 ἐγώ
2535 945 2653 1011 εἰμι
2677 957 2691 970 ·
2721 936 3081 1011 ψηλαφήσατέ
3127 951 3218 1005 με,
3251 933 3345 987 κα).
3389 930 3548 989 ἴδετε,
3581 928 3666 979 ὅτι

399 1018 757 1039 τν---ην--ει
796 1018 851 1035 γ
892 1018 915 1020 τί
962 1018 1039 1037 vi
1107 1018 1125 1032 .
1398 1018 1460 1031 ν.
1533 1018 1549 1033 .

399 1060 527 1131 quia
562 1058 788 1129 spiritus
831 1072 1053 1111 carnem
1096 1065 1153 1111 et
1203 1071 1327 1111 ossa
1356 1068 1465 1107 non
1507 1051 1691 1113 habet,
1720 1049 1862 1103 sicut
1893 1061 1981 1099 me

2106 1040 2301 1110 πνεῦμα
2336 1038 2514 1109 σάρκα
2552 1036 2648 1089 καὶ
2687 1032 2849 1087 ὀστέα
2883 1030 2983 1084 οὐκ
3019 1028 3152 1099 ἔχει,
3188 1022 3371 1086 καθὼς
3402 1020 3502 1091 ἐμὲ
3533 1018 3669 1131 θεω-

398 1148 598 1203 videtis
626 1147 832 1202 habere
853 1146 917 1197 ⁸³.
947 1164 966 1197 ι
999 1144 1090 1200 Sic
1114 1154 1173 1200 ut
1192 1160 1321 1201 eum
1349 1142 1626 1205 videbant,
1644 1138 1891 1195 ascendit
1913 1136 1983 1191 ad

400 1239 593 1304 caelos,
620 1246 677 1293 et
704 1238 787 1295 sic
810 1237 1007 1293 iterum
1030 1236 1099 1292 ad
1120 1250 1223 1292 nos
1249 1245 1541 1293 venturum
1564 1247 1685 1289 esse
1708 1228 1981 1301 promisit.

403 1327 500 1385 Si'e
527 1342 653 1383 cum
678 1326 947 1389 videbunt
966 1336 1021 1384 et
1044 1325 1138 1396 qui
1169 1325 1528 1383 crediderunt
1550 1322 1626 1379 illi
1653 1329 1709 1381 et
1732 1321 1829 1391 qui
1855 1335 1985 1374 cru-

407 1421 702 1476 ciﬁxerunt
734 1436 748 1472 :
794 1439 812 1471 ‹
840 1418 1119 1479 Videbunt
1147 1418 1319 1485 enim,
1349 1416 1511 1483 dixit,
1534 1416 1591 1473 in
1617 1429 1781 1487 quem
1806 1422 1986 1471 trans-

417 1513 658 1567 ﬁxerunt
690 1511 760 1566 °".
795 1531 813 1563 ›

480 1604 713 1660 Unicum
752 1611 1039 1674 propterea
1069 1618 1393 1661 veneramur
1424 1602 1663 1667 Filium;
1701 1607 1990 1668 utramque

2088 1108 2237 1204 psicsv
2260 1108 2468 1199 ἔχοντα.
2509 1145 2526 1177 ι
2555 1124 2744 1187 Οῦτως
2767 1120 3045 1193 ὁρώμενος
3074 1119 3150 1181 είς
3183 1114 3444 1186 οὐρανοὺς
3475 1108 3658 1204 ἀνελη-

2084 1199 2275 1278 λυθεν·
2327 1221 2501 1283 οὕτως
2551 1217 2701 1289 ἥξειν
2742 1211 2900 1277 αὖθις
2952 1210 3249 1280 ὑπέσχετο’
3290 1204 3465 1267 οὕτως
3504 1199 3668 1255 αὑτὸν

2087 1314 2310 1385 ὄψονται
2346 1312 2441 1364 καὶ
2481 1311 2531 1363 ot
2571 1306 2964 1366 πιστεύσαντες
2996 1301 3094 1360 καὶ
3122 1301 3171 1353 oi
3212 1295 3627 1369 σταυρώσαντες
3651 1305 3666 1321 ·

2097 1424 2115 1456 ι
2153 1403 2409 1474 Ὄψονται
2441 1398 2571 1473 γὰρ,
2599 1396 2785 1468 φησὶν,
2825 1396 2903 1457 είς
2927 1391 2988 1445 ὃν
3020 1389 3404 1457 ἐξεκέντησαν.
3433 1404 3452 1434 ι

2165 1583 2303 1635 Ἕνα
2336 1577 2628 1650 τοιγαροῦν
2669 1570 3086 1644 προσκυνοῦμεν
3121 1568 3249 1621 Υίὸν
3274 1607 3288 1631 ,
3319 1563 3583 1634 ἑκατέραν
3612 1560 3672 1615 δὲ

488 1652 713 1660 ---η-η-
753 1652 1039 1674 ,--,.-.-_
1077 1652 1383 1661 .--ψ-η---
1425 1652 1663 1667 __-_._W,
1707 1652 1753 1657 ο.
1900 1652 1917 1668 _
1976 1652 1981 1653 ν

409 1711 544 1750 vero
575 1706 826 1753 naturam
857 1695 1157 1769 perfectam
1193 1695 1247 1753 in
1270 1711 1337 1751 eo
1367 1694 1800 1759 consideramus,
1832 1708 1991 1749 assu—

2106 1675 2257 1745 ρύσιν
2280 1670 2492 1724 τελείαν
2522 1669 2581 1723 ὲν
2610 1664 2758 1736 αύτῷ
2782 1660 3115 1733 θεωροῦμεν,
3137 1660 3230 1712 καὶ
3250 1656 3347 1727 τὴν
3375 1652 3670 1715 λαϐοῦσαν,

2169 1764 2179 1769 -
2267 1763 2277 1769 .
2360 1760 2456 1769 .-με
2506 1759 2522 1769 ι
2621 1757 2643 1769 Α
2681 1759 2701 1769 .-
2942 1753 2954 1769 ι
3038 1750 3055 1769 l
3145 1751 3203 1769 ὶεΔ
3251 1746 3337 1769 ..-ῗῗ
3374 1744 3482 1769 μιν-τὶ
3511 1741 3647 1769 0-..:

408 1794 651 1845 mentem
678 1786 935 1845 videlicet
957 1779 1013 1848 et
1041 1786 1254 1861 1309
1291 1795 1625 1857 assumptam
1671 1787 1820 1845 illam
1863 1785 1991 1854 qui-

408 1875 535 1931 dem
585 1891 653 1937 ex
688 1877 821 1943 Deo,
860 1876 1003 1932 hanc
1045 1894 1175 1937 vero
1227 1893 1295 1934 ex
1340 1878 1563 1935 Davide.
1600 1876 1780 1944 Quare
1810 1887 1866 1935 et
1895 1876 1992 1930 Dei

408 1969 650 2026 viventis
699 1969 889 2037 Filius,
923 1978 980 2025 et
1023 1970 1197 2025 Filius
1239 1969 1460 2025 Davidis
1497 1970 1824 2040 appellatur,
1857 1985 1995 2025 una-

412 2076 632 2131 quaque
658 2068 853 2119 natura
885 2076 1007 2119 eam
1033 2077 1155 2131 qua:
1185 2062 1237 2121 ei
1259 2061 1518 2120 convenit
1555 2062 1861 2131 accipiente
1903 2077 1998 2135 ap-

2096 1741 2191 1819 καὶ
2229 1763 2328 1834 τὴν
2354 1760 2464 1831 (76)
2506 1757 2835 1831 ληφθεῖσαν
2871 1753 2965 1806 καὶ
2999 1750 3097 1823 τὴν
3142 1751 3206 1801 ὲκ
3247 1746 3340 1799 τοῦ
3372 1744 3482 1817 (Ti)
3511 1741 3670 1834 Θεοῦ,

2025 1839 2067 1897 Β
2096 1858 2191 1913 καὶ
2219 1856 2317 1929 τὴν
2367 1854 2432 1906 ὲκ
2474 1850 2659 1909 Δαϐίδ,
2701 1846 2904 1903 Τούτου
2933 1842 3041 1913 γάρ
3085 1842 3245 1911 χάριν
3287 1838 3382 1891 καὶ
3420 1835 3548 1929 Tib;
3580 1833 3673 1887 τοῦ

2095 1947 2230 2009 θεοῦ
2275 1928 2368 2002 τοῦ
2413 1942 2613 2009 ζῶντος
2659 1939 2753 1994 καὶ
2791 1938 2905 2000 υἱὸς
2946 1934 3041 1988 τοῦ
3094 1931 3258 1985 Δαόὶδ
3306 1928 3673 1998 ὀνομάζεται,

2097 2039 2364 2109 ἑκατέρας
2394 2036 2609 2106 φύσεως
2646 2032 2745 2104 τὴν
2786 2030 3162 2102 ἁρμόττουσαν
3203 2023 3471 2091 ἑλκούσης
3505 2036 3678 2090 προσ-

418 2110 629 2131 Ίηγ,
660 2110 853 2119 --ω-,τ
890 2110 1007 2119 -___
1036 2110 1154 2131 ν..
1189 2110 1237 2121 ,,
1265 2110 1515 2120 __,,.___-,
1555 2110 1858 2131 ___,r-__--
1903 2110 1934 2115 _

414 2150 794 2222 pellationem.
847 2150 1220 2218 Quamobrem
1256 2162 1324 2205 et
1366 2150 1651 2209 hominem
1703 2152 1899 2215 simul,
1937 2110 1999 2212 Et

2106 2128 2327 2201 ηγορίαν
2348 2142 2362 2155 ⁸
2390 2125 2478 2178 διά
2505 2140 2590 2177 τοι
2611 2119 2768 2174 τοῦτο
2797 2118 2890 2172 καὶ
2926 2116 3058 2169 Θεὸν
3085 2113 3246 2169 αὐτὸν
3270 2111 3364 2165 καὶ
3394 2110 3678 2180 ἄνθρωπον

2170 2221 2173 2222 ,
2232 2219 2239 2222 .
2314 2218 2325 2222 -
2455 2215 2508 2222 -.Α
2585 2214 2627 2222 —
2751 2211 2761 2222 ι
2895 2210 2907 2222 ι
2949 2210 2961 2222 ο
3124 2206 3136 2222 1
3300 2199 3676 2222 πε.9κ-,ο-ι⁸-

415 2241 590 2297 Deum
615 2258 743 2297 eum
771 2242 1020 2303 nominat
1051 2258 1207 2301 sacra
1221 2242 1528 2314 Scriptura;
1559 2250 1615 2298 et
1639 2243 1835 2302 beatus
1859 2244 2002 2299 Pau-

415 2334 506 2390 ius
537 2334 739 2393 clamat
817 2355 835 2389 ι
864 2334 1020 2395 Unus
1043 2336 1210 2401 Deus,
1251 2351 1394 2395 unus
1421 2344 1478 2397 et
1517 2336 1790 2393 mediator
1824 2336 1922 2391 Dei
1944 2343 2003 2393 et

418 2423 729 2493 hominum,
766 2426 933 2487 homo
961 2426 1214 2487 Christus
1246 2428 1427 2493 Jesus,
1466 2428 1561 2499 qui
1595 2427 1749 2482 dedit
1781 2427 2002 2482 redem-.

417 2519 666 2593 ptionem
712 2520 1076 2593 semetipsum
1116 2524 1218 2597 pro
1264 2521 1521 2579 erunibus
1569 2520 1636 2575 ⁸⁸.
1692 2540 1712 2574 ι
1748 2520 1858 2576 Sed
1904 2520 2002 2590 qui

418 2610 702 2670 hominem
735 2612 917 2687 ipsum
960 2612 1067 2671 hoc
1110 2612 1234 2673 loco
1281 2612 1519 2678 vocavit.
1548 2612 1678 2671 alibi
1709 2613 1883 2671 Deum
1909 2628 2007 2681 ap-

418 2704 591 2779 pellat
621 2721 635 2758 :
679 2721 699 2758 ι
734 2704 1129 2779 Exspectantes
1160 2706 1375 2763 beatam
1414 2719 1587 2775 spem,
1620 2713 1677 2761 et
1705 2704 2004 2763 adventum

419 2795 611 2869 gleriae
655 2797 836 2869 magni
888 2798 984 2859 Dei
1038 2808 1095 2859 et
1133 2798 1432 2859 Salvatoris
1468 2798 1641 2855 nostri
1681 2797 1812 2855 Jesu
1840 2796 2004 2855 Chri-

419 2886 494 2947 sti
524 2887 593 2942 “.
627 2907 645 2939 ι
676 2887 819 2947 Alibi
851 2904 985 2947 vero
1018 2897 1315 2958 utrumque
1353 2888 1422 2942 de
1469 2903 1538 2943 eo
1581 2887 1825 2957 ponitur.
1862 2887 2007 2947 Dicit

419 2985 571 3034 enim
609 2996 625 3034 ε
665 3000 681 3031 ι
711 2981 790 3036 Ex
813 2980 1018 3055 quibus
1039 2989 1125 3041 est
1141 2980 1401 3039 Christus
1426 2979 1731 3039 secundum
1757 2994 2003 3047 carnem,

419 3071 519 3140 qui
556 3081 644 3129 est
676 3086 843 3141 super
883 3072 1071 3134 omnia
1117 3073 1264 3127 Deus
1304 3070 1629 3131 benedictus
1680 3070 1736 3123 in
1782 3071 2001 3131 szecula.

419 3161 598 3221 Amen
621 3163 686 3217 ⁸⁷.
719 3182 738 3217 ι
778 3163 849 3221 Ει
872 3163 1053 3236 ipsum
1090 3180 1161 3220 ex
1209 3163 1415 3222 Iudaeis
1444 3161 1748 3218 secundum
1784 3176 2005 3216 carnem
2034 3174 2078 3232 (ι

420 3255 752 3319 nominavit,
791 3265 848 3313 et
892 3272 1058 3329 supra
1107 3257 1293 3312 omnia
1326 3256 1522 3321 Deum,
1576 3262 1638 3310 ut
1684 3255 1879 3311 Deum.
1928 3253 2009 3311 Ita

422 3343 592 3398 Isaias
636 3344 904 3414 propheta
948 3346 1087 3400 dixit
1126 3363 1139 3399 :
1199 3364 1216 3396 ι
1262 3345 1360 3401 Vir
1403 3344 1678 3408 dolorum,
1721 3351 1778 3398 et
1828 3342 2010 3398 sciens

425 3431 805 3489 inﬁrmitatem
845 3434 1184 3505 :languores
1223 3443 1446 3491 nostros
1481 3434 1599 3505 ipse
1645 3433 1790 3498 tulit,
1826 3440 1883 3488 et
1908 3446 2010 3505 pro

424 3521 588 3579 nobis
616 3520 794 3576 doluit
822 3519 887 3577 ⁸⁸.
928 3542 946 3572 ι
995 3522 1062 3577 Et
1109 3523 1274 3594 paulo
1315 3530 1440 3598 post
1474 3540 1488 3577 ;
1530 3541 1548 3572 ι
1585 3519 2010 3577 Generationem

422 3610 546 3683 ejus
562 3610 687 3683 quis
699 3611 1075 3673 enarrabit“?
1102 3634 1119 3664 ι
1148 3612 1260 3671 Hoc
1279 3612 1499 3683 quidem
1523 3611 1667 3667 haud
1688 3611 2009 3673 humanum,

426 3698 783 3753 seddivinum
802 3708 905 3753 est.
928 3700 1002 3753 Ita
1016 3715 1113 3771 per
1139 3699 1421 3755 Michmam
1456 3699 1818 3757 aitDominus
1847 3716 1860 3752 :
1897 3717 1915 3749 ι
1942 3697 2013 3757 Et

426 3796 526 3853 tu,
555 3785 837 3843 Bethleem
857 3828 871 3852 ,
900 3794 1045 3842 terra
1077 3788 1215 3846 Juda
1237 3829 1251 3853 ,
1280 3787 1505 3844 minime
1559 3787 1788 3857 parvula
1840 3802 1901 3843 es
1954 3785 2013 3845 in

426 3877 775 3957 principibus
806 3879 1001 3937 Iudae:
1037 3895 1106 3934 ex
1132 3888 1183 3934 te
1217 3880 1364 3935 enim
1405 3878 1719 3950 egredietur
1756 3877 2015 3947 princeps

429 3967 527 4039 qui
557 3968 735 4039 pascit
767 3970 1030 4045 populum
1065 3985 1250 4029 meum
1285 3970 1475 4035 Israel,
1512 3975 1569 4024 et
1604 3982 1861 4038 egressus
1893 3966 2015 4037 ejus

430 4059 504 4116 ab
524 4060 685 4116 initio
709 4076 738 4116 a
777 4061 976 4121 diebus
1015 4062 1344 4121 aeternitatis
1374 4063 1440 4115 ⁷ο.
1476 4081 1494 4114 ι
1530 4060 1729 4115 Verbis
1752 4057 2010 4130 quidem:

435 4171 461 4207 ι
490 4150 573 4209 Ex
600 4160 651 4207 te
677 4153 823 4207 enim
854 4153 1189 4224 egredietur,
1210 4151 1306 4224 qui
1345 4153 1419 4207 sit
1450 4152 1729 4225 princeps,
1767 4168 1786 4201 ι
1833 4149 2015 4204 carnis

434 4245 835 4316 assumptionis
872 4246 1240 4306 (economiam
1277 4244 1543 4306 ostendit,
1573 4242 1680 4297 illis
1707 4258 1856 4305 vero,
1894 4258 2017 4312 quae

431 4328 627 4388 addit:
661 4351 679 4383 ι
709 4332 974 4404 Egressus
992 4333 1112 4405 ejus
1135 4332 1204 4386 ab
1232 4331 1412 4394 initio,
1439 4347 1469 4385 a
1495 4330 1693 4385 diebus
1735 4331 2019 4385 aeternita-

433 4420 533 4490 tis,
580 4440 602 4476 ι
657 4423 958 4478 declaravit
1011 4422 1227 4493 1310
1275 4422 1655 4491 divinitatem,
1700 4436 1826 4494 quae
1889 4429 2017 4483 ante

432 4514 636 4572 saecula
663 4530 695 4569 a
717 4514 878 4570 Patre
909 4521 1032 4569 orta
1061 4521 1167 4569 est.

505 4690 635 4746 Haec
648 4705 772 4745 cum
794 4706 826 4746 a
858 4706 1013 4747 sacra
1042 4689 1328 4761 Scriptura
1348 4690 1530 4747 edocti
1570 4689 1766 4753 simus,
1804 4696 1860 4743 et
1886 4704 2017 4743 cum

430 4777 816 4834 invenerimus
864 4777 923 4831 in
959 4776 1153 4832 eadem
1216 4776 1389 4830 fuisse
1435 4775 1709 4829 sententia
1765 4774 2021 4827 doctores

434 4868 720 4934 Ecclesiae,
752 4868 846 4938 qui
867 4868 1101 4923 diversis
1124 4866 1469 4936 temporibus
1489 4866 1733 4921 illustres
1771 4865 2018 4930 fuerunt,

438 4969 501 5017 nt
529 4961 805 5032 integrum
838 4969 1099 5016 tueamur
1133 4958 1279 5029 quod
1302 4958 1637 5028 accepimus,
1672 4972 1894 5026 operam
1927 4957 2023 5013 da-

434 5066 597 5115 mus;
630 5059 687 5106 et
721 5067 893 5110 unum
922 5050 1220 5106 adoramus
1245 5049 1445 5105 Filium
1492 5049 1609 5115 Dei,
1658 5047 2019 5119 quemadmo-

435 5141 570 5199 dum
587 5144 758 5199 Deum
778 5158 950 5196 unum
968 5143 1182 5197 Patrem
1201 5149 1256 5197 et
1276 5158 1443 5196 unum
1458 5141 1722 5211 Spiritum
1740 5149 2017 5207 sanetum;

435 5234 626 5291 carnis
650 5249 784 5289 vero
822 5240 881 5288 et
936 5233 1240 5289 divinitatis
1287 5234 1668 5289 diversitatem
1734 5233 2021 5307 cognosci-

438 5343 587 5385 mus.
609 5328 683 5385 Et
712 5327 1179 5399 quemadmodum
1204 5329 1346 5393 illos,
1380 5328 1475 5399 qui
1506 5328 1559 5383 in
1588 5328 1728 5383 duos
1763 5327 1903 5384 ﬁlios
1933 5326 2021 5380 di-

437 5419 645 5479 vidunt
664 5418 962 5474 Dominum
981 5429 1233 5475 nostrum
1252 5420 1439 5476 Iesum
1491 5419 1800 5484 Christum,
1851 5417 2022 5473 deﬂe—

514 5576 563 5609 “
596 5576 727 5631 Luc.
766 5592 909 5640 sxw,
940 5578 1030 5633 59.
1105 5577 1152 5610 σῖ
1180 5579 1332 5635 Joan.
1368 5595 1480 5643 XIX,
1508 5578 1595 5631 57.

442 5646 491 5677 ⁸⁸
520 5647 652 5701 ibid.
683 5648 735 5702 8.
811 5649 859 5680 ⁷⁰
888 5649 1053 5705 Mich.
1079 5666 1132 5715 ν,
1163 5650 1230 5717 2;
1263 5650 1453 5704 Matth.
1496 5665 1563 5712 ιι,
1593 5647 1643 5699 6.

517 5761 633 5900 (πη
677 5763 835 5830 μόνον
869 5765 1033 5821 Mans.

521 5831 612 5898 (76
661 5833 783 5885 λαὸ.
805 5852 856 5886 κ.
895 5836 991 5900 τὴν
1025 5856 1033 5887 ι

521 5831 631 5900 (76)
661 5833 783 5885 λαὸ.
805 5852 856 5886 κ.
895 5836 991 5904 τὴν
1025 5837 1303 5892 exciderat
1326 5852 1353 5891 ρ
1386 5836 1556 5889 Mans.

2100 2222 2134 2292 ἡ
2159 2199 2278 2273 θεία
2304 2215 2559 2286 ὀνομάζει
2585 2211 2800 2284 Γραφὴ,
2823 2210 2919 2263 καὶ
2940 2210 2968 2261 ὁ
2995 2206 3264 2278 μακάριος
3300 2200 3523 2292 Παῦλος-
3540 2199 3639 2271 βοᾷ
3662 2215 3677 2228 ’

2106 2289 2132 2359 ιτ
2167 2301 2261 2373 Εἷς
2301 2305 2453 2371 Θεὸς,
2501 2299 2581 2366 εἷς
2621 2302 2717 2356 καί⁵
2770 2299 2997 2371 μεσίτης
3037 2295 3172 2350 Θεοῦ
3217 2294 3312 2349 καὶ
3354 2289 3681 2362 ἀνθρώπων,

2102 2403 2388 2473 ἄνθρωπος
2425 2397 2661 2470 Χριστὸς
2696 2394 2925 2466 Ἰησοῦς,
2950 2396 2978 2447 ὁ
3003 2392 3124 2454 δοὺς
3148 2389 3340 2443 ἑαυτὸν
3363 2386 3682 2455 ἀντίλυτρον

2103 2493 2223 2548 ἀντὶ
2250 2491 2482 2544 πάντων.
2521 2506 2539 2538 ι
2587 2484 2729 2539 Ἀλλ’
2760 2483 2998 2537 ἐνταῦθα
3048 2479 3214 2534 αὐτὸν
3248 2478 3536 2549 ἄνθρωπον
3561 2475 3683 2527 ὀνο-

2107 2578 2306 2651 μάσας,
2348 2574 2571 2646 ἑτέρωθι
2602 2571 3000 2645 προσαγορεύει
3044 2570 3197 2624 Θεόν.
3243 2585 3261 2619 ι
3303 2564 3684 2639 Προσδεχόμε-

2104 2686 2184 2725 νοι
2214 2667 2326 2740 (78)
2361 2666 2486 2739 γὰρ,
2515 2664 2671 2741 φησὶ,
2706 2663 2804 2734 τὴν
2840 2660 3118 2733 μακαρίαν
3145 2658 3340 2717 ἐλπίδα
3370 2658 3464 2710 καί¹
3488 2653 3689 2723 ἐπιφά-

2104 2777 2252 2815 νειαν
2279 2760 2378 2830 τῆς
2403 2756 2564 2828 δόξης
2587 2754 2681 2810 τοῦ
2709 2754 2945 2828 μεγάλου
2976 2750 3110 2809 Θεοῦ
3131 2751 3221 2803 καὶ
3252 2748 3508 2819 Σωτῆρος
3530 2746 3688 2821 ἡμῶν

2117 2850 2290 2923 Ἰησοῦ
2321 2847 2579 2920 Χριστοῦ.
2620 2866 2638 2898 ι
2683 2843 2945 2915 Ἀλλαχοῦ
2977 2843 3035 2896 δὲ
3067 2841 3355 2915 ἀμφότερα
3396 2839 3537 2899 κατὰ
3563 2856 3692 2891 ταυ-

2105 2945 2198 3003 τὸν
2240 2943 2493 3014 τίθησιν*
2537 2958 2555 2991 ι
2605 2938 2695 3004 ἘΞ
2737 2930 2810 2991 ὧν
2848 2935 2993 3007 γὰρ,
3041 2934 3229 3004 φησὶν,
3288 2935 3316 2986 ὁ
3360 2930 3596 3004 Χριστὸς
3627 2930 3691 2983 τὸ

2107 3036 2249 3093 κατὰ
2279 3035 2479 3106 σάρκα,
2502 3031 2530 3084 ὀ
2557 3029 2633 3084 ὢν
2665 3029 2758 3082 ἐπὶ
2791 3028 3008 3083 πάντων
3037 3025 3167 3087 Θεὸς
3202 3025 3282 3088 είς
3310 3023 3437 3086 τοὺς
3461 3022 3689 3084 αἰῶνας.

2119 3128 2312 3200 Ἀμήν.
2350 3143 2371 3183 p
2416 3124 2526 3183 Καὶ
2572 3121 2663 3175 τὸν
2692 3119 2852 3178 αὑτὸν
2883 3118 2979 3173 καὶ
3005 3118 3062 3184 ἐξ
3110 3117 3379 3173 Ἰουδαίων
3427 3114 3691 3185 κέκληκε,

2111 3218 2253 3277 κατὰ
2278 3216 2476 3290 σάρκα,
2513 3213 2608 3268 καὶ
2638 3213 2731 3266 ἐπὶ
2761 3210 2980 3264 πάντων
3002 3208 3157 3268 Θεὸν,
3193 3207 3272 3269 ὡς
3313 3206 3468 3261 Θεὸν.
3502 3203 3694 3267 Οῦτως

2110 3312 2138 3364 δ
2167 3310 2452 3381 προφήτης
2487 3306 2716 3367 Ἡσαΐας
2740 3302 2976 3376 εἰρηκώς
2996 3318 3012 3333 ο
3049 3318 3069 3352 ι
3112 3299 3435 3369 Ἀνθρωπος
3459 3298 3515 3349 ὲν
3551 3296 3696 3366 πλη-

2112 3406 2183 3477 γῇ
2215 3401 2312 3466 ὢν,
2342 3401 2437 3457 καὶ
2465 3396 2624 3461 εἰδὼς
2654 3396 2842 3467 φέρειν
2874 3393 3149 3465 μαλακίαν
3175 3408 3186 3421 ’
3232 3385 3389 3453 οὗτος
3422 3391 3521 3451 τὰς
3564 3389 3696 3442 ἀνο-

2114 3493 2243 3565 μίας
2261 3490 2420 3563 ἡμῶν
2441 3489 2597 3561 φέρει
2615 3486 2708 3539 καὶ
2736 3485 2862 3557 περὶ
2895 3481 3052 3553 ἡμῶν
3073 3481 3324 3537 ὁδυνᾶται
3349 3495 3363 3509 ’
3390 3497 3408 3530 ι
3443 3479 3699 3547 ἐπήγαγε

2117 3586 2233 3657 μετ’
2258 3583 2415 3655 ὀλίγα
2446 3597 2459 3610 ’
2517 3600 2536 3633 ι
2564 3579 2676 3650 Τὴν
2704 3576 2896 3647 γενεὰν
2943 3574 3107 3632 αὐτοῦ
3152 3574 3237 3636 τίς
3273 3571 3592 3644 διηγήσεται
3619 3586 3633 3633 ;
3673 3589 3692 3621 ι

2112 3676 2286 3731 Τοῦτο
2313 3674 2368 3731 δὲ
2404 3674 2504 3727 ούκ
2537 3671 2898 3743 ἀνθρώπινον,
2933 3667 3070 3722 ἀλλὰ
3103 3666 3269 3722 θεῖον.
3300 3662 3456 3716 Οῦτω
3493 3660 3581 3715 διὰ
3602 3660 3700 3713 τοῦ

2111 3765 2351 3838 Μιχαίου
2383 3762 2547 3833 φησὶν
2581 3763 2610 3814 ὁ
2638 3760 2790 3823 Θεός·
2826 3779 2844 3811 ι
2877 3759 2989 3812 Καὶ
3031 3758 3117 3821 σὺ,
3138 3754 3408 3826 Βηθλεὲμ,
3444 3752 3516 3821 γῆ
3560 3752 3666 3804 Ἰού

2113 3858 2198 3923 δα,
2227 3856 2477 3927 οὐδαμῶς
2499 3852 2757 3924 ἐλαχίστη
2797 3845 2849 3903 εἷ
2875 3852 2934 3903 ὲν
2965 3850 3078 3913 τοῖς
3103 3846 3366 3920 ἡγεμόσιν
3409 3844 3600 3897 Ἰούδν
3635 3844 3705 3897 ὲκ

2118 3950 2211 4002 σοῦ
2238 3947 2347 4019 γὰρ
2380 3944 2726 4013 ἐξελεύσεται
2756 3938 3084 4013 ἡγούμενος,
3112 3940 3260 4000 ὅστις
3307 3938 3570 4006 ποιμανεῖ
3607 3934 3704 3988 τὸν

2114 4043 2242 4096 λαόν
2268 4058 2369 4114 μου
2394 4039 2486 4093 τὸν
2517 4036 2755 4109 Ἰσραήλ.
2787 4035 2897 4091 Καὶ
2931 4034 2988 4089 αἱ
3018 4030 3186 4096 ἔξοδοι
3210 4028 3376 4082 αὑτοῦ
3405 4027 3501 4081 ἀπ’
3526 4027 3705 4098 ἀρχῆς

2118 4133 2212 4207 ἀφ’
2235 4129 2457 4205 ἡμερῶν
2485 4128 2700 4192 αἰῶνος.
2751 4144 2771 4179 ι
2801 4125 2913 4180 Καί
2942 4123 3020 4195 τῷ
3044 4124 3143 4194 μὲν
3173 4122 3347 4174 εἰπεῖν
3372 4162 3387 4187 ,
3425 4138 3444 4171 ι
3488 4119 3583 4171 ‘Ex
3607 4117 3704 4170 σοῦ

2117 4223 2226 4296 γὰρ
2255 4218 2595 4289 ἐξελεύσεταί
2626 4238 2715 4293 μοι
2743 4219 3068 4291 ἡγούμενος,
3099 4237 3119 4268 ι
3159 4216 3256 4287 τὴν
3294 4216 3393 4286 τῆς
3429 4215 3705 4286 ὲνανθρω-

2119 4318 2338 4388 πήσεως
2362 4313 2673 4385 οἰκονομίαν
2697 4312 2975 4377 ὑπέδειξε·
3013 4310 3092 4383 τῷ
3125 4309 3182 4366 δὲ
3214 4307 3553 4380 προσθεῖναι,
3589 4324 3609 4359 ι
3639 4307 3707 4359 At

2121 4408 2286 4474 ἔξοδοι
2317 4403 2481 4459 αὐτοῦ
2524 4403 2619 4457 ἀπ’
2660 4402 2836 4477 ἀρχῆς
2869 4402 2960 4471 ἀφ’
2989 4400 3211 4473 ἡμερῶν
3243 4401 3456 4466 αἰῶνος,
3497 4418 3515 4451 ι
3557 4415 3705 4466 παρ-

2045 4517 2099 4579 D
2121 4498 2355 4570 εδήλωσε
2391 4495 2496 4568 πρὸ
2524 4493 2634 4548 τῶν
2664 4493 2879 4552 αἰώνων
2912 4491 3010 4563 τὴν
3038 4493 3103 4549 ἐκ
3134 4490 3228 4551 τοῦ
3272 4489 3486 4561 Πατρὺς
3514 4504 3709 4557 γενιη-

2127 4590 2312 4643 θεῖσαν
2344 4588 2594 4657 θεότητα.

2198 4677 2384 4730 Ταῦτα
2435 4675 2588 4746 παρὰ
2616 4675 2711 4744 τῆς
2748 4672 2898 4737 θείας
2931 4670 3276 4743 διθαχθέντες
3320 4668 3570 4739 Γραφῆς,
3612 4670 3711 4721 καὶ

2124 4771 2255 4834 τοὺς
2285 4771 2343 4823 ἐν
2387 4770 2662 4839 διαφόροις
2695 4764 3110 4835 διαλάμψαντας
3134 4761 3231 4831 τῆς
3275 4758 3603 4830 Ἐκκλησίας
3629 4758 3710 4810 δι-

2125 4861 2426 4925 δασκάλους
2453 4858 2629 4913 ταῦτα
2673 4856 3006 4928 φρονοῦντας
3047 4853 3324 4924 εὑρόντες,
3370 4851 3564 4907 ἄσυλον
3610 4867 3715 4919 φυ-

2125 4954 2376 5019 λάττειν,
2433 4952 2494 5005 ὂν
2547 4950 2965 5021 παρελάϐομεν,
3033 4945 3412 5012 σπουδάζομεν
3471 4941 3710 5015 κλῆρον’

2128 5048 2222 5101 καὶ
2276 5048 2371 5101 ἕνα
2441 5046 2539 5117 μὲν
2588 5041 3007 5116 προσκυνοῦμεν
3059 5038 3189 5091 Υίὸν
3245 5036 3339 5095 τοῦ
3394 5034 3528 5088 Θεοῦ
3636 5035 3716 5098 ὡς

2127 5142 2223 5198 ἕνα
2261 5142 2392 5195 Θεὸν
2438 5141 2692 5210 Πατέρα,
2734 5137 2829 5191 καὶ¹
2878 5135 2935 5187 ἓν
2984 5134 3139 5203 ἅγιον
3191 5130 3451 5200 Πνεῦμα*
3511 5127 3716 5198 οιρκδς

2131 5234 2313 5307 μέντοι
2359 5234 2455 5286 καὶ
2505 5232 2759 5300 θεότητος
2796 5228 2856 5281 τὸ
2888 5227 3143 5297 διάφορον
3193 5220 3552 5292 ἐπιστάμεθα.
3606 5220 3718 5275 Καὶ

2129 5325 2315 5396 ὥσπερ
2354 5325 2481 5387 τοὺς
2519 5325 2599 5386 εἰς
2640 5321 2734 5374 δύο
2782 5320 2931 5381 υἱοὺς
2974 5317 3299 5390 μερίζοντας
3330 5314 3421 5367 τὸν
3475 5313 3570 5364 ἕνα
3601 5309 3718 5362 Κύ-

2136 5434 2249 5488 ριον
2304 5415 2460 5488 ἡμῶν
2521 5413 2727 5483 Ἰησοῦν
2779 5410 3047 5481 Χριστὸν,
3106 5407 3210 5472 ἔξω
3270 5405 3470 5476 βαίνειν
3534 5402 3718 5472 φαμὲν

1690 5577 1733 5609 ⁸⁸
1762 5577 1781 5634 1
1817 5576 2007 5633 Timoli

2106 5591 2161 5641 ll,
2333 5574 2377 5605 ⁸⁵
2406 5574 2515 5628 Tit.
2544 5588 2603 5638 li,
2634 5571 2720 5625 15.
2800 5570 2842 5601 ⁸⁷
2872 5569 3031 5624 Rom.
3073 5583 3148 5633 Ix,
3303 5563 3347 5599 ⁸⁸
3369 5564 3472 5619 lsa.
3514 5574 3624 5625 LIII,
3660 5558 3719 5612 3.

2206 5762 2314 5829 (77)
2341 5759 2432 5812 τοῦ
2462 5761 2618 5815 abest
2644 5776 2671 5813 a
2700 5758 2868 5829 Mans:

2204 5826 2314 5901 (78)
2358 5830 2782 5901 προσδεχόμενος
2817 5826 2986 5881 Mans.
