4072 6418
332 395 478 465 ἲ437

1726 409 2088 476 EPISTOLA
2121 418 2266 479 CLI.

3473 426 3614 493 1438

324 517 434 620 τῆς
457 515 707 620 ὑπὸ-τῶν
771 519 943 589 ἁγίων
993 523 1307 584 ἀποστόλων
1344 535 1715 607 τετριμμένης
1771 538 1922 602 ὁδοῦ,

2032 554 2186 598 ctere
2207 544 2445 599 dicimus
2473 559 2505 599 a
2529 544 2618 600 via
2647 561 2813 616 quam
2851 547 3124 604 triverunt
3149 548 3380 620 apostoli
3411 565 3423 600 :
3458 548 3533 605 ita
3556 558 3617 606 tt

324 607 479 700 οὕτω
508 611 756 674 καὶτοὺς
787 613 917 683 μίαν
941 613 1201 684 λέγοντας
1249 624 1578 695 γεγενῆσθαι
1624 628 1788 696 φύσιν
1820 629 1920 700 τὴν

324 698 562 770 θεότητα
576 701 671 757 τοῦ
688 704 1032 774 Μονογενοῦς
1051 711 1148 763 καὶ
1167 711 1266 782 τὴν
1292 714 1710 789 ἁνθρωπότητα,
1730 722 1811 785 είς
1826 698 1920 776 τὸν

321 793 428 884 ἓτε
427 810 519 862 ρον
549 795 796 866 κρημνὸν
816 798 1131 855 ἀποκλίνειν
1160 806 1362 873 φαμέν.
1381 807 1568 863 Ταῦτα
1588 813 1917 884 φρονοῦμεν,

318 882 504 973 ταῦτα
540 886 911 960 κηρύττομεν.
945 892 1086 964 ὑπὲρ
1127 895 1335 952 τούτων
1381 898 1767 973 ἀγωνιζόμεθα
1798 882 1918 959 ἡτῶν

316 972 637 1043 δογμάτων.

398 1066 522 1158 Ὅτι
550 1067 608 1120 δὲ
649 1075 1081 1141 συκοφαντοῦσιν
1115 1079 1167 1131 oi
1194 1079 1287 1134 δύο
1313 1081 1559 1149 λέγοντες
1593 1088 1917 1158 πρεσϐεύειν

319 1154 478 1249 ἡμᾶς
506 1159 688 1249 υἱοὺς,
720 1161 819 1233 βοᾷ
848 1164 955 1219 τῶν
988 1171 1333 1240 πραγμάτων
1369 1176 1401 1243 ἡ
1437 1154 1717 1249 μαρτυρία
1741 1196 1754 1210 ο
1791 1181 1918 1244 τοὺς

317 1248 437 1317 γὰρ
459 1247 538 1317 τῷ
562 1253 815 1324 παναγίῳ
837 1259 1161 1325 προσιόντας
1185 1261 1523 1335 βαπτίσματι
1547 1247 1646 1339 τὴν
1675 1271 1907 1326 ἐκτεθεῖ-

319 1355 427 1391 σαν
462 1342 519 1433 ἐν
555 1342 765 1417 Νικαίᾳ
789 1348 971 1402 πίστιν
1005 1350 1330 1426 διδάσκομεν
1348 1372 1363 1388 ⁸
1392 1359 1488 1412 καὶ
1510 1360 1573 1413 τὸ
1591 1362 1690 1432 τῆς
1716 1363 1916 1433 παλιγο

316 1432 578 1498 γενεσίας
615 1438 994 1506 ἐπιτελοῦντες
1040 1449 1360 1519 μυστήριον,
1418 1451 1755 1525 βαπτίζομεν
1790 1432 1916 1522 τοῦς

317 1524 689 1592 πιστεύοντας
721 1530 803 1593 είς
823 1532 885 1585 τὸ
914 1533 1087 1605 ὄνομα
1113 1539 1210 1591 τοῦ
1234 1542 1471 1613 Πατρὸς,
1514 1546 1608 1598 καὶ
1638 1524 1732 1600 τοῦ
1761 1548 1913 1614 Υίοῦ,

315 1614 421 1710 καὶ
450 1615 544 1669 τοῦ
574 1618 733 1685 ἁγίου
761 1623 1099 1695 Πνεύματος,
1135 1631 1330 1696 ἑνικῶς
1362 1635 1600 1707 ἑκάστην
1643 1657 1917 1710 προσηγο-

318 1707 454 1803 ρίαν
480 1712 907 1783 προσφέροντες,
942 1721 1037 1773 καὶ
1083 1724 1270 1793 μέντοι
1296 1730 1392 1780 καὶ
1432 1733 1553 1794 ταῖς
1594 1707 1916 1803 ἐκκλησίαις

315 1801 591 1870 διηνεκῶς
618 1805 1082 1879 λειτουργοῦντες,
1112 1815 1356 1883 δοξάζειν
1380 1821 1656 1892 εἰώθαμεν
1678 1801 1772 1877 τὸν
1800 1825 1913 1878 Πα-

2029 637 2154 692 illos
2178 638 2273 708 qui
2295 654 2363 693 ex
2392 640 2681 696 divinitate
2709 642 2979 713 unigeniti
3017 643 3139 697 Filii
3167 651 3224 698 et
3266 643 3612 699 humanitate

2031 744 2197 782 unam
2220 729 2481 798 inquiunt
2514 731 2711 786 factam
2737 748 2860 788 esse
2890 742 3167 799 naturam,
3209 750 3275 788 ex
3299 735 3406 789 alia
3454 742 3614 804 parte

2026 821 2340 889 praecipites
2362 822 2493 875 ferri
2521 824 2841 886 asserimus.
2868 825 2927 879 In
2962 825 3067 880 hac
3097 842 3289 880 smnus
3313 826 3611 891 sententia;

2026 911 2147 966 haec
2197 911 2455 983 dogmata
2490 915 2887 984 praedicamus,
2940 927 3104 988 atque
3151 934 3255 988 pro
3295 918 3430 987 ipsis
3480 933 3608 972 eer-

2025 1012 2225 1059 tamus.

2094 1097 2283 1153 Nostri
2345 1114 2479 1153 vere
2535 1099 2985 1164 calumniatores,
3032 1101 3127 1170 qui
3172 1100 3314 1155 duos
3351 1100 3612 1156 venerari

2027 1190 2172 1245 ﬁlios
2197 1190 2411 1257 dicunt,
2445 1191 2703 1247 falsitatis
2732 1200 3041 1264 arguuntur
3070 1209 3099 1247 a
3134 1209 3318 1246 rerum
3352 1194 3606 1247 veritate.

2021 1283 2158 1338 Nam
2188 1298 2254 1338 ea
2277 1299 2379 1338 nos
2401 1325 2415 1349 ,
2448 1284 2517 1338 ad
2547 1285 2960 1340 sanctissimum
2996 1284 3285 1339 venientes
3314 1284 3608 1354 baptisma,

2026 1374 2369 1430 instituimus
2395 1375 2522 1439 ﬁde,
2579 1392 2703 1446 quae
2728 1376 2926 1433 Niem
2972 1377 3199 1432 deﬁnita
3261 1388 3379 1441 est,
3445 1384 3611 1445 atque

2020 1483 2178 1523 novae
2199 1470 2569 1540 generationis
2599 1470 2732 1524 dum
2762 1483 3087 1525 exercemus
3110 1470 3458 1542 mysterium,
3486 1469 3614 1523 illos
3662 1484 3673 1489 ·

2020 1561 2387 1633 baptizamus,
2418 1562 2513 1632 qui
2548 1562 2727 1617 Patris
2777 1569 2837 1617 et
2882 1561 3006 1617 Filii
3033 1570 3089 1616 et
3147 1560 3390 1632 Spiritus
3433 1561 3610 1615 sancti

2020 1653 2235 1708 nomini
2281 1654 2546 1717 credunt,
2602 1651 2904 1726 separatim
2955 1642 3204 1725 singulas
3263 1653 3611 1724 proferentes

2021 1747 2443 1816 appellationes.
2500 1747 2796 1801 Enimvero
2828 1748 2887 1801 in
2932 1747 3187 1802 ecclesiis
3218 1746 3425 1817 jugiter
3451 1760 3606 1799 sacra

2019 1835 2311 1901 obeuntes,
2326 1836 2552 1891 laudare
2573 1837 2964 1893 consuevimus
2975 1838 3288 1900 Patrem,et
3311 1835 3532 1896 Filium,
3551 1841 3610 1889 et

316 1893 602 1999 τέρα,“καὶ
629 1897 724 1953 τὸν
759 1900 907 1966 Υίὸν,
933 1905 1028 1959 καὶ
1056 1906 1118 1959 τὸ
1148 1908 1304 1976 ἅγιον
1325 1911 1551 1984 Πνεῦμα
1571 1932 1585 1946 ο
1616 1916 1714 1987 οὐχ
1743 1917 1914 1982 υἱοὺς,

2026 1927 2295 1998 Spiritum
2326 1937 2600 1982 sanetum.
2659 1928 2850 1999 Neque
2906 1928 3051 1983 ﬁlios
3097 1928 3357 1992 dicimus,
3385 1927 3483 1982 sed
3513 1926 3606 1980 Fi-

318 1982 445 2079 an:
479 1985 628 2079 nov.
673 1989 737 2043 Εί
767 1993 945 2048 τοίνυν
995 1995 1091 2050 δύο
1140 2000 1324 2071 φαμὲν
1368 1982 1540 2071 υἱοῦς,
1569 2006 1654 2071 τίς
1784 2009 1917 2079 παρ’

318 2074 485 2145 ἡμῶν
507 2077 887 2151 δοξαζόμενος,
916 2088 1010 2139 καὶ
1047 2088 1129 2153 τίς
1161 2093 1191 2145 ὁ
1236 2093 1414 2162 μένων
1456 2098 1803 2170 ἁγέραστοςς

318 2169 539 2263 γάρείς
566 2173 821 2228 τοσοῦτον
862 2180 1062 2247 μανίας
1102 2181 1474 2254 ὲληλάκαμεν,
1506 2169 1648 2245 ὥστε
1683 2191 1777 2245 δύο
1819 2193 1919 2263 μὲν

316 2260 512 2330 λέγειν
541 2266 722 2333 υίοὺς,
756 2270 1031 2342 μηδεμιᾶς
1061 2274 1117 2329 δὲ
1150 2279 1316 2350 τιμῆς
1359 2281 1451 2334 τὸν
1485 2282 1675 2353 ἕτερον
1707 2260 1916 2352 ἀξιοῦν.

317 2354 472 2426 Δήλη
528 2361 825 2432 τοιγαροῦν
874 2365 1170 2423 κάντεῦθεν
1224 2373 1257 2441 ή
1312 2377 1651 2444 συκοφαντία
1689 2377 1920 2448 γεγένη-

317 2462 449 2499 ται·
480 2450 645 2521 ἡμεῖς
698 2453 811 2526 γὰρ
859 2456 957 2514 ἕνα
1002 2462 1420 2535 προσκυνοῦμεν
1470 2467 1600 2522 Υίὸν
1653 2471 1916 2541 μονογενῆ

318 2542 419 2595 τὸν
465 2543 965 2620 ὲνανθρωπήσαντα
1012 2553 1145 2607 Θεὸν
1198 2556 1371 2627 Λόγον
1397 2576 1412 2589 ο
1481 2561 1582 2631 τὴν
1639 2561 1804 2629 ἁγίαν
1859 2563 1917 2617 δὲ

224 2670 231 2675 -
323 2633 604 2707 Παρθένον
624 2639 888 2696 Θεοτὸκον
917 2645 1324 2718 ἀποκαλοῦμεν,
1357 2651 1545 2721 ἐπειδὴ
1575 2652 1665 2709 τὸν
1700 2655 1917 2725 Ἐμμα-

318 2727 488 2799 νουὴλ
505 2728 853 2804 γεγέννηκεν,
871 2735 929 2798 ὃς
948 2738 1333 2809 ἑρμηνεύεται,
1353 2744 1491 2798 Μεθ’
1511 2743 1676 2814 ἡμῶν
1696 2750 1729 2802 ὁ
1748 2748 1915 2814 Θεός.

335 2819 400 2872 ’0
428 2820 485 2874 δὲ
510 2826 639 2894 περὶ
665 2825 760 2878 τοῦ
796 2828 1147 2901 Ἐμμανουήλ
1177 2834 1596 2905 προαγορεύσας
1629 2839 1919 2911 προφήτης

324 2912 448 2981 μετ’
481 2912 636 2981 ὀλίγα
663 2915 826 2971 πάλιν
869 2919 1095 2973 τοιαῦτα
1124 2922 1256 2993 περὶ
1286 2924 1453 2978 αὐτοῦ
1490 2926 1791 3000 γέγραφεν,
1836 2930 1918 2983 ὅτι

329 3022 350 3054 ι
387 3002 606 3058 Παιδίον
640 3008 905 3081 ἐγεννήθη
937 3012 1092 3084 ἡμῖν,
1129 3014 1249 3079 υίὸς
1282 3018 1380 3071 καὶ
1412 3018 1570 3091 ἐδόθη
1600 3021 1753 3091 ἡμῖν,
1795 3015 1855 3076 οὗ
1883 3022 1919 3093 ή

323 3095 473 3166 ἀρχὴ
501 3098 595 3150 ἐπὶ
642 3097 740 3151 τοῦ
792 3098 947 3172 ὤμου
980 3104 1172 3172 αὐτοῦ,
1228 3109 1324 3163 καὶ
1367 3110 1613 3165 καλεῖται
1654 3113 1716 3167 τὸ
1748 3112 1921 3184 ὄνομα

2018 2019 2156 2075 lium
2177 2037 2192 2085 ;
2212 2019 2257 2073 si
2281 2019 2421 2073 duos
2456 2014 2606 2075 enim
2632 2021 3054 2075 nominaremus
3081 2019 3246 2084 ﬁlios,
3277 2020 3402 2090 quis
3433 2028 3606 2083 esset,

2019 2129 2184 2184 quem
2213 2113 2610 2167 laudaremus?
2636 2114 2762 2183 quis
2784 2129 2919 2168 vero
2962 2108 3175 2167 honore
3214 2112 3408 2166 caret?
3446 2109 3605 2164 Haud

2019 2204 2169 2259 enim
2199 2212 2351 2258 tanta
2383 2220 2488 2258 nos
2540 2204 2687 2273 cepit
2738 2205 3040 2270 dementia,
3079 2211 3140 2257 ut
3162 2201 3304 2258 duos
3353 2203 3610 2257 dicamus

2021 2313 2145 2354 esse
2164 2296 2328 2363 ﬁlios,
2365 2313 2601 2367 quorum
2628 2297 2800 2352 alteri‘
2820 2298 3034 2351 nullum
3092 2297 3403 2351 tribuamus
3427 2297 3608 2349 hono-

2020 2389 2317 2445 rem.Inde
2335 2389 2505 2460 igitur
2529 2397 2681 2459 patet
2708 2389 3007 2453 calumnia,
3044 2388 3271 2443 unicum
3325 2386 3474 2442 enim
3511 2401 3611 2441 nos

2020 2477 2316 2533 adoramus
2343 2477 2545 2533 Filium
2576 2479 2946 2549 unigenitum,
2997 2479 3206 2551 1311
3253 2478 3353 2533 Dei
3409 2492 3610 2549 nempe

2018 2572 2262 2626 Verbum
2287 2571 2569 2626 hominem
2599 2571 2839 2627 factum:
2869 2579 3116 2630 sanctam
3148 2585 3282 2624 vero
3322 2569 3609 2641 Virginem

2018 2663 2115 2718 Dei
2144 2663 2470 2734 genitricem
2533 2677 2811 2727 vocamus,
2837 2663 2968 2733 quia
3020 2662 3237 2734 peperit
3274 2659 3608 2717 Emmanue-

2018 2756 2147 2821 lem,
2178 2754 2597 2829 quisigniﬁcat:
2632 2754 2774 2810 Deus
2800 2756 3070 2810 nobiscum
3099 2754 3166 2810 τί.
3199 2753 3269 2808 Et
3297 2752 3464 2827 paulo
3486 2760 3611 2825 post
3636 2756 3637 2759 “

2019 2850 2319 2920 propheta,
2346 2850 2449 2921 qui
2464 2848 2883 2905 Emmanuelem
2920 2846 3196 2919 praedixit,
3232 2847 3356 2901 haec
3379 2844 3447 2900 de
3487 2845 3611 2915 ipso
3715 2906 3722 2912 ,

2022 2942 2282 3014 scripsit:
2320 2963 2338 2996 ι
2360 2945 2633 2999 Parvulus
2663 2942 2809 2998 enim
2835 2951 2996 2998 natus
3025 2949 3110 2996 est
3152 2939 3337 3006 nobis,
3360 2946 3416 2992 et
3465 2936 3613 2991 ﬁlius

2023 3034 2188 3090 datus
2211 3042 2297 3091 est
2325 3035 2510 3103 nobis,
2548 3036 2706 3108 cujus
2729 3043 2815 3091 est
2851 3033 3192 3105 principatus
3223 3047 3390 3102 super
3414 3029 3613 3084 hume-

2022 3144 2145 3185 rum
2175 3128 2319 3198 ejus,
2339 3136 2395 3184 et
2417 3127 2710 3182 vocabitur
2743 3141 2945 3180 nomen
2987 3124 3109 3196 ejus
3140 3122 3379 3194 Angelus
3428 3116 3611 3193 magni

322 3186 519 3300 ῗῦτρῦ,
552 3191 796 3300 μὲγά).ης
820 3193 1017 3269 βουλῆς
1056 3199 1358 3269 Ἄγγελος,
1397 3202 1737 3275 Θαυμαστὸς,
1781 3205 1918 3281 σύμ-

2026 3216 2265 3281 consilii,
2299 3215 2663 3277 admirabilis,
2697 3211 3074 3275 consiliarius,
3099 3210 3245 3264 Deus
3300 3207 3480 3267 fortis,
3513 3222 3612 3274 po-

324 3278 544 3343 σουλος,
576 3283 712 3347 Θεὸς
746 3286 989 3357 ἰσχυρὸς,
1031 3290 1409 3365 ὲξουσιαστὴς,
1454 3297 1641 3368 ἄρχων
1670 3278 1918 3371 εἰρήνης,

326 3371 524 3445 Πατὴρ
550 3375 648 3428 τοῦ
694 3377 980 3446 μέλλοντος
1010 3381 1225 3447 αἰῶνος.
1264 3404 1284 3436 ι
1318 3387 1383 3439 Εἰ
1431 3387 1490 3440 δὲ
1524 3387 1657 3452 Θεὸς
1690 3391 1921 3463 ἰσχυρὸς

325 3464 392 3517 τὸ
425 3466 618 3536 τεχθὲν
656 3469 761 3523 ὑπὸ
799 3472 901 3542 τῆς
946 3473 1225 3546 Παρθένου
1272 3479 1715 3555 προσηγόρευται
1791 3482 1922 3554 βρέ-

329 3577 454 3629 φος,
479 3562 706 3627 εἰκότως
741 3566 850 3636 ἄρα
910 3568 943 3637 ἡ
977 3567 1215 3623 τεκοῦσα
1261 3571 1527 3637 Θεοτὸκος
1568 3574 1921 3648 ὠνόμασται·

331 3653 599 3724 μετέλαχε
630 3655 740 3727 γὰρ
772 3659 806 3728 ἡ
838 3658 1073 3713 τεκοῦσα
1118 3661 1218 3732 τῆς
1265 3661 1361 3716 τοῦ
1405 3664 1689 3735 τεχθέντος
1731 3664 1922 3738 τιμῆς,

329 3744 431 3799 καὶ
462 3744 611 3800 ἔστιν
635 3749 669 3819 ἡ
700 3749 978 3820 Παρθένος
1016 3752 1112 3805 καὶ
1146 3754 1351 3826 μήτηρ,
1372 3754 1448 3820 ὡς
1479 3757 1795 3832 ἀνθρώπου,
1825 3758 1923 3813 τοῦ

329 3837 607 3891 Δεσπότου
659 3840 920 3911 Χριστοῦ,
970 3842 1066 3897 καὶ
1107 3844 1271 3916 δούλη
1312 3847 1497 3915 πάλιν,
1539 3848 1616 3913 ὡς
1649 3851 1924 3905 Δεσπότου

331 3931 432 3985 καὶ
460 3931 693 4004 Ποιητοῦ
724 3934 818 3987 καὶ
849 3933 1007 3991 Θεοῦ.

406 4022 508 4077 Διὰ
540 4024 746 4095 ταύτην
772 4025 882 4079 τῶν
916 4028 1114 4095 φωνῶν
1144 4030 1246 4100 τὴν
1281 4030 1546 4104 διαφορὰν
1572 4034 1667 4087 καὶ
1694 4035 1926 4106 ἀπάτωρ

333 4114 444 4168 ὑπὸ
470 4115 565 4170 τοῦ
598 4117 890 4173 θεσπεσίου
913 4120 1128 4174 Παύλου
1167 4123 1265 4176 καὶ
1299 4125 1532 4197 ἀμήτωρ
1556 4126 1804 4180 καλεῖται
1828 4128 1927 4181 καὶ.

332 4208 793 4281 ἀγενεαλόγητος,
833 4211 971 4283 μήτε
1006 4212 1181 4284 ἀρχὴν
1213 4215 1457 4290 ἡμερῶν,
1491 4218 1631 4289 μήτε
1661 4216 1808 4289 ζωῆς
1833 4217 1926 4271 τέ-

334 4298 431 4363 λος
466 4300 625 4372 ἔχων.
673 4303 932 4369 Ἀπάτωρ
962 4306 1059 4375 μὲν
1091 4306 1200 4377 γάρ
1245 4308 1362 4360 ἐστι
1409 4308 1551 4362 κατὰ
1595 4309 1657 4363 τὸ
1710 4309 1924 4381 ἀνθρώ-

338 4408 500 4447 πινον
523 4410 538 4424 ⁸
579 4395 644 4448 ἐκ
669 4397 841 4469 μόνης
873 4397 1006 4470 γὰρ,
1026 4397 1102 4464 ὡς
1130 4398 1438 4472 ἄνθρωπος,
1462 4402 1656 4473 ἐτέχθη
1688 4403 1924 4473 μητρός’

335 4484 575 4559 ἀμήτωρ
611 4487 668 4542 δέ
704 4491 875 4557 ἐστιν,
927 4491 1002 4556 ὡς
1032 4492 1200 4557 Θεός·
1250 4496 1315 4546 ἐκ
1369 4494 1532 4564 μόνου
1581 4494 1692 4565 γὰρ
1722 4497 1787 4549 ἐκ
1818 4494 1927 4548 τῶν

2025 3315 2170 3369 lens,
2194 3307 2453 3378 princeps
2499 3305 2675 3377 pacis,
2723 3306 2890 3361 Pater
2953 3300 3125 3359 futuri
3188 3298 3374 3355 saeculi
3404 3299 3471 3350 ".
3500 3316 3517 3348 ι
3554 3295 3613 3351 Si
3675 3327 3679 3337 ι

2025 3415 2159 3457 vero
2186 3415 2326 3470 puer
2347 3415 2376 3453 a
2400 3398 2625 3470 Virgine
2658 3405 2845 3461 natus,
2886 3396 3035 3452 Deus
3070 3393 3230 3449 fortis
3275 3390 3612 3465 appellatur,

2021 3492 2148 3563 jure
2182 3492 2351 3564 igitur
2380 3499 2437 3545 et
2463 3506 2586 3562 quae
2614 3505 2743 3547 eum
2775 3485 3106 3561 peperitDci
3135 3484 3386 3540 Genitrix
3418 3488 3614 3539 vocata

2025 3590 2140 3637 est:
2167 3582 2445 3654 particeps
2477 3580 2627 3635 enim
2672 3579 2816 3635 facta
2863 3586 2948 3635 est
2988 3584 3164 3634 mater
3204 3570 3435 3631 honoris
3483 3570 3613 3633 ﬁlii;

2022 3686 2085 3731 "et
2116 3684 2203 3731 est
2221 3674 2384 3746 Virgo
2409 3682 2465 3729 et
2492 3680 2689 3739 mater,
2714 3679 2981 3742 tanquam
3001 3667 3247 3724 hominis
3265 3663 3473 3721 Christi
3502 3662 3612 3717 Do-

2027 3767 2187 3832 mini,
2217 3776 2273 3821 et
2312 3766 2515 3822 iterum
2544 3765 2762 3833 ancilla,
2794 3772 3058 3839 tanquam
3072 3760 3366 3816 Dominiet
3390 3756 3616 3814 Creato—

2028 3861 2108 3918 ris
2132 3860 2324 3915 etDei.

2100 4050 2334 4120 Pr0ptcr
2390 4047 2535 4105 hanc
2566 4062 2766 4104 vocum
2815 4045 3162 4106 varietatem,
3194 4051 3249 4094 et
3294 4040 3408 4094 sine
3442 4044 3615 4109 patre,

2028 4157 2056 4197 a
2093 4141 2221 4195 divo
2249 4140 2421 4195 Paulo
2436 4139 2505 4205 ⁷³,
2531 4139 2711 4194 etsine
2732 4144 2906 4190 matre
2938 4143 3188 4198 vocatur,
3214 4139 3271 4187 et
3289 4132 3403 4184 sine
3419 4143 3617 4200 genea-

2031 4229 2193 4302 logia,
2218 4244 2382 4299 neque
2408 4228 2621 4282 initium
2643 4227 2870 4291 dierum,
2889 4240 3056 4297 neque
3076 4222 3239 4292 ﬁnem
3266 4223 3383 4275 vita:
3401 4218 3615 4273 habens.

2029 4319 2159 4376 Sine
2186 4329 2342 4393 patre
2376 4318 2602 4389 quidem
2642 4325 2748 4383 est,
2788 4315 3095 4373 secundum
3126 4310 3559 4393 humanitatem;
3587 4323 3620 4364 a

2029 4412 2144 4467 sola
2154 4390 2303 4469 enim
2317 4409 2542 4482 Virgine
2557 4416 2719 4463 natus
2730 4416 2834 4469 est,
2852 4415 2911 4461 ut
2924 4408 3109 4461 homo.
3127 4404 3259 4460 Sine
3272 4390 3446 4458 matre
3462 4415 3618 4468 vero,

2030 4512 2094 4557 ut
2114 4502 2280 4557 Deus.
2309 4501 2387 4555 Ex
2419 4500 2537 4555 solo
2564 4499 2715 4553 enim
2732 4499 2894 4554 Patre
2926 4506 3090 4552 natus
3106 4503 3193 4552 est
3224 4502 3353 4550 ante
3395 4493 3617 4549 saecula.

336 4577 557 4632 αἰώνων
608 4580 879 4654 ἐγεννήθη
918 4585 1166 4655 Πατρός’
1225 4585 1321 4638 καὶ
1354 4585 1781 4657 ἀγενεαλόγητος
1814 4586 1922 4658 (79)

2032 4596 2101 4650 Et
2133 4594 2253 4649 sine
2285 4592 2622 4665 genealogia,
2660 4592 2861 4646 iterum
2890 4599 2951 4645 ut
2977 4591 3140 4647 Deus.
3211 4588 3319 4644 Sed
3351 4597 3412 4642 ut
3456 4587 3622 4640 homo

340 4669 509 4724 πάλιν
536 4670 614 4736 ὡς
643 4673 797 4738 Θεὸς,
843 4675 983 4729 ἀλλά
1018 4678 1115 4731 καὶ
1147 4678 1558 4747 γενεαλογεῖται
1608 4678 1684 4742 ὡς
1716 4679 1932 4751 ἀνθρω-

340 4778 466 4825 πος.
508 4782 525 4815 ι
552 4763 747 4829 Βίϐλος
776 4766 909 4838 γὰρ.
939 4770 1094 4838 φησὶ,
1123 4771 1392 4840 γενέσεως
1451 4769 1624 4841 Ἰησοῦ
1670 4769 1930 4842 Χριστοῦ,

340 4852 462 4905 υἱοῦ
495 4853 683 4919 Δαῦὶδ,
707 4856 825 4910 υίοῦ
870 4859 1144 4930 Ἀϐραάμ,
1184 4881 1202 4913 ι
1233 4862 1556 4931 Γενεαλογεῖ
1574 4863 1630 4915 δὲ
1649 4863 1812 4916 αὐτὸν
1840 4864 1937 4917 καὶ

338 4946 560 5011 Λουκᾶς
588 4949 617 5001 ὁ
652 4947 961 5014 θεσπέσιος.
1005 4953 1163 5005 Οὕτω
1208 4956 1392 5016 πάλιν,
1433 4956 1508 5019 ὡς
1550 4955 1703 5021 Θεὸς,
1759 4957 1936 5028 ἀρχὴν

338 5037 572 5106 ἡμερῶν
602 5040 701 5093 οὐκ
738 5039 886 5109 ἔσχε,
919 5040 1025 5112 πρὸ
1056 5042 1166 5113 γὰρ
1195 5043 1302 5095 τῶν
1330 5045 1541 5099 αἰώνων
1558 5046 1898 5116 ’γεγέννηται
1917 5061 1931 5076 ο

338 5126 469 5182 οὔτε
484 5129 605 5202 μὴν
652 5130 801 5203 ζωῆς
851 5131 1006 5195 τέλος
1044 5133 1192 5205 ἔχει,
1238 5134 1506 5189 ἀθάνατον
1553 5135 1664 5208 γὰρ
1694 5137 1807 5206 ἔχει
1841 5136 1938 5190 καὶ

340 5222 531 5295 ἀπαθῆ
560 5226 660 5295 τὴν
686 5226 869 5297 φύσιν.
904 5226 988 5292 Ὠς
1021 5227 1078 5281 δὲ
1115 5228 1406 5300 ἄνθρωπος
1434 5230 1526 5283 καὶ
1567 5229 1742 5301 ἀρχὴν
1772 5230 1936 5300 ἔσχεν

343 5315 575 5387 ἡμερῶν
598 5318 734 5388 (80)·
760 5319 854 5372 ἐπὶ
876 5320 986 5391 γὰρ
1004 5320 1313 5389 Αὐγούστου
1336 5321 1611 5392 Καίσαρος
1638 5321 1900 5394 ἐγεννήθη
1921 5339 1936 5355 ο

346 5408 442 5461 καὶ
475 5407 623 5478 ζωῆς
648 5410 802 5474 τέλος
848 5411 1005 5483 ἔσχεν
1033 5430 1045 5443 ’
1080 5412 1177 5466 ἐπὶ
1206 5413 1316 5486 γὰρ
1353 5414 1607 5487 Τιϐερίου
1653 5415 1935 5487 Καίσαρος

345 5498 696 5573 ἐσταυρώθη.
722 5502 883 5557 Ἀλλά
910 5504 1027 5571 νῦν,
1060 5506 1136 5570 ὡς
1163 5505 1320 5578 ἔφην,
1348 5506 1444 5561 καὶ
1469 5509 1567 5577 τὴν
1587 5507 1934 5579 ἀνθρωπείαν

349 5590 515 5662 φύσιν
543 5593 814 5649 ἀθάνατον
850 5597 988 5668 ἔχει,
1029 5599 1124 5653 καὶ
1171 5599 1250 5664 ὡς
1294 5599 1574 5672 ἀνελήφθη
1617 5599 1779 5654 πάλιν
1813 5599 1933 5672 ἥξει

2034 4689 2411 4762 genealogiam
2425 4687 2612 4743 habet.
2648 4685 2792 4742 Dicit
2824 4686 2973 4742 enim
3004 4684 3377 4756 evangelista:
3414 4702 3431 4733 ι
3455 4680 3623 4737 Liber

2035 4779 2410 4855 generationis
2439 4780 2567 4836 Jesu
2614 4777 2844 4844 Christi,
2891 4777 2989 4832 ﬁlii
3020 4776 3266 4842 Davidis,
3306 4775 3407 4833 ﬁlii
3445 4773 3624 4829 Abra-

2035 4871 2164 4928 ham
2193 4872 2257 4926 ⁷⁸.
2279 4892 2297 4923 ι
2336 4871 2405 4925 Ει
2434 4886 2630 4926 rursus
2662 4870 2781 4942 ejus
2823 4869 3240 4941 generationem
3274 4866 3627 4923 traditdivus

2035 4964 2216 5020 Lucas
2241 4965 2308 5020 ⁷⁸.
2338 4963 2409 5021 Ut
2467 4964 2614 5019 Deus
2663 4963 2965 5019 exsistendi
2995 4962 3213 5017 initium
3253 4978 3365 5016 non
3408 4959 3624 5023 habuit,

2036 5065 2165 5111 ante
2184 5056 2383 5110 saecula
2405 5055 2553 5109 enim
2584 5064 2747 5109 natus
2766 5064 2872 5117 est,
2907 5070 3087 5123 neque
3141 5053 3306 5108 ﬁnem
3360 5053 3489 5107 vitze
3522 5051 3625 5104 ha—

2032 5148 2161 5212 bet,
2206 5146 2572 5201 immortalem
2628 5161 2755 5201 eum
2802 5146 3007 5203 habeat
3053 5158 3311 5201 naturam
3341 5155 3399 5200 et
3447 5145 3625 5212 impa-

2033 5240 2287 5295 tientem.
2316 5237 2389 5294 Ut
2413 5239 2581 5294 homo
2609 5249 2797 5295 autem
2817 5248 2875 5295 et
2899 5239 3116 5298 dierum
3162 5239 3357 5297 habuit
3378 5234 3621 5291 initium.

2041 5329 2253 5399 1312
2280 5327 2417 5383 Nam
2441 5327 2673 5403 Augusti
2701 5328 2939 5385 Caesaris
2968 5338 3217 5401 tempore
3246 5335 3409 5382 natus
3437 5333 3543 5388 est,
3568 5331 3625 5377 et

2039 5422 2166 5477 vitae
2192 5421 2389 5476 habuit
2412 5420 2611 5478 ﬁnem:
2644 5431 2894 5494 tempore
2943 5424 3091 5478 enim
3139 5419 3351 5475 Tiberii
3388 5417 3627 5474 Caesaris

2041 5512 2340 5568 cruciﬁxus
2360 5519 2464 5568 est.
2499 5511 2660 5569 Nunc
2692 5529 2848 5579 vero,
2880 5510 3350 5583 quemadmodum
3398 5508 3537 5574 dixi,
3569 5514 3627 5561 et

2042 5602 2284 5658 humana
2308 5610 2510 5658 natura
2542 5602 2843 5658 immortali
2884 5600 3147 5671 praeditus
3192 5606 3297 5664 est,
3336 5608 3395 5657 et
3432 5606 3495 5654 ut
3540 5612 3629 5653 as-

423 5731 467 5764 "
494 5733 685 5792 Matth.
718 5752 757 5800 ι,
783 5737 874 5792 25.
951 5740 996 5770 ⁷³
1025 5740 1126 5796 lsa.
1155 5758 1205 5795 l.\'
1228 5782 1241 5807 ,
1269 5739 1320 5793 (ἶ.
1379 5742 1426 5773 ⁷⁸
1452 5739 1617 5796 llebr.
1646 5757 1737 5809 vn,
1765 5741 1817 5795 5.
1898 5743 1915 5773 ⁷

2026 5742 2183 5798 latth.
2219 5759 2257 5808 ι,
2285 5746 2335 5796 1.
2410 5743 2455 5774 ⁷⁵
2480 5742 2612 5797 Luc.
2647 5758 2723 5805 ιιι,
2755 5743 2845 5798 23.

431 5848 540 5922 (79)
571 5850 627 5905 δὲ
662 5851 816 5908 addit
847 5854 1018 5912 Maus.

2128 5859 2238 5931 (80)
2280 5860 2376 5929 ἡμ.
2408 5857 2523 5929 ἔσχ.
2551 5858 2719 5914 idem.
