4072 6430
434 419 570 484 1439
1419 418 1905 480 THEODORETI
1947 416 2010 476 Ε]

2113 417 2282 480 ιΕΟΡΙ
2323 419 2688 478 Cl'llENSlS
3549 417 3684 483 1440

416 535 624 595 vendit.
650 535 848 589 iterum
882 534 1404 598 veniet,secundum
1434 533 1754 604 angelorum
1781 546 1990 585 vocem.

2113 529 2238 582 (ατὰ
2265 532 2364 600 τὴν
2391 530 2500 582 τῶν
2528 530 2779 598 ἀγγέλων
2809 529 3013 598 φωνήν.
3055 548 3073 578 ι
3103 520 3269 593 Οὗτος
3293 529 3422 602 γάρ,
3447 531 3679 601 ἔφησαν,

427 623 500 678 ita
527 625 675 678 enim
705 624 965 678 dixerunt
991 640 1004 676 :
1041 642 1057 673 ι
1085 622 1184 678 llic
1205 624 1386 688 Jesus,
1423 623 1518 692 qui
1567 631 1883 690 assumptus
1916 631 2002 674 est

2113 622 2129 672 5
2172 619 2374 690 Ἰησοῦς
2423 624 2451 674 6
2484 620 2818 689 ἀναληφθεὶς
2861 619 2956 688 ἀφ’
2997 619 3153 687 ὑμῶν
3194 621 3271 682 εἰς
3304 621 3395 674 τον
3433 621 3679 692 οὐρανὸν,

425 729 456 768 a
487 715 642 768 vobis
677 715 733 768 in
756 715 978 778 cmlum,
1012 713 1093 768 sic
1145 713 1349 775 veniet,
1408 711 1875 783 quemadmodum
1919 709 2003 763 vi-

429 805 591 861 distis
613 822 739 860 eum
763 816 985 861 euntem
1020 807 1075 860 in
1097 808 1298 861 cmlum
1322 807 1386 858 ⁷⁸.
1413 825 1432 858 ι

499 895 652 952 l'lanc
676 897 835 951 nobis
866 896 1174 950 doctrinam
1207 896 1534 950 nuntiarunt
1555 893 1666 949 divi
1698 893 2000 964 propheta},

429 989 570 1042 hanc
594 989 796 1043 chorus
826 989 1234 1058 apostolorum;
1263 988 1403 1041 hanc
1436 987 1639 1056 pariter
1670 985 1866 1048 sancti,
1903 984 2002 1053 qni

430 1076 488 1130 in
538 1075 764 1132 Oriente
819 1076 1126 1131 ﬂoruerunt
1173 1085 1229 1130 et
1269 1075 1594 1131 Occidente:
1633 1073 1869 1128 celebris
1914 1073 2002 1128 ille

428 1169 672 1238 lgnatius
691 1168 787 1238 qui
819 1184 917 1239 per
963 1168 1212 1221 dextram
1245 1166 1426 1237 magni
1473 1165 1622 1221 Petri
1663 1165 2003 1236 pontiliciam

427 1260 751 1329 dignitatem
778 1261 1015 1328 accepit,
1037 1269 1092 1314 et
1117 1274 1214 1328 pro
1235 1257 1454 1312 Christo
1477 1273 1507 1310 a
1524 1257 1722 1312 belluis
1750 1257 2005 1312 dilaniari

428 1352 656 1405 minime
688 1352 996 1416 recusavit;
1029 1365 1257 1419 magnus
1282 1349 1626 1413 Eustathius,
1673 1348 1768 1418 qui
1798 1349 2006 1419 primas

430 1441 607 1496 tenuit
636 1442 688 1494 in
719 1441 910 1511 synodi
945 1439 1397 1509 congregatione,
1443 1447 1498 1493 et
1547 1439 1640 1508 qui
1686 1439 1876 1508 pulsus
1924 1449 2008 1495 est

430 1532 488 1586 in
509 1533 765 1587 exsilium
807 1541 1035 1602 prOpter
1060 1530 1284 1601 pietatis
1313 1546 1583 1586 amorem.
1628 1530 1780 1586 Hanc
1809 1531 2004 1602 ipsam,

432 1625 649 1679 easdem
685 1640 980 1694 perpessus
1005 1625 1344 1678 calamitates
1370 1622 1640 1686 Meletius,
1670 1623 2005 1693 prmdicavit.

430 1715 542 1770 'I‘er
565 1716 712 1770 enim
740 1725 797 1770 et
839 1715 955 1784 ipse
1002 1723 1227 1786 propter
1251 1715 1626 1784 apostolorum
1679 1725 1949 1786 praacepta
1978 1731 2010 1770 a

429 1822 531 1862 suo
564 1823 723 1877 grege
743 1808 1005 1877 expulsus
1026 1808 1148 1864 l'uit.
1179 1807 1330 1863 l‘lanc
1362 1807 1674 1872 Flavianus,
1718 1807 1812 1877 qui
1854 1808 2009 1862 thro-

429 1911 564 1950 num
590 1896 740 1951 illius
767 1897 872 1952 loci
907 1897 1218 1964 decoravit;
1247 1899 1389 1952 hanc
1421 1897 1612 1951 docuit
1644 1897 1844 1951 divina»
1891 1914 2010 1968 gra-

432 1987 522 2041 tia:
541 2003 828 2057 organum,
853 1988 1196 2044 admirabilis
1237 1988 1590 2058 Ephraimus,
1638 1988 1732 2058 qui
1790 1987 2012 2060 S;riaco

431 2092 685 2132 sermone
721 2094 873 2142 usus,
907 2079 1200 2132 utilitatem
1233 2079 1470 2133 nobisin
1516 2077 1735 2148 scriptis
1765 2077 2008 2148 reliquit.

431 2167 558 2224 llaec
580 2167 925 2240 Cyprianus,
977 2170 1130 2224 omni
1164 2169 1328 2224 laude
1362 2169 1581 2240 dignus,
1619 2169 1714 2237 qui
1778 2169 2012 2224 Cartha-

435 2261 620 2331 ginem
647 2270 702 2315 et
724 2261 950 2326 Libyam
982 2269 1236 2316 cunctam
1263 2260 1580 2315 moderatus
1596 2270 1700 2325 est,
1731 2269 1788 2315 et
1802 2261 1895 2332 qui
1915 2277 2013 2332 pro

429 2351 654 2407 Christo
686 2352 931 2414 maiestas
963 2363 1224 2422 expertus
1275 2363 1359 2408 est
1399 2352 1680 2416 ﬂammas;
1716 2355 2010 2420 Damasus,

433 2441 527 2508 qui
545 2455 794 2512 magnam
816 2442 953 2495 rexit
969 2443 1226 2507 Romam;
1253 2442 1594 2507 Ambrosius,
1611 2443 1702 2512 qui
1721 2443 2013 2498 Mediolani

440 2531 700 2586 thronum
720 2533 1026 2598 exornavit,
1053 2541 1108 2586 et
1129 2533 1318 2587 Latina
1351 2549 1487 2587 usus
1509 2544 1595 2587 est
1624 2534 1844 2604 lingua;
1874 2534 2011 2599 haec,

432 2619 750 2688 inquam,et
764 2622 1116 2692 praedicando
1149 2621 1358 2692 1313
1386 2630 1441 2677 et
1468 2623 1764 2677 scribendo
1794 2637 2013 2692 semper

430 2708 762 2765 docuerunt.
805 2711 932 2766 Haec
982 2713 1148 2766 etiam
1194 2710 1326 2766 dum
1378 2713 1748 2783 praedicarunt
1802 2729 2014 2768 summa

430 2802 772 2860 Alexandria:
799 2805 1114 2870 luminaria,
1148 2805 1456 2861 Alexander
1501 2806 1712 2862 scilicet
1745 2817 1800 2862 et
1847 2809 2017 2862 Atha-

336 2909 340 2913 ·
430 2895 712 2960 nasius,ct
739 2897 1172 2962 consentientes,
1211 2899 1278 2952 ab
1304 2899 1560 2952 omnibus
1581 2901 1896 2970 pervulgata
1921 2917 2018 2970 pe—

433 2985 604 3040 ricula
635 2987 881 3056 perpessi
917 2997 1066 3040 sunt.
1097 2986 1208 3040 Hoc
1230 2989 1438 3057 pariter
1463 2989 1730 3057 pabulum
1756 2993 2017 3061 gregibus

431 3075 755 3129 obtulerunt
785 3077 945 3146 regiae
961 3078 1200 3132 civitatis
1215 3079 1470 3133 doctores
1486 3080 1698 3145 eximii,
1719 3082 2016 3153 Gregorius

2041 1865 2086 1920 Β

2102 709 2275 773 οὓτως
2323 711 2623 776 ἐλεύσεται,
2670 710 2730 764 ὃν
2778 709 2980 780 τρόπον
3023 709 3321 763 ἐθεάσασθε
3379 713 3542 766 αὐτὸν
3582 731 3682 770 πο-

2105 804 2398 873 ρευόμενον
2428 806 2508 867 εἰς
2538 803 2629 856 τὸν
2663 803 2915 872 οὐρανόν.
2949 821 2967 854 ι

2176 894 2392 965 Ταύτην
2435 898 2568 966 ἡμῖν
2613 894 2711 964 τὴν
2751 893 3099 949 διδασκαλίαν
3128 897 3178 950 οἱ
3226 897 3358 950 θεῖοι
3396 867 3685 966 ⁸προφῆται

2085 1004 2088 1006 ν
2113 984 2521 1053 προσήνεγκαν,
2546 983 2749 1050 ταύτην
2768 984 2796 1036 6
2818 982 2926 1034 τῶν
2953 985 3123 1051 ἁγίων
3155 986 3467 1038 ἀποστόλων
3488 986 3647 1056 χορός
3667 1003 3680 1016 ⁸

2103 1075 2307 1146 ταύτην
2339 1078 2389 1128 οἱ
2426 1073 2852 1146 κατάτὴνἙῲαν
2882 1078 2975 1130 καὶ
3012 1078 3111 1148 τὴν
3152 1077 3422 1148 Ἑσπέραν
3459 1077 3686 1148 διαπρέ-

2103 1167 2304 1236 ψαντες
2337 1168 2516 1236 ἅγιοι·
2571 1169 2831 1236 Ἰγνατιος
2866 1169 3074 1231 ἐκεῖνος
3109 1169 3138 1220 6
3173 1167 3627 1240 πολυθρύλλητος,
3658 1172 3688 1222 6

2105 1259 2194 1312 διά
2240 1259 2338 1330 τῆς
2384 1258 2482 1312 τοῦ
2537 1258 2777 1330 μεγάλου
2814 1259 3024 1330 Πέτρου
3067 1259 3248 1324 δεξιᾶς
3279 1259 3380 1330 τήν
3413 1261 3687 1330 ἀρχιερω-

2109 1348 2275 1420 σύνην
2303 1348 2615 1418 δεξάμενος,
2663 1350 2757 1402 καὶ
2791 1349 2931 1420 ὑπὲρ
2967 1349 3066 1416 τῆς
3109 1351 3189 1413 είς
3233 1349 3466 1419 Χριστὸν
3493 1349 3688 1419 ὁμολο-

2109 1439 2233 1507 γίας
2269 1438 2454 1510 θηρῶν
2505 1439 2800 1509 γενόμενος
2845 1439 3056 1510 ἀγρίων
3103 1439 3273 1509 βορά⁹
3329 1439 3627 1502 Εὑστάθιος
3658 1441 3688 1490 6

2112 1532 2304 1600 μέγας,
2327 1531 2355 1583 6
2379 1530 2480 1601 τῆς
2503 1531 2984 1601 συναθροισθείσης
3007 1530 3225 1584 συνόδου
3251 1531 3570 1601 πρωτεύσας
3592 1531 3690 1583 καὶ

2107 1619 2198 1672 διὰ
2231 1619 2318 1672 τὸν
2346 1617 2547 1689 θερμὸν
2583 1619 2724 1690 ὑπὲρ
2758 1619 2855 1688 τῆς
2885 1619 3171 1682 εὐσεϐείας
3197 1619 3356 1688 ζῆλον
3385 1619 3486 1686 τὴν
3519 1619 3690 1688 ὑπερ-

2109 1712 2265 1784 ορίαν
2301 1712 2550 1782 οἰκήσας.
2589 1711 2806 1779 Ταύτην
2836 1711 3098 1774 Μελέτιος
3147 1713 3176 1764 6
3213 1711 3355 1764 πάνυ
3407 1710 3549 1780 μετὰ
3581 1710 3692 1762 τῶν

2113 1806 2242 1858 ἴσων
2274 1803 2615 1874 παθημάτων
2649 1801 2884 1874 ἐκήρυξε
2912 1819 2926 1833 ο
2957 1802 3078 1872 τρὶς
3101 1801 3210 1872 γὰρ
3235 1803 3328 1856 καὶ
3357 1801 3518 1863 αὐτὸς
3549 1801 3693 1870 ὑπὲρ

2113 1897 2222 1949 τῶν
2260 1895 2637 1950 ἀποπολικῶν
2679 1893 2968 1965 δογμάτων
3003 1892 3238 1964 ἐξηλάθη
3280 1895 3379 1964 τῆς
3412 1893 3650 1964 ποίμνης
3675 1909 3688 1921 ·

2112 1987 2316 2057 ταύτην
2340 1986 2642 2049 Φλαϐιανὸς
2682 1988 2710 2040 6
2760 1985 2852 2040 τὸν
2882 1987 3000 2039 ἐκεῖ
3043 1987 3231 2056 θρόνον
3276 1985 3650 2055 διακοσμήσας
3676 2003 3688 2014 ο

2112 2077 2316 2149 ταύτην
2355 2077 2596 2150 Ἐφρατμ
2635 2080 2664 2130 6
2701 2077 3001 2149 θαυμάσιος
3035 2078 3095 2130 τὸ
3133 2078 3232 2148 τῆς
3280 2077 3428 2141 θείας
3469 2075 3694 2146 χάριτος

2114 2172 2367 2243 ὄργανον,
2397 2175 2463 2244 τῇ
2500 2172 2688 2238 Σύρων
2716 2169 2932 2242 γλώττῃ
2954 2171 3318 2241 χρησάμενος,
3345 2170 3695 2239 ἀνάγραπτον

2116 2265 2250 2334 ἡμῖν
2301 2263 2399 2334 τὴν
2447 2261 2717 2332 ὠφέλειαν
2767 2261 3047 2315 κατέλιπε.
3089 2261 3275 2314 Ταῦτα
3319 2259 3634 2330 Κυπριανδς
3665 2261 3696 2312 6

2116 2353 2478 2424 πανεύφημος
2508 2355 2536 2406 6
2568 2354 2666 2424 τὴν
2699 2353 3026 2424 Καρχηδόνα
3061 2352 3173 2424 (81)
3218 2353 3312 2405 καὶ
3350 2353 3449 2423 τὴν
3486 2351 3696 2422 Λιϐύην

2116 2448 2336 2502 ἅπασαν
2361 2447 2726 2518 κυϐερνήσας,
2747 2447 2843 2500 καὶ
2868 2445 2958 2498 τὸν
2980 2445 3068 2498 διὰ
3094 2444 3266 2516 πυρὸς
3293 2445 3430 2515 ὑπὲρ
3455 2445 3696 2516 Χριστοῦ

2116 2537 2554 2608 καταδεξάμενος
2581 2537 2809 2591 Θάνατον
2836 2553 2849 2566 °
2881 2537 2972 2589 καὶ
2994 2537 3247 2606 Δάμασος
3271 2536 3298 2586 6
3320 2537 3417 2604 τὴν
3449 2536 3695 2605 μεγάλην

2127 2633 2348 2703 Ῥώμην
2399 2632 2614 2695 ἰθύνας,
2655 2630 2752 2684 καὶ⁵
2795 2629 3122 2700 Ἀμϐρόσιος
3155 2631 3182 2682 6
3219 2628 3547 2682 Μεδιολάνου
3602 2629 3696 2683 τὸν

2117 2724 2307 2794 θρόνον
2335 2725 2640 2794 κοσμήσας,
2670 2726 2734 2794 τῇ
2785 2722 3073 2792 Ῥωμαίων
3101 2721 3316 2793 γλώττῃ
3352 2721 3446 2775 καὶ
3493 2721 3696 2791 κηρύτ-

2116 2830 2298 2876 τοντες
2325 2812 2419 2867 καὶ
2444 2811 2849 2884 συγγράφοντες
2876 2807 3397 2863 διετέλεσαν.Ταῦτα
3414 2809 3510 2878 τῆς
3544 2806 3697 2860 Ἀλε-

2120 2903 2391 2975 ξανδρέων
2440 2903 2490 2956 οἱ
2551 2901 2776 2972 μεγάλοι
2822 2898 3141 2969 φωστῆρες,
3202 2896 3547 2965 Ἀλέξανδρος
3602 2899 3698 2950 καὶ

2131 2996 2470 3058 Ἀθανάσιος,
2505 2995 2602 3047 καὶ
2638 2991 3093 3062 ὁμοφρονοῦντες,
3133 2991 3260 3054 τοὺς
3291 2990 3442 3059 παρά
3476 2989 3697 3042 πάντων

2120 3087 2414 3160 ᾀδομένους
2447 3083 2729 3146 κινδύνους
2769 3083 3091 3153 ὑπέμειναν.
3117 3081 3336 3152 Ταύτην
3375 3084 3470 3135 καὶ
3509 3083 3559 3134 οί
3599 3082 3698 3151 τῆς

436 3167 528 3221 ille
580 3167 811 3222 illustris
837 3169 1117 3239 religionis
1153 3179 1438 3239 patronus,
1493 3182 1549 3226 et
1590 3171 1832 3228 Joannes
1861 3175 2010 3230 orbis

2122 3176 2515 3252 βασιλευούσης
2546 3175 2756 3238 πόλεως
2795 3173 3023 3244 μεγάλοι
3065 3173 3372 3228 διδάσκαλοι
3419 3172 3516 3242 τὴν
3557 3171 3700 3225 πόαν

439 3270 715 3316 terrarum
766 3261 979 3326 doctor,
1009 3271 1066 3317 et
1117 3265 1353 3327 Atticus,
1390 3265 1482 3334 qui
1515 3265 1569 3319 in
1611 3281 1804 3320 eorum
1831 3267 2014 3322 locum

436 3353 734 3416 successit,
780 3361 837 3407 et
881 3353 1133 3408 eamdem
1193 3355 1480 3424 amplexus
1539 3367 1624 3410 est
1683 3357 2012 3414 doctrinam.

434 3442 586 3497 lianc
601 3443 820 3498 demum
841 3445 1094 3510 Basilius,
1121 3446 1331 3501 illustre
1350 3448 1484 3502 illud
1502 3449 1688 3503 lumen
1709 3451 2012 3521 religionis,

433 3542 491 3586 et
511 3532 828 3603 Gregorius,
859 3535 952 3604 qui
979 3535 1176 3590 iisdem
1209 3553 1336 3591 cum
1371 3538 1466 3591 illo
1495 3540 1814 3608 parentibus
1837 3542 2019 3610 splen-

436 3623 718 3687 descebat,
750 3633 806 3679 et
830 3625 1276 3695 Amphilochius,
1303 3628 1398 3697 qui
1450 3629 1790 3698 pontiﬁciam
1823 3631 1893 3686 ab
1922 3633 2016 3688 illo

435 3713 759 3783 dignitatem
787 3716 1017 3784 accepit.
1052 3716 1223 3780 Hanc,
1260 3717 1508 3786 inquam,
1544 3720 1872 3787 doctrinam,
1904 3739 2017 3777 non

438 3806 616 3859 solum
641 3806 864 3876 populis
905 3807 1039 3873 ipsis
1078 3808 1390 3864 commissis
1433 3809 1775 3877 obtulerunt,
1823 3829 2016 3871 verum

436 3897 602 3951 etiam
629 3899 790 3952 nobis
825 3914 1072 3969 magnam
1099 3900 1155 3954 in
1185 3901 1408 3970 scriptis
1459 3903 1808 3972 reliquerunt
1863 3908 2019 3962 utili-

440 3998 630 4044 tatem.
662 3990 732 4043 At
755 4006 842 4044 me
873 3991 1133 4046 deﬁceret
1185 3992 1324 4057 dies,
1381 3993 1428 4049 si
1470 3994 1854 4066 Polyearpum,
1906 4000 2019 4055 lre-

438 4097 641 4146 meum,
672 4082 1036 4146 Methodium,
1062 4082 1414 4155 Hippolytum
1449 4094 1785 4158 caaterosque
1830 4089 2018 4146 Eccle-

437 4172 531 4226 sia:
555 4172 809 4228 doctores
835 4189 1162 4229 enumerare
1213 4176 1448 4230 vellem:
1485 4193 1657 4247 quare
1705 4182 1896 4250 paucis
1933 4182 2018 4236 di-

433 4262 610 4318 cimus
644 4278 743 4318 nos
765 4263 980 4320 divinos
996 4266 1150 4336 sequi
1170 4282 1473 4333 sermones,
1505 4276 1668 4338 atque
1691 4270 1745 4325 in
1768 4273 2015 4327 omnium

436 4354 634 4409 horum
664 4365 978 4411 sanctorum
999 4375 1119 4413 esse
1140 4359 1435 4415 sententia.
1466 4359 1531 4414 Hi
1555 4362 1702 4416 enim
1722 4379 1752 4417 a
1778 4363 2017 4435 Spiritus

435 4447 608 4501 sancti
663 4448 835 4518 gratia
890 4449 1210 4518 Scripturae,
1263 4466 1428 4520 quam
1477 4451 1715 4521 Spiritus
1761 4453 2012 4521 dictavit,

2117 3272 2229 3333 τοῖς
2273 3267 2546 3337 ποιμνίοις
2576 3267 2982 3338 προσήνεγκαν,
3029 3265 3331 3336 Γρηγόριος
3368 3267 3395 3318 6
3445 3263 3698 3334 λαμπρὸς

2117 3366 2217 3434 τῆς
2243 3363 2521 3425 εὐσεϐείας
2547 3363 2866 3432 συνήγορος,
2915 3359 3165 3429 Ἰωάννης
3185 3362 3213 3412 ὁ
3240 3359 3339 3428 τῆς
3369 3359 3700 3426 οἰκουμένης

2119 3455 2474 3520 διδάσκαλος,
2521 3453 2768 3516 Ἀττικὸς
2797 3454 2824 3504 6
2875 3451 2975 3523 τὴν
3022 3451 3246 3504 ἐκείνων
3277 3450 3562 3522 προεδρίαν
3603 3450 3701 3502 καὶ

2119 3547 2469 3602 διδασκαλίαν
2512 3544 2821 3616 δεξάμενος.
2859 3545 3080 3606 Τούτοις
3126 3543 3409 3605 Βασίλειος
3455 3544 3482 3594 6
3536 3543 3701 3610 φανό-

2118 3657 2281 3701 τατος
2307 3638 2420 3710 (82)
2451 3637 2551 3706 τῆς
2575 3636 2858 3699 εὐσεϐείας
2890 3635 3174 3706 λαμπτὴρ,
3210 3635 3303 3689 καὶ
3335 3635 3372 3687 Γ
3380 3634 3636 3706 ρηγόριος
3671 3638 3701 3687 6

2119 3733 2246 3794 τοὺς
2273 3730 2472 3792 αὐτοὺς
2497 3728 2688 3796 ἐκείνῳ
2721 3728 3052 3796 γεννήτορας
3081 3728 3347 3797 αὐχήσας,
3377 3725 3468 3776 καὶ
3501 3726 3701 3792 ’Λμφιο

2119 3823 2297 3893 λόχιος
2337 3823 2365 3874 6
2407 3821 2475 3874 δι’
2523 3819 2736 3873 ἐκείνου
2799 3819 2898 3887 τῆς
2952 3817 3367 3889 ἀρχιερωσύνης
3419 3817 3481 3869 τὸ
3525 3816 3706 3885 δῶρον

2118 3911 2320 3976 λαϐὼν,
2343 3911 2403 3963 ού
2435 3909 2596 3981 μόνον
2625 3909 2736 3970 τοῖς
2764 3906 2849 3958 ἐπ’
2885 3905 3065 3958 αὐτῶν
3103 3903 3410 3973 ἀνθρώποις
3430 3903 3526 3972 τὴν
3553 3901 3696 3954 διδα-

2121 4002 2348 4057 σκαλίαν
2370 4001 2768 4073 προσήνεγκαν,
2801 3995 2938 4051 ἀλλά
2983 3997 3078 4049 καὶ
3114 3998 3245 4066 ἡμῖν
3286 3993 3373 4047 διὰ
3415 3994 3522 4045 τῶν
3564 4009 3697 4059 συγ-

2117 4093 2465 4166 γραμμάτιον
2493 4090 2593 4162 τὴν
2622 4089 2890 4160 ὠφέλειαν
2921 4088 3232 4141 κατέλιπον.
3252 4085 3411 4138 ’Λλλά
3436 4083 3543 4154 γὰρ
3573 4084 3701 4134 ἐπι-

2117 4187 2292 4257 λείψει
2335 4203 2401 4256 με
2444 4186 2477 4254 ἡ
2508 4183 2690 4254 ἡμέρα
2715 4181 3079 4251 Πολύκαρπον
3105 4179 3218 4257 ⁸καί
3258 4179 3566 4247 Εἰρηναῖον,
3603 4175 3702 4227 καὶ

2117 4278 2398 4339 Μεθόδιον,
2424 4275 2519 4328 καὶ
2555 4273 2894 4334 Ἱππόλυτον,
2929 4270 3174 4332 καὶτοὺς
3207 4268 3400 4330 ἄλλους
3432 4267 3530 4337 τῆς
3570 4266 3699 4318 Ἑκ-

2119 4369 2353 4439 κλησίας
2408 4363 2764 4426 διδασκάλους
2837 4359 3344 4432 ἀπαριθμούμενον.
3409 4355 3701 4425 Συντόμως

2115 4461 2292 4514 τοίνυν
2336 4458 2538 4529 φαμὲν,
2568 4457 2643 4521 ὡς
2681 4458 2844 4528 ἡμεῖς
2878 4455 2993 4517 τοῖς
3038 4451 3204 4514 θείοις
3237 4451 3439 4518 λογίοις
3471 4447 3700 4502 ἀκολου-

434 4538 738 4593 occultiora
763 4542 996 4596 scrutari
1023 4553 1408 4612 susceperunt,
1447 4544 1678 4615 ejusque
1721 4546 2010 4603 intellexe-

2117 4543 2318 4624 θοῦμεν
2351 4528 2460 4605 καὶ
2487 4549 2698 4613 τούτοις
2729 4549 2902 4602 ἅπασι
2932 4547 3046 4609 τοῖς
3091 4544 3289 4612 ἁγίοις.
3319 4541 3417 4596 Διά
3455 4541 3561 4611 γὰρ
3595 4538 3700 4608 τῆς

435 4639 566 4684 runt
591 4632 940 4699 sententiam,
980 4641 1144 4703 atque
1185 4634 1436 4689 discendi
1490 4636 1708 4704 cupidis
1740 4653 1861 4692 eam
1919 4657 2014 4695 ex-

433 4733 703 4788 posuere:
736 4739 915 4792 nequc
939 4724 1088 4778 enim
1109 4725 1421 4794 linguarum
1450 4725 1744 4783 diversitas
1789 4729 2014 4800 dogma-

433 4819 550 4866 tum
585 4811 1126 4880 fecitdiversitatem,
1161 4831 1283 4885 qua:
1312 4824 1569 4885 tanquam
1589 4820 1807 4874 canales
1822 4825 2010 4892 gratiae

431 4903 605 4957 divini
631 4904 888 4974 Spiritus,
922 4905 992 4960 ab
1021 4907 1214 4962 eodem
1246 4905 1397 4962 fonte
1425 4922 1595 4978 aquas
1623 4920 1966 4968 mutuantur.

2111 4645 2206 4698 τοῦ
2237 4642 2555 4710 Πνεύματος
2581 4639 2804 4710 χάριτος
2834 4639 2914 4700 είς
2939 4637 3001 4689 τὸ
3037 4637 3134 4706 τῆς
3168 4633 3527 4687 θεοπνεύστου
3556 4631 3698 4702 Γραι

2112 4737 2220 4807 φῆς
2253 4731 2584 4794 καταδύντες
2613 4728 2800 4800 βάθος,
2836 4727 2988 4780 αὐτοὶ
3017 4726 3072 4778 δὲ
3100 4726 3200 4796 τὴν
3239 4725 3409 4794 αὐτῆς
3453 4723 3696 4776 διάνοιαν

2109 4825 2374 4893 ἔγνωσαν,
2417 4819 2646 4880 καὶτοῖς
2686 4815 2880 4886 μαθεῖν
2918 4813 3264 4884 βουλομένοις
3301 4811 3469 4882 δήλην
3491 4807 3696 4877 ταύτην

2107 4916 2410 4982 ἀπέφηναν.
2443 4908 2578 4962 Οὐδὲ
2606 4907 2714 4978 γὰρ
2761 4907 2795 4978 ἡ
2842 4905 3077 4975 διαφορὰ
3135 4903 3242 4956 τῶν
3282 4899 3537 4972 γλωττῶν
3579 4898 3697 4950 διας

433 4995 606 5064 φορὰν
631 4994 914 5067 δογμάτων
959 4999 1280 5070 εἰργάσατο·
1317 4999 1536 5070 κρουνοὶ
1561 4999 1670 5072 γάρ
1697 4996 1834 5071 ἦσαν
1871 5006 1970 5077 τῆς
2033 5013 2128 5069 τοῖ’,
2169 5009 2314 5063 θείου
2351 5001 2670 5071 Πνεύματος
2696 4999 2940 5070 χάριτος,
2960 4998 3024 5051 ἐκ
3060 4998 3188 5067 μιᾶς
3218 4995 3400 5065 πηγῆς
3439 4993 3499 5045 τὺ
3545 4993 3694 5062 νᾶμα

430 5085 730 5155 δεχόμενοι.

437 5177 650 5249 1314
689 5181 706 5197 ’
737 5178 974 5255 (ςιιιτ-
1021 5180 1217 5255 Relalio
1267 5177 1623 5255 Orientalium
1668 5183 1738 5236 ad
1776 5185 2008 5255 impera-

505 5255 822 5328 teneraque
846 5250 1000 5328 illum
1031 5251 1095 5328 de
1118 5253 1225 5328 suis
1257 5253 1408 5315 actis,
1457 5253 1622 5322 deque
1663 5250 1861 5328 causa,
1889 5275 2007 5328 qua:

506 5318 813 5397 Antiocheni
861 5323 1084 5397 episcopi
1136 5323 1421 5376 adventum
1474 5318 1744 5378 remorata
1791 5318 2000 5397 fuerat,

507 5393 778 5444 certiorem
804 5391 1044 5444 reddunt.

502 5479 660 5534 Juxta
701 5481 913 5550 piarum
938 5481 1249 5538 litterarum
1280 5490 1581 5537 vestrarum
1618 5487 1999 5556 przescriptum

510 5591 555 5621 "
578 5592 697 5646 Act.
732 5594 886 5660 1,“.

503 5706 722 5782 _(8l)_lta
768 5710 1182 5782 rescribendum
1247 5711 1413 5767 fuisse
1454 5713 1577 5782 quis
1647 5728 1752 5766 non
1800 5712 2011 5766 videat?

435 5772 808 5851 Libriminepte
845 5780 1116 5851 habebant
1160 5772 1524 5851 Χαλκηδονίαν
1564 5784 1644 5836 vel
1672 5783 2004 5849 Χαλκηδόνα.

519 5845 628 5912 (ὃὲ)
661 5845 980 5915 φωνώτστος
1016 5850 1180 5902 Mans.
1219 5845 1440 5919 φαῖνὼτ.
1484 5870 1546 5905 M
1573 5845 1972 5907 emendatione.

776 6113 796 6151 I

2109 5178 2657 5247 ΡΝ1ὶ’.-Ἀναφρρίι
2682 5175 2801 5230 τῶν
2840 5173 3247 5247 Ἀνατολικώιί
3269 5173 3410 5247 πρὸς
3442 5173 3556 5247 ἴεν
3578 5173 3694 5236 βα-

2181 5253 2380 5316 σιλέα,
2417 5243 2613 5319 δι”ἧς
2635 5247 2958 5319 ,ἐμήνυσαν
3004 5247 3079 5319 τρ
3111 5245 3272 5319 παρ’Δ
3289 5243 3515 5319 αὐτοῖς.
3537 5257 3690 5319 πρα-

2182 5312 2422 5394 χθέν-τὰ,
2457 5312 2705 5394 {mihi}!
2739 5312 2949 5394 αἰτίαν·
2977 5313 3082 5367 τοῦ
3117 5312 3399 5394 βράδους.
3445 5313 3552 5380 τῆς
3578 5315 3693 5382 d5;-

2186 5381 2356 5459 ίξεως
2383 5381 2490 5444 τοῦ
2535 5381 2886 5455 Ἀντιοχείας
2925 5385 3263 5437 ἐπισκόπου
3295 5385 3425 5453 (85).

2179 5485 2304 5546 Τοῖς
2362 5477 2639 5533 εύσεϐέσιν
2698 5474 2852 5546 ὑμῶν
2915 5472 3296 5536 κελευσθέντες
3358 5473 3686 5544 γράμμασι,

2191 5711 2300 5779 (85)
2330 5711 2387 5763 ln
2415 5707 2564 5764 Actis
2580 5705 2796 5779 concilii
2817 5700 3455 5779 OrientaliumEphesini
3482 5716 3531 5754 a.
3673 5743 3686 5767 ,

2117 5772 2293 5835 exstat
2337 5781 2450 5834 haec
2508 5777 2735 5847 epistola
2790 5774 3148 5847 apudﬂMAansi
3183 5773 3408 5827 Collect.
3441 5772 3688 5841 ampliss.

2117 5851 2504 5915 (AlonCilinrum,
2541 5846 2670 5902 tom.
2702 5847 2788 5912 IV,
2815 5862 2867 5915 Ρ.
2910 5846 3062 5900 1271.
