4072 6420
353 348 482 414 Mil

1676 349 2039 410 EPISTOLA
2077 348 2283 408 CLIII.

3483 349 3508 416 1
3526 349 3622 414 £42

346 459 724 531 κατελάϐομεν
757 460 856 532 τὴν
895 459 1155 529 Ἐφεσίων
1185 461 1540 532 μητρόπολιν,
1577 465 1670 514 καὶ
1693 462 1921 531 εὕρομεν

2031 458 2100 512 ad
2123 457 2486 527 Ephesiorum
2534 460 2863 530 metropolin
2923 461 3282 524 devenimus,
3338 469 3394 515 et
3419 463 3607 517 mnfn~

346 553 529 624 πάσης
558 553 874 622 συγχύσεως
918 554 1014 605 καὶ
1072 553 1338 622 ἐμφυλίου
1392 551 1636 620 πολέμου
1676 553 1788 622 (84)
1827 551 1924 619 γέ-

346 661 515 715 μοντα
565 643 635 695 τὰ
679 643 1115 713 ἐκκλησιαστικά
1163 643 1488 714 πράγματα,
1518 643 1791 714 Κυρίλλου
1833 643 1928 694 τοῦ

355 734 752 804 Ἀλεξανδρέως
797 733 934 806 (85),
974 735 1067 788 καὶ
1100 735 1498 811 Μέμνονοςτοῦ
1532 735 1780 804 Ἐφεσίου
1814 734 1927 805 (86)

345 825 850 898 συμφραξαμένων,
879 828 972 879 κα)⁴
1017 825 1224 895 πλῆθος
1263 827 1585 896 ἀγροικικδν
1640 826 1928 896 συναθροι-

345 920 573 983 σάντων,
598 919 693 972 καὶ
729 919 868 989 μήτε
925 919 1026 986 τῆς
1059 919 1220 988 ἁγίας
1260 920 1641 990 Πεντηκοστῆς
1667 920 1765 990 τὴν
1794 937 1929 972 παν-

341 1015 539 1083 ήγυριν
565 1011 873 1065 ἐπιτελέσαι
892 1012 1392 1082 συγχωρησάντων,
1422 1013 1559 1082 μήτε
1584 1010 1685 1075 τὰς
1707 1013 1930 1082 ἑσπερι-

341 1104 441 1167 νάς
471 1103 504 1175 ἢ
538 1103 637 1166 τὰς
661 1102 892 1166 ἑωθινὰς
924 1103 1271 1172 λειτουργίας
1293 1120 1307 1136 ο
1345 1105 1480 1174 πρὸς
1515 1104 1571 1157 δὲ
1595 1103 1805 1167 τούτοις
1833 1103 1928 1157 καὶ

341 1197 442 1258 τὰς
474 1195 634 1263 ἀγίας
683 1193 1001 1264 ἐκκλησίας,
1057 1196 1149 1248 καὶ
1193 1195 1262 1248 τὰ
1303 1195 1436 1264 ἅγια
1477 1194 1750 1266 μαρτύρια
1795 1196 1930 1248 ἀπο-

342 1284 696 1348 κλεισάντων,
740 1283 863 1336 καθ’
907 1285 1136 1348 ἑαυτοὺς
1177 1284 1232 1338 δέ
1275 1285 1371 1338 σὺν
1415 1288 1528 1348 τοῖς
1571 1285 1929 1356 ἀπατηθεϊσιν

343 1378 438 1428 ὐπ’
490 1375 670 1428 αὐτῶν
722 1374 1230 1446 συνεδρευσάντων,
1273 1377 1368 1430 καὶ
1415 1376 1584 1448 μυρία
1635 1377 1930 1448 παράνομα

339 1467 760 1538 ἐργασαμένων,
791 1468 883 1521 καὶ
905 1467 1032 1532 τούς
1057 1487 1116 1522 τε
1141 1468 1248 1522 τῶν
1280 1469 1454 1538 ἁγίων
1481 1468 1738 1540 Πατέρων
1764 1470 1926 1524 κανό-

339 1578 460 1623 νας,
509 1561 579 1613 τά
621 1575 680 1610 τε
737 1559 981 1630 ὑμέτερα
1022 1560 1383 1630 πατησάντων
1413 1561 1783 1631 θεσπίσματα·
1833 1562 1929 1614 καὶ¹

336 1653 514 1705 ταῦτα
535 1651 629 1705 τοῦ
665 1653 1252 1724 μεγαλοπρεπεστάτοο
1281 1654 1520 1724 κόμητος
1546 1653 1924 1720 Κανδιδιανοῦ,

336 1745 434 1798 τοῦ
463 1746 609 1816 παρά
625 1747 726 1815 τῆς
749 1747 1020 1816 ὑμετέρας
1044 1746 1390 1818 φιλοχρίστου
1412 1747 1656 1819 κορυφῆς
1679 1748 1924 1801 ἀποστα-

337 1837 546 1902 λέντος,
591 1837 1080 1908 παρεγγυήσαντος
1119 1839 1306 1900 αὐτοῖς
1347 1839 1442 1891 καὶ
1496 1837 1792 1910 ἐγγράφως
1832 1839 1926 1892 καὶ

335 1931 628 2000 ἀγράφως,
653 1931 940 2001 ἀναμεῖναι
969 1933 1096 1996 τούς
1126 1932 1463 2002 πανταχόθεν
1497 1932 1927 2003 ἀφικνουμένους

335 2022 678 2089 ἁγιωτάτους
719 2023 1074 2088 ἐπισκόπους,
1106 2025 1200 2077 καὶ
1227 2025 1351 2076 τότε
1384 2027 1534 2095 κοινῇ
1563 2025 1622 2077 τὸ
1649 2025 1924 2094 συνέδριον

337 2113 564 2182 ποιῆσαι
587 2114 726 2168 κατὰ
753 2115 822 2167 τὰ
856 2115 1164 2186 γράμματα
1191 2116 1292 2185 τῆς
1322 2117 1590 2185 ὑμετέρας
1618 2116 1921 2181 εὐσεϐείας·

335 2206 434 2257 καὶ
475 2205 638 2259 αὐτοῦ
697 2206 754 2259 δὲ
797 2207 1069 2278 Κυρίλλου
1111 2207 1206 2260 τοῦ
1261 2207 1658 2278 Ἀλεξανδρέως
1685 2207 1925 2260 ἐπιστεί-

333 2296 529 2361 λαντός
560 2315 652 2367 μοι
688 2297 766 2368 τῷ
792 2300 891 2368 τῆς
935 2299 1271 2368 ’Λντιοχέων,
1303 2301 1408 2370 πρὸ
1447 2299 1541 2352 δύο
1574 2300 1797 2369 ἡμερῶν
1825 2299 1921 2352 τοῦ

331 2390 634 2458 γενομένου
670 2390 762 2442 ὐπ’
788 2391 967 2444 αὐτῶν
1010 2390 1287 2461 συνεδρίου
1305 2430 1320 2455 ,
1349 2391 1425 2454 ὡς
1463 2393 1495 2460 ἡ
1522 2391 1744 2455 σύνοδος
1770 2392 1921 2446 πᾶσα

329 2481 599 2549 ἀναμένει
629 2498 732 2551 μου
765 2482 866 2552 τὴν
904 2483 1230 2553 παρουσίαν.

409 2609 499 2662 Διὸ
533 2611 879 2682 ἀμφοτέρους
924 2613 1051 2675 τοὺς
1092 2613 1526 2685 προειρημένους
1569 2614 1915 2686 καθείλομεν,

331 2699 607 2772 Κύρι).λον
637 2704 730 2756 καὶ
765 2704 1049 2774 Μέμνονα,
1080 2705 1174 2758 καὶ
1219 2705 1400 2777 πάσης
1455 2707 1918 2778 ἐκκλησιαστικῆς

331 2793 684 2863 λειτουργίας
717 2795 1035 2866 ἀλλοτρίους
1087 2799 1504 2868 πεποιήκαμεν⁹
1549 2799 1676 2862 τούς
1715 2799 1770 2851 δὲ
1805 2799 1916 2852 λοι-

333 2884 495 2949 ποὺς,
529 2885 657 2948 τοὺς
689 2883 896 2955 ταύτης
927 2887 1024 2957 τῆς
1049 2887 1394 2957 παρανομίας
1429 2889 1613 2952 αὐτοῖς
1653 2890 1915 2960 κοινωνή-

333 2991 558 3040 σαντας,
592 2975 994 3045 ἀκοινωνήτους
1025 2979 1429 3050 πεποιήκαμεν,
1475 2979 1581 3042 ἐως
1615 2977 1680 3032 ἂν
1719 2980 1787 3034 τὰ
1823 2998 1917 3034 κε-

331 3065 540 3135 φάλαια
562 3066 630 3120 τὰ
665 3067 817 3132 παρὰ
854 3067 1124 3138 Κυρίλλου
1167 3070 1576 3140 ἐκπεμφθέντα,
1617 3071 1716 3141 τῆς
1760 3072 1918 3126 Ἀπο-

1960 1819 2238 1890 Bscripto
2316 1819 2426 1874 illis
2511 1819 2934 1885 denuntiasset,

2033 549 2279 604 sionibus
2314 551 2684 620 intestinoque
2718 552 2864 606 bello
2887 568 2976 607 res
3005 553 3408 608 ecclesiasticas
3426 555 3616 624 opple-

2035 649 2118 694 tas
2137 655 2256 694 esse
2281 641 2653 709 comperimus
2693 659 2704 694 :
2739 642 3190 711 quandoquidem
3218 643 3455 712 Cyrillus
3490 644 3619 698 Ale-

2035 731 2341 786 xandrinus
2373 741 2430 786 et
2459 733 2714 787 Memnon
2770 733 3063 802 Ephesius,
3118 731 3378 792 satellitio
3401 749 3621 804 compa-

2034 830 2176 886 rato,
2238 838 2545 892 magnaque
2580 823 2879 892 agrestium
2929 822 3218 876 hominum
3266 823 3620 877 multitudine

2032 921 2249 977 coacta,
2274 929 2343 967 ne
2370 920 2574 968 sanctae
2598 913 2822 983 quidem
2845 914 3195 969 Pentecostes
3237 914 3438 969 festum
3475 914 3619 969 cele-

2032 1004 2218 1069 brare,
2234 1004 2574 1058 matutinave
2598 1014 2694 1058 aut
2718 1005 3035 1073 vespertina
3055 1005 3229 1061 cilicia
3244 1006 3398 1061 obire
3409 1007 3618 1076 permi-

2031 1101 2243 1148 serunt.
2281 1093 2360 1148 Ac
2400 1102 2601 1164 praeter
2659 1093 2798 1159 haec,
2858 1106 3076 1151 sanctas
3118 1098 3282 1151 etiam
3334 1097 3615 1161 ecclesias,

2030 1195 2358 1256 sanctasque
2384 1197 2690 1258 martyrum
2711 1186 2860 1242 aedes
2881 1187 3044 1242 nobis
3063 1188 3482 1256 praecludentes,
3512 1190 3617 1261 ipsi

2031 1287 2157 1327 cum
2188 1273 2519 1343 quibusdam
2545 1275 2600 1329 in
2635 1290 2884 1331 errorem
2933 1275 3154 1330 illorum
3200 1277 3452 1333 abductis
3475 1279 3620 1333 inter

2031 1378 2090 1419 se
2122 1364 2434 1420 confessum
2482 1365 2866 1431 instituerunt,
2919 1376 3344 1436 sanctorumque
3394 1368 3617 1422 Patrum

2032 1456 2360 1522 canonibus,
2392 1461 2405 1479 ‘
2443 1457 2756 1527 vestrisque
2809 1458 3052 1513 decretis
3100 1460 3455 1529 proculcatis,
3491 1475 3619 1514 sex-

2030 1555 2190 1601 centa
2216 1547 2487 1601 scelerum
2504 1549 2756 1618 exempla
2775 1548 3109 1603 ediderunt:
3131 1566 3257 1603 cum
3289 1559 3472 1604 tamen
3505 1567 3620 1605 ma-

2032 1639 2521 1708 gniﬁcentissimus
2549 1654 2734 1694 comes
2762 1639 3138 1695 Candidianus
3163 1641 3620 1696 aChristiaman-

2033 1737 2088 1782 te
2142 1727 2472 1783 celsitudine
2519 1736 2702 1782 vestra
2751 1729 2973 1795 missus,
3030 1739 3086 1783 et
3129 1730 3334 1799 scripto
3384 1741 3440 1785 et
3498 1732 3618 1785 sine

3011 1832 3073 1875 ut
3145 1822 3616 1877 sanctissimorum

2031 1911 2416 1981 episcoporum
2476 1912 2846 1982 undecunque
2920 1913 3332 1969 advenientium
3373 1931 3614 1985 praesen-

2033 2002 2164 2056 tiam
2222 2013 2624 2072 exspectarent,
2655 2020 2720 2059 ac
2773 2013 2888 2058 tum
2938 2005 3163 2059 demum
3216 2005 3371 2076 juxta
3429 2005 3613 2075 pieta—

2032 2093 2106 2148 tis
2165 2103 2360 2149 vestra:
2411 2095 2656 2161 litteras,
2702 2097 3099 2151 convenienter
3142 2097 3411 2168 synodum
3462 2097 3612 2151 cele-

2028 2184 2279 2240 brarent.
2307 2186 2414 2241 Sed
2441 2195 2497 2241 et
2516 2187 2631 2257 ipse
2663 2204 2883 2257 quoque
2917 2189 3160 2260 Cyrillus
3188 2189 3610 2260 Alexandrinus,

2026 2276 2200 2330 biduo
2221 2285 2348 2330 ante
2377 2276 2633 2331 habitum
2660 2279 2726 2332 ab
2753 2278 2886 2348 ipsis
2913 2295 3235 2334 consessum
3268 2281 3445 2344 illum,
3473 2282 3614 2335 scri-

2023 2377 2210 2435 pserat
2234 2368 2302 2422 ad
2335 2384 2421 2423 me
2481 2369 2882 2424 Antiochenum
2915 2371 3257 2441 episc0pum,
3309 2375 3456 2442 quod
3497 2375 3615 2428 uni-

2022 2475 2180 2530 versa
2225 2461 2469 2531 synodus
2499 2476 2683 2514 meum
2704 2462 3003 2517 adventum
3026 2465 3470 2532 praestolabatur.

2113 2590 2332 2660 1315
2363 2591 2595 2659 Propter
2626 2591 2744 2644 lizec
2777 2606 2908 2660 ergo
2949 2602 3266 2662 utrumque,
3320 2593 3610 2664 Cyrillum,

2019 2689 2296 2751 inquam,
2353 2691 2410 2736 et
2453 2683 2796 2736 Memnonem
2853 2685 3365 2749 exauctoravimus,
3426 2696 3481 2738 et
3543 2686 3612 2739 ab

2019 2773 2172 2825 omni
2221 2773 2596 2827 ecclesiastica
2647 2772 2932 2827 functione
2985 2775 3334 2829 amovimus:
3370 2775 3612 2844 reliquos

2018 2879 2153 2918 vero
2183 2864 2348 2935 hujus
2403 2864 2720 2934 iniquitatis
2773 2881 2966 2920 eorum
3020 2867 3199 2922 socios
3228 2868 3608 2921 excommuni-

2020 2955 2227 3010 cationi
2273 2956 2644 3026 subjccimus,
2692 2957 2868 3011 donec
2925 2959 3126 3027 capita,
3185 2975 3306 3029 qua:
3349 2958 3607 3030 Cyrillus,

2021 3048 2347 3117 Apollinarii
2373 3049 2701 3103 etEunomii
2732 3055 2788 3102 et
2816 3047 2933 3102 Arii
2959 3050 3235 3119 perversis
3263 3049 3612 3121 dogmatibus

331 3157 578 3228 λιναρίου
607 3158 702 3212 καὶ
753 3137 1021 3229 Εὐνομίου
1053 3161 1150 3213 καὶ
1201 3137 1415 3232 Ἀρείου
1456 3137 1777 3231 κακοδοξίας
1823 3165 1920 3234 γέ-

2024 3137 2185 3208 plena
2237 3139 2533 3208 evulgavit,
2585 3137 2847 3208 abjiciant
2896 3147 2952 3192 et
3001 3139 3490 3204 anathematizent,
3545 3155 3610 3195 ac

337 3266 541 3318 μοντα,
576 3249 848 3303 ἐκϐάλωσι
890 3252 985 3303 καὶ
1037 3251 1485 3322 ἀναθεματίσωσι
1508 3293 1521 3318 ,
1551 3255 1647 3307 καὶ
1695 3253 1833 3307 κατὰ
1863 3255 1922 3308 τὸ

331 3343 434 3411 τῆς
473 3342 748 3412 ὑμετέρας
802 3343 1086 3406 εὐσεϐείας
1135 3345 1373 3414 γράμμα
1431 3347 1587 3416 κοινῇ
1645 3347 1741 3398 σὺν
1787 3346 1922 3415 ἡμῖν

335 3433 820 3504 συνεδρεύσαντες,
865 3435 1088 3506 ἡσύχως
1123 3437 1218 3488 καὶ
1261 3436 1510 3505 ἀκριϐῶς
1549 3439 1617 3490 τά
1659 3455 1718 3489 τε
1748 3435 1918 3508 ζητή-

336 3542 487 3595 ματα
520 3527 617 3578 σὺν
645 3527 777 3596 ἡμῖν
813 3525 988 3591 ἴδωσι,
1031 3528 1126 3580 καὶ
1154 3526 1214 3579 τὸ
1248 3527 1471 3591 εὐσεϐὲς
1502 3529 1612 3581 τῶν
1661 3529 1920 3602 Πατὲρων

337 3615 690 3688 βεϐαιώσωσι
722 3617 918 3688 δόγμα.

407 3728 544 3798 Περὶ
581 3727 640 3780 δέ
676 3728 775 3798 τῆς
805 3728 946 3798 ἐμῆς
981 3728 1310 3800 βραδύτητος
1344 3729 1476 3782 ἴστω
1509 3728 1660 3797 ὐμῶν
1689 3730 1722 3801 ἡ
1769 3729 1920 3782 εὐσέ-

331 3819 478 3882 ϐεια,
511 3820 586 3884 ὡς
632 3820 769 3890 πρὸς
814 3820 874 3871 τὸ
907 3825 1158 3891 χερσαῖον
1200 3821 1475 3891 διάστημα
1513 3822 1613 3892 τῆς
1644 3823 1764 3876 ὁδοῦ
1809 3824 1918 3894 (διὰ

330 3920 438 3988 γῆς
465 3918 572 3990 γὰρ
605 3917 764 3988 ἡμῶν
795 3918 962 3988 ἡὸδὸς
991 3918 1307 3990 γεγένηται)
1345 3919 1550 3990 σφόδρα
1581 3920 1919 3989 ἐπεταχίναο

333 4025 438 4078 μεν
459 4025 471 4037 ’
503 4012 916 4080 τεσσαράκοντα
944 4011 1051 4080 γάρ
1091 4010 1258 4080 μονὰς
1280 4009 1618 4080 ὡδεύσαμεν,
1646 4009 1918 4080 μηδεμιᾶς

328 4101 628 4170 ἀνακωχῆς
669 4100 810 4153 κατά
856 4102 956 4172 τὴν
990 4102 1218 4173 πορείαν
1258 4100 1688 4165 ἀπολαύσαντες,
1729 4101 1803 4164 ὼς
1832 4101 1916 4166 ἐξ·

327 4205 482 4242 εστιν
527 4190 679 4261 ὑμῶν
713 4193 778 4262 τῇ
828 4192 1157 4263 φιλοχρίστῳ
1191 4192 1438 4264 βασιλεία
1473 4192 1625 4264 παρὰ
1671 4192 1781 4245 τῶν
1817 4192 1916 4255 τὰς

329 4281 477 4335 κατά
527 4281 624 4354 τὴν
670 4282 787 4335 ὁδὸν
820 4284 1005 4348 πόλεις
1056 4285 1348 4339 οἰκούντων
1387 4285 1600 4355 μαθεῖν.
1655 4287 1799 4358 Πρὸς
1856 4286 1913 4339 δέ

327 4372 545 4436 τούτοις
578 4374 672 4425 καὶ
694 4374 722 4425 ὁ
751 4373 906 4445 λιμὸς
934 4374 1076 4428 κατά
1107 4373 1204 4445 τὴν
1239 4375 1570 4446 Ἀντιόχειαν
1600 4376 1909 4444 γενόμενος,

329 4463 430 4515 καὶ
464 4464 520 4514 αξ
548 4463 670 4515 καθ’
705 4464 940 4535 ἑκάστην
970 4465 1183 4536 ἡμέραν
1216 4468 1453 4537 ταραχαὶ
1475 4466 1569 4519 τοῦ
1600 4467 1794 4538 δήμου,
1818 4469 1912 4520 καὶ

2019 3229 2174 3298 juxta
2208 3228 2430 3298 pietatis
2455 3237 2654 3283 vestrae
2691 3229 2977 3284 decretum
3011 3230 3382 3284 communiter
3415 3231 3610 3286 nobis-

2023 3335 2148 3372 cum
2190 3335 2510 3374 consessum
2553 3320 2858 3384 celebrent,
2914 3321 3464 3390 controversiasque,
3501 3338 3609 3391 qua

2021 3410 2281 3464 convenit
2316 3410 2601 3480 diligentia
2626 3419 2683 3465 et
2712 3411 2928 3480 quiete,
2965 3427 3074 3465 una
3100 3411 3390 3466 nobiscum
3430 3412 3609 3467 discu-

2021 3501 2181 3564 tiant,
2199 3508 2254 3555 et
2276 3501 2426 3572 pium
2451 3509 2766 3562 sanctorum
2784 3502 3006 3556 Patrum
3025 3501 3221 3572 dogma
3249 3501 3599 3558 conﬁrment.

2092 3744 2248 3812 Quod
2288 3761 2422 3801 vero
2477 3746 2692 3802 tardius
2743 3747 3025 3818 aliquanto
3075 3748 3416 3815 advenerim,
3453 3749 3604 3807 aliud

2020 3854 2200 3893 causzc
2240 3837 2364 3893 fuit.
2415 3838 2552 3893 Nam
2586 3840 2631 3894 si
2675 3841 2951 3895 terrestris
2991 3839 3204 3895 itineris
3254 3841 3599 3896 intervallum

2021 3929 2192 4003 (terra
2249 3932 2400 3985 enim
2452 3931 2725 4001 venimus)
2774 3932 2950 4001 pietas
3021 3941 3202 3986 vestra
3250 3934 3600 4002 spectaverit,

2020 4039 2215 4093 magna
2247 4023 2494 4092 profecto
2545 4024 2828 4079 celeritate
2871 4039 2974 4078 nos
3013 4024 3120 4078 iter
3160 4025 3266 4080 hoc
3295 4025 3598 4080 confecisse

2017 4112 2351 4181 comperiet:
2408 4112 2683 4182 siquidem
2731 4113 3094 4184 quadraginta
3129 4115 3445 4170 mansiones
3475 4131 3602 4185 per-

2015 4203 2347 4273 agravimus,
2404 4205 2554 4258 nulla
2603 4220 2845 4272 unquam
2919 4221 2948 4258 a
2996 4207 3400 4275 progrediendo
3461 4209 3600 4262 rela-

2015 4295 2238 4348 xatione
2275 4294 2382 4359 usi,
2436 4295 2900 4365 quemadmodum
2923 4295 3144 4351 Christo
3174 4298 3374 4352 dilecta
3415 4307 3596 4355 vestra

2015 4385 2292 4454 majestas,
2336 4399 2404 4439 ex
2460 4401 2650 4440 earum
2705 4387 2991 4441 civitatum
3042 4387 3256 4454 incolis,
3324 4405 3424 4458 per
3459 4405 3596 4458 quas

2016 4474 2123 4528 iter
2156 4475 2408 4540 fecimus,
2445 4475 2606 4530 facile
2636 4475 2942 4545 intelligere
3001 4483 3199 4545 potest.
3242 4478 3436 4532 Fames
3459 4494 3598 4548 pra:-

330 4554 484 4622 παρά
517 4552 629 4622 (87)
666 4553 757 4607 τὸν
813 4529 1022 4625 καίρὸν
1053 4529 1394 4626 σφοδροτάτῆ
1432 4529 1698 4627 γενομένῇ
1734 4557 1910 4627 ἐπομ-

2024 4575 2187 4630 terea,
2215 4581 2335 4636 qua:
2354 4567 2752 4622 Antiochenam
2777 4566 3058 4622 civitatem
3088 4569 3450 4624 vehementer
3485 4569 3596 4623 alii-

329 4643 484 4715 ϐρία,
518 4644 552 4714 ἡ
584 4644 678 4696 καὶ
709 4645 956 4698 κίνδυνον
987 4647 1052 4700 ἐκ
1073 4646 1184 4698 τῶν
1219 4649 1535 4719 χειμάρρων
1570 4649 1818 4719 ἐπήγαγε
1846 4651 1912 4720 τῇ

328 4734 510 4798 πόλει,
547 4736 648 4788 οὐκ
674 4735 863 4802 ὀλίγας
895 4736 1113 4808 ἡμέρας
1136 4739 1286 4809 ἡμᾶς
1327 4739 1408 4800 εἰς
1435 4739 1535 4810 τὴν
1578 4739 1917 4812 προειρημέι

328 4843 432 4896 νην
457 4825 654 4897 ἐπέσχε
685 4826 860 4882 πόλιν.
1536 4857 1539 4862 ·

327 5133 502 5188 ΡΝΓ¹.
531 5163 603 5174 -——
641 5133 931 5203 Ἀναφορὰ
977 5132 1098 5206 τῷν
1141 5135 1342 5190 αὐτῶν
1377 5137 1531 5206 πρὸς
1578 5141 1677 5203 τὰς
1721 5140 1909 5202 βασι-

949 5204 1126 5270 λίδας
1152 5206 1286 5275 (88).

405 5317 610 5386 Ἕτερα
660 5315 948 5388 γνωρίζειν
994 5319 1062 5388 τῇ
1121 5318 1361 5390 ὑμετέρα
1434 5319 1908 5392 προσδοκήσαντες

327 5410 602 5482 εὐσεϐείᾳ,
637 5410 708 5464 τά
749 5411 969 5463 ἐναντία
1018 5410 1258 5481 δηλῶσαι
1309 5412 1776 5484 ἠναγκάσθημεν,
1809 5415 1908 5485 τῆς

406 5609 514 5678 (84)
553 5610 788 5680 πολέμου
817 5613 1003 5666 aberat
1039 5628 1068 5666 a
1101 5613 1267 5669 Garu.

405 5681 514 5746 (85‘)
555 5682 961 5750 Ἀλεξανδρείας
985 5682 1052 5734 Μ.

405 5751 514 5822 (86)
551 5753 641 5804 τοῦ
686 5752 935 5821 Ἐφεσίου
967 5753 1119 5808 abest
1151 5771 1178 5808 a
1204 5756 1371 5810 Maus.

2013 4657 2112 4719 xit,
2142 4667 2195 4712 et
2228 4658 2560 4728 quotidiana:
2580 4659 2769 4728 populi
2798 4659 3265 4729 perturbationes,
3297 4670 3350 4715 et
3389 4661 3595 4731 [rigens

2015 4759 2216 4820 ρτωιοι·
2233 4759 2450 4822 tempus
2467 4752 2550 4807 vis
2577 4753 2860 4820 imbrium,
2887 4769 3010 4823 quae
3057 4754 3396 4808 torrentibus
3435 4754 3600 4808 inun-

2015 4841 2300 4910 dantibus,
2337 4845 2392 4897 in
2423 4844 2724 4900 discrimen
2773 4844 3055 4899 civitatem
3104 4845 3442 4910 adduxerat,
3486 4861 3593 4901 non

2015 4949 2227 5002 paucos
2251 4951 2475 5006 quoque
2499 4934 2620 4990 dies
2639 4935 2695 4989 in
2726 4950 2893 5004 supra
2939 4935 3086 4989 dicta
3111 4936 3333 4990 civitate
3361 4951 3462 4990 nos
3494 4936 3596 4990 de-

2020 5026 2326 5080 tinuerunt.

2085 5153 2300 5224 1316
2332 5153 2594 5208 CLIII.—
2617 5152 2826 5206 Relatio
2847 5155 3148 5208 earumdem
3184 5157 3256 5208 ad
3289 5158 3521 5225 reginas.

2083 5332 2372 5388 Contraria
2405 5333 2472 5388 iis
2501 5350 2621 5404 qua:
2645 5335 3024 5404 sperabamus,
3051 5344 3246 5392 vestra:
3296 5337 3485 5406 pietati
3514 5340 3592 5392 si-

2008 5423 2258 5493 gniﬁcari
2306 5426 2578 5495 compulsi
2627 5443 2840 5494 sumus,
2896 5428 3174 5499 tyrannica
3224 5427 3412 5499 Cyrilli
3465 5428 3592 5488 Alc-

2084 5620 2194 5693 (87)
2229 5624 2360 5692 περὶ
2393 5623 2563 5678 Mans.
2604 5623 2659 5677 in
2695 5638 2864 5693 marg.

2081 5691 2190 5746 (88‘
2234 5691 2324 5747 Est
2355 5694 2408 5747 in
2441 5693 2631 5748 eadem
2667 5691 2988 5748 collectione
3024 5695 3058 5748 l.
3089 5710 3162 5760 c.,
3187 5710 3240 5765 p.
3277 5694 3412 5749 1277
3431 5706 3550 5761 seq.
