4072 6432
454 355 592 421 1443
1435 351 1925 414 THEODORETI
1966 354 2059 412 ΕΡ

2118 353 2307 412 iCOPl
2345 352 2713 413 CYRENSIS
3585 347 3726 410 1444

451 470 704 536 xandrini
740 478 797 524 et
826 465 1130 523 Memnonis
1159 465 1425 535 Ephesini
1453 466 1756 535 petulantia
1803 467 1872 520 ad
1903 480 2027 520 eam
2058 520 2059 524 η

2131 465 2464 537 τυραννικῆς
2510 465 2734 530 ἀταξίας
2763 462 3033 535 Κυρίλλου
3081 461 3173 514 τοῦ
3210 459 3604 532 Ἀλεξανδρέως
3631 462 3732 514 καὶ

453 564 841 618 necessitatem
878 574 979 612 nos
1013 564 1371 626 perurgente.

2147 558 2429 625 Μέμνονος
2453 555 2546 608 τοῦ
2580 555 2829 623 Ἐφεσίου
2859 553 3018 606 τοῦτο
3049 554 3273 623 ποιῆσαι
3303 552 3650 623 βιαζομένης.

523 653 660 706 Nam
713 665 836 704 cum
874 659 1098 718 propter
1152 647 1652 701 ecclesiasticarum
1689 647 2036 702 sanetionum

2212 651 2340 703 Δέον
2380 650 2488 720 γάρ
2510 648 2598 701 διά
2635 665 2694 700 τε
2731 646 2830 717 τὴν
2864 646 2975 700 τῶν
3003 644 3476 715 ἐκκλησιαστικῶν
3511 644 3732 714 θεσμῶν

455 742 729 804 ordinem,
783 739 982 808 piaqne
1045 737 1250 791 Christi
1297 737 1602 790 amantium
1640 738 2038 806 imperatorum

2142 741 2485 805 ἀκολουθίαν,
2505 741 2600 794 καὶ⁴
2627 739 2715 792 διὰ
2734 739 2802 792 τά
2827 737 3028 806 εὑσεϐἧ
3051 739 3156 791 τῶν
3181 737 3543 807 φιλοχρίστων
3569 736 3731 806 ἡμῶν

455 843 770 888 mstrornm
793 831 1043 893 decreta,
1071 829 1620 898 religiosissimorum
1650 831 2038 900 episcoporum

2146 834 2412 905 βασιλέων
2451 829 2822 902 θεσπίσματα,
2855 832 3146 902 ἀναμεῖναι
3182 831 3280 900 μὲν
3325 829 3434 881 τῶν
3469 829 3734 896 ἀφικνου-

458 924 884 981 adventantium
919 922 1266 992 prmsentiam
1323 937 1421 975 eos
1461 920 1690 990 operiri,
1731 919 2041 974 communi-

2148 925 2329 994 μένων
2385 924 2819 993 θεοφιλεστάτων
2887 922 3206 976 ἐπισκόπων
3249 921 3348 992 τὴν
3403 921 3729 989 παρουσίαν,

461 1029 652 1087 terque
673 1031 796 1086 qua:
818 1024 1021 1069 sanetae
1055 1013 1181 1067 ﬁdei
1215 1021 1366 1078 sunt,
1407 1012 1744 1082 expendere,
1791 1025 1848 1068 et
1892 1022 2043 1067 ortas

2147 1017 2297 1085 κοινῇ
2333 1014 2386 1067 δὲ
2425 1014 2726 1084 σκέψασθαι
2758 1013 2870 1085 (89)
2918 1015 2986 1066 τά
3022 1013 3153 1084 περὶ
3199 1011 3297 1081 τῆς
3347 1008 3604 1083 εὑσεϐοὑς
3637 1011 3733 1062 πί-

458 1107 869 1163 controversias
903 1105 1068 1158 simul
1092 1103 1430 1166 examinare,
1458 1112 1625 1172 atque
1677 1101 2042 1172 apostolicum

2147 1124 2340 1171 στεως,
2367 1107 2463 1160 καὶ
2515 1107 2583 1160 τά
2622 1105 2962 1176 προκείμενα
3004 1103 3293 1174 ζητήματα
3329 1101 3594 1161 συνιδεῖν,
3637 1101 3734 1153 καὶ

460 1201 654 1268 dogma
705 1205 896 1252 exacte
955 1195 1267 1249 discussum
1323 1193 1654 1247 conﬁrmare
1708 1201 2040 1262 oporteret:

2146 1199 2390 1269 ἀκριϐῶς
2437 1197 2498 1251 τὺ
2559 1196 2918 1251 ἀποστολικὸν
2969 1196 3375 1268 ἐρευνήσαντας
3436 1188 3734 1262 βεϐαιῶσαι

462 1289 622 1342 nobis
649 1301 706 1340 se
729 1295 981 1341 nostrum
1042 1284 1343 1338 adventum
1386 1285 1688 1353 praestolari
1737 1297 1862 1338 cum
1905 1282 2058 1351 scri-_

2145 1289 2354 1360 δόγμα·
2382 1289 2697 1360 γράψαντες
2750 1289 2903 1358 ἡμῖν,
2954 1287 3030 1349 ὡς
3062 1286 3160 1354 τήν
3211 1284 3489 1355 ἡμετέραν
3525 1285 3734 1354 ἀναμέ-

462 1380 721 1448 psissent,
777 1377 1211 1444 didieissentque
1240 1375 1405 1430 tridui
1434 1375 1632 1429 itinere
1661 1389 1763 1429 nos
1810 1374 2042 1440 abesse;

2147 1397 2299 1433 νουσι
2332 1380 2659 1452 παρουσίαν,
2691 1378 2786 1431 καὶ
2822 1376 3088 1446 μαθόντες
3113 1376 3188 1439 ὠς
3215 1374 3322 1427 ἀπὸ
3345 1373 3512 1444 τριῶν
3554 1373 3737 1442 μονῶν

464 1469 754 1542 tyrannieo
802 1468 947 1521 inter
1000 1481 1058 1521 se
1085 1481 1348 1520 consessu
1407 1467 1733 1531 constituto,
1769 1481 1859 1520 res
1890 1465 2046 1536 ﬂagi-

2147 1473 2513 1542 τυγχάνομεν,
2542 1469 2665 1522 καθ’
2688 1469 2915 1530 ἑαυτοὺς
2946 1465 3269 1538 τυραννικὸν
3303 1466 3576 1534 συνέδριον
3604 1482 3738 1532 συγ-

467 1562 656 1622 tiosas,
684 1558 1020 1627 illegitimas,
1045 1557 1306 1626 omnique
1332 1558 1672 1612 absurditate
1703 1558 1893 1628 plenas
1926 1559 2046 1613 ausi

2149 1565 2540 1635 κροτήσαντες,
2592 1561 2808 1631 ἄθεσμα
2864 1559 2960 1613 καὶ
3009 1559 3337 1627 παράνομα,
3393 1557 3487 1608 καὶ
3553 1557 3736 1624 πάσης

465 1659 597 1703 sunt
623 1668 634 1701 :
659 1665 782 1702 eum
813 1657 998 1701 tamen
1023 1646 1602 1715 magniﬁcentissimus
1625 1663 1809 1702 comes
1847 1646 2048 1701 Candi-

2151 1656 2381 1718 ἀτοπίας
2415 1655 2656 1726 γέμοντα
2688 1653 2993 1723 ἐτόλμησαν
3044 1650 3381 1722 πράγματα·
3426 1649 3521 1701 καὶ
3556 1648 3733 1701 ταῦτα

463 1744 682 1806 dianus,
739 1740 953 1794 ordinis
1008 1739 1264 1793 servandi
1328 1754 1494 1793 causa
1538 1755 1567 1792 a
1618 1737 2071 1810 religiosissimis

2147 1745 2245 1798 τοῦ
2297 1743 2884 1814 μεγαλοπρεπεστάτου
2934 1741 3172 1811 κόμητος
3226 1737 3606 1803 Κανδιδιανοῦ,
3633 1737 3732 1789 τοῦ

463 1833 779 1902 Christique
804 1831 1116 1885 amantibus
1153 1831 1580 1900 imperatoribus
1605 1831 1811 1885 nostris
1824 1831 2048 1897 missus,

2155 1809 2410 1902 εὐταξίας
2443 1809 2603 1906 χάριν
2651 1833 2756 1887 ὑπὸ
2784 1833 2893 1886 τῶν
2923 1809 3331 1883 εὐσεϐεστάτων
3370 1828 3466 1881 καὶ
3496 1828 3740 1898 φιλοχρί-

465 1929 523 1974 et
552 1919 741 1980 verbo,
771 1927 826 1973 et
849 1918 1057 1988 scripto
1085 1918 1193 1972 illis
1223 1919 1626 1985 denuntiasset,
1678 1928 1739 1973 ut
1772 1919 2052 1990 piissimo-

2160 1946 2303 1983 στων
2350 1929 2509 1999 ήμῶν
2559 1926 2822 1997 βασιλέων
2874 1924 3294 1987 ἀποσταλέντος,
3343 1923 3434 1974 καὶ
3474 1922 3740 1994 ἀγράφως

466 2026 587 2065 rum
616 2010 1022 2080 episcoporum,
1059 2010 1150 2078 qui
1182 2009 1470 2065 convocati
1493 2008 1729 2075 fuerant,
1757 2009 2054 2065 adventum

2158 2023 2343 2085 αὑτοῖς
2409 2021 2503 2074 καὶ
2555 2020 2853 2090 ἐγγράφως
2893 2017 3385 2088 παρεγγυήσαντος
3450 2016 3740 2084 ἀναμεῖναι

466 2111 871 2172 exspectarent,
928 2117 1108 2171 neque
1160 2102 1461 2171 quidquam
1513 2103 1663 2157 circa
1695 2103 1842 2172 piam
1891 2103 2056 2158 ﬁdem

2156 2112 2286 2176 τοὺς
2321 2111 2732 2182 συγκληθέντας
2768 2109 3216 2178 θεοφιλεστάτους
3257 2105 3610 2168 ἐπισκόπους,
3644 2110 3745 2158 καὶ

471 2194 839 2264 innovat'ent;
873 2193 968 2248 sed
997 2192 1124 2259 illis,
1151 2207 1274 2261 qua:
1300 2208 1331 2246 a
1385 2193 1492 2262 piae
1541 2194 1746 2249 mentis
1778 2197 1794 2214 ‘
1817 2195 2058 2265 impera-

2162 2202 2330 2273 μηδὲν
2384 2200 2707 2270 νεωτερίσαι
2749 2198 2878 2266 περὶ
2934 2197 3032 2266 τὴν
3088 2195 3286 2264 εὐσεϐῆ
3347 2194 3564 2254 πίστιν,
3605 2195 3745 2246 ἀλλὰ

472 2286 687 2340 toribus
714 2285 918 2339 nostris
943 2284 1165 2339 decreta
1189 2293 1397 2350 essent,
1429 2285 1768 2342 insisterent.
1825 2337 1828 2340 .

2161 2290 2445 2361 ποιχῆσαι
2475 2293 2588 2352 τοῖς
2623 2289 2963 2342 θεσπισθεῖσι
2996 2287 3152 2357 παρά
3193 2285 3302 2338 τῶν
3338 2286 3406 2339 τὰ
3453 2285 3569 2337 θεῖα
3613 2303 3745 2354 φρο-

2158 2382 2394 2438 νούντων
2433 2381 2702 2453 βασιλέων
2734 2379 2909 2452 ήμῶν.

542 2465 747 2519 Verum
779 2473 894 2517 tum
922 2462 1125 2517 litteris
1158 2461 1560 2531 imperialibus,
1591 2470 1708 2516 tum
1745 2470 1911 2518 etiam
1945 2477 2059 2516 ma-

2247 2472 2365 2527 Ἀλλ
2390 2472 2563 2542 ’ὅμως
2589 2471 2684 2525 καὶ
2712 2470 2807 2522 τοῦ
2843 2465 3124 2539 βασιλικοῦ
3145 2466 3474 2538 γράμματος
3503 2463 3745 2518 ἐπακού-

473 2553 915 2625 gniﬁcentissimi
969 2552 1188 2630 comitis
1209 2551 1539 2606 Candidiani
1572 2553 1818 2607 consiliis
1846 2551 2056 2621 1317

2163 2582 2377 2630 σαντες,
2407 2566 2501 2616 καὶ
2523 2554 2632 2617 τῶν
2662 2560 3004 2632 συμϐουλιῶν
3031 2557 3125 2611 τοὺ
3156 2557 3745 2628 μεγαλοπρεπεστάτου

474 2648 679 2701 auditis
709 2646 962 2700 ordinem
1004 2655 1060 2699 et
1091 2644 1357 2698 decorum
1398 2644 1884 2714 parvipendentes,
1911 2644 2060 2714 aspi-

2162 2657 2404 2726 κόμητος
2438 2651 2823 2716 Κανδιδιανοῦ,
2851 2650 3081 2721 σμικρὸν
3110 2649 3209 2718 τῆς
3242 2647 3495 2711 εὐταξίας
3527 2649 3746 2718 φροντί-

473 2738 605 2792 dum
646 2754 748 2792 ova
778 2737 1088 2807 fregerunt,
1118 2745 1174 2790 et
1201 2737 1385 2802 telam,
1433 2737 1597 2791 sicuti
1649 2737 1920 2807 propheta
1974 2737 2061 2790 lo-

2165 2764 2378 2810 σαντες,
2425 2745 2508 2798 ὠά
2541 2742 2784 2798 ἀσπίδων
2845 2737 3103 2811 ἐρῤηξαν,
3142 2735 3236 2788 καὶ
3287 2734 3432 2786 ἱστὸν
3479 2735 3745 2804 ἀράχνης,

475 2825 665 2896 quitur
696 2825 761 2891 ⁷⁷,
789 2840 1004 2878 aranea:
1047 2833 1258 2879 texunt.
1309 2826 1417 2880 Sed
1465 2827 1560 2896 qui
1605 2826 1673 2880 de
1717 2826 1837 2880 ovis
1867 2839 2060 2880 eorum

2165 2837 2308 2892 κατά
2338 2837 2427 2889 τὸν
2454 2835 2768 2906 Προφήτην,
2804 2831 3140 2899 ὑφαίνουσιν.
3177 2824 3318 2878 Ἀλλ’
3346 2827 3374 2878 ὁ
3403 2825 3610 2894 μέλλων
3638 2825 3748 2879 τῶν

475 2917 766 2972 comedere
794 2915 1054 2980 voluerit,
1085 2925 1378 2970 conterens
1402 2917 1648 2971 inveniet
1668 2917 1975 2987 putridum,
2006 2925 2063 2972 et

2165 2930 2289 2983 ὠῶν
2337 2927 2515 2982 αὑτῶν
2556 2927 2773 2995 φαγεῖν,
2805 2921 3104 2993 συντρίψας
3145 2917 3326 2988 οὔριον
3375 2908 3526 2986 εὗρε,
3561 2915 3655 2970 καὶ
3686 2918 3745 2970 ὲν

477 3007 534 3059 in
577 3005 696 3074 ipso
737 2999 980 3073 regulus.
1029 3004 1268 3058 Proinde
1312 3005 1660 3060 conﬁdenter
1705 3007 2008 3061 clamamus
2043 3023 2057 3058 :

2165 3020 2316 3091 αὑτῷ
2350 3018 2686 3090 βασιλίσκος.
2714 3016 2804 3067 Διὸ
2833 3013 3159 3085 θαρραλέως
3201 3008 3414 3080 βοῶμεν
3433 3024 3446 3036 ·
3479 3026 3496 3059 ι
3521 3009 3578 3060 '0
3603 3008 3749 3071 ἱστὸς

487 3115 504 3146 ι
528 3094 660 3148 Tela
687 3111 880 3148 eorum
907 3110 1018 3148 non
1048 3097 1156 3149 erit
1183 3095 1238 3150 in
1273 3097 1690 3162 vestimentum,
1716 3113 1897 3168 neque
1933 3113 2064 3168 ope—
2089 3121 2095 3162 ι

2171 3110 2352 3164 αὑτῶν
2385 3110 2484 3162 οὑκ
2510 3108 2663 3159 ἔσται
2694 3109 2773 3169 εἰς
2801 3106 3038 3176 ἱμάτιον,
3073 3101 3192 3154 οὑδὲ
3223 3099 3300 3170 μὴ
3333 3097 3749 3167 περιϐάλλονται

479 3189 697 3243 rientur
724 3203 756 3242 e
785 3203 1049 3242 manuum
1078 3203 1304 3247 suarum
1326 3189 1591 3260 operibus
1613 3190 1677 3243 ⁷⁷.
1704 3209 1722 3241 ι

1673 3232 1677 3243 ι
1704 3209 1722 3241 ³
2159 3203 2270 3260 ἀπὸ
2308 3202 2418 3257 τῶν
2449 3201 2627 3272 ἔργων
2656 3198 2765 3252 τῶν
2792 3197 2990 3269 χειρῶν
3020 3193 3227 3249 αὐτῶν.
3263 3210 3281 3242 ι

547 3283 684 3338 Cum
727 3298 859 3354 ergo
911 3283 1133 3338 illorum
1173 3285 1514 3340 temeritates
1555 3294 1610 3340 et
1660 3283 1896 3355 ineptias
1921 3285 2060 3340 mul-

2232 3293 2434 3348 Τούτου
2473 3294 2632 3364 χάριν
2673 3290 2772 3353 τὰς
2820 3287 3019 3350 πολλάς
3051 3289 3276 3348 ἀτοπίας
3328 3283 3508 3337 αὐτῶν
3543 3282 3748 3335 θεασά-

481 3383 565 3428 tas
605 3372 1034 3429 advertissemus
1058 3376 1205 3446 (nam
1230 3383 1286 3429 et
1307 3383 1524 3430 sanctas
1542 3376 1804 3431 ecclesias
1835 3382 1894 3429 et
1919 3391 2065 3430 mar-

2167 3401 2338 3459 μενοιο
2377 3384 2496 3456 (τάς
2520 3399 2578 3435 τε
2605 3381 2713 3453 γὰρ
2741 3379 3059 3449 ἐκκλησίας,
3083 3380 3174 3431 καὶ
3209 3382 3277 3432 τὰ
3306 3381 3438 3447 άγια
3475 3373 3750 3446 μαρτύρια

483 3474 661 3537 tyrum
693 3464 840 3520 aedes
893 3466 1266 3528 occluserunt,
1296 3475 1353 3522 et
1374 3482 1443 3520 ne
1471 3475 1673 3521 sancta:
1712 3468 2065 3522 Pentecostes

2165 3478 2517 3537 ἀπέκλεισαν,
2549 3475 2648 3543 τῆς
2679 3489 2737 3524 τε
2761 3470 2921 3539 ἁγίας
2961 3470 3346 3539 Πεντηκοστῆς
3377 3469 3476 3538 τὴν
3502 3466 3751 3534 πανήγυ-

481 3559 880 3614 solemnitatem
924 3560 1354 3623 celebraremus,
1388 3558 1782 3628 impedimento
1820 3558 2064 3624 fuerunt,

2171 3586 2255 3641 ριν
2310 3565 2618 3621 ἐπιτελέσαι
2661 3564 2760 3615 οὑκ
2811 3560 3020 3612 εἴασανο
3062 3562 3157 3613 καὶ
3209 3561 3343 3630 πρὸς
3374 3559 3582 3620 τούτοις
3623 3559 3753 3617 τοὺς

480 3655 537 3701 et
585 3647 880 3717 tyrannica:
923 3655 1185 3716 praeterea
1214 3648 1520 3702 insolentiae
1543 3664 1656 3702 sua:
1686 3649 1968 3704 ministros
1999 3649 2068 3703 ad

2167 3661 2264 3730 τῆς
2287 3655 2618 3728 τυραννικῆς
2649 3653 2826 3705 αὑτῶν
2857 3649 3079 3716 ἀταξίας
3108 3650 3384 3722 ὑπηρέτας
3411 3650 3488 3711 είς
3523 3647 3619 3708 τὰς
3641 3646 3752 3696 τῶν

479 3737 873 3806 episcoporum
911 3737 1105 3790 domos
1138 3737 1445 3803 mittentes,
1474 3753 1538 3792 ac
1568 3750 1812 3794 extrema
1838 3755 2069 3810 quaeque

2169 3751 2482 3804 ἐπισκόπων
2511 3745 2687 3807 οἰκίας
2731 3742 3176 3804 ἀποστέλλοντες,
3221 3741 3315 3794 καὶ
3363 3743 3431 3792 τὰ
3476 3739 3756 3808 ἀνήκεστα

485 3828 784 3894 minantes,
844 3828 1049 3897 iniquis
1093 3829 1209 3883 suis
1251 3831 1452 3884 studiis
1496 3832 1898 3902 conatibusque
1947 3833 2071 3888 illos

2171 3839 2544 3900 ἀπειλοῦντες,
2586 3833 2900 3905 ὑπογράψαι
2933 3834 3043 3895 τοῖς
3077 3832 3168 3884 ὑπ’
3205 3827 3386 3884 αὐτῶν
3420 3831 3755 3899 παρανόμως

486 3919 837 3974 subscribere
895 3921 1327 3993 compulerunt),
1378 3923 1672 3992 praadietos
1705 3924 1971 3993 Cyrillum
2015 3933 2073 3980 et

2170 3930 2519 4002 τολμηθεῖσιν
2562 3924 2929 3996 ἠνάγκασανν)
2969 3919 3029 3977 οὗ
3059 3923 3218 3992 χάριν
3265 3922 3391 3985 τοὺς
3419 3921 3751 3992 προειρημέ-

485 4010 833 4066 Memnonem
871 4011 1248 4082 deposuimus,
1296 4020 1354 4067 et
1386 4012 1456 4066 ab
1499 4013 1795 4084 episcopali
1845 4029 2073 4070 munere

2172 4037 2296 4081 νους
2325 4017 2588 4087 Κύριλλον
2619 4016 2712 4069 καὶ
2737 4016 2992 4085 Μέμνονα
3021 4013 3362 4083 καθείλομεν,
3393 4015 3485 4065 καὶ
3516 4013 3612 4080 τῆς
3637 4013 3757 4063 ἐπι-

485 4103 820 4170 amovimus;
859 4105 1101 4175 reliquos
1156 4112 1339 4159 autem
1377 4105 1683 4161 insolentias
1723 4107 1943 4162 illorum
1980 4123 2072 4163 so~

2178 4111 2384 4181 σκοπῆς
2426 4109 2735 4180 ἀλλοτρίους
2781 4108 3182 4176 πεποιήκαμεν,
3228 4104 3354 4168 τούς
3392 4121 3450 4156 τε
3485 4103 3757 4174 συνεργή-

485 4194 624 4261 cios,
663 4197 750 4251 vel
801 4206 952 4252 metu
985 4199 1072 4252 vel
1110 4197 1428 4253 adulatione
1476 4199 1721 4266 adactos,
1755 4215 2074 4256 excommu-

2176 4220 2376 4266 σαντας
2404 4202 2582 4256 αὐτῶν
2610 4203 2676 4272 τῇ
2710 4199 2928 4270 ἀταξίᾳ,
2960 4200 3053 4251 καὶ
3079 4199 3189 4251 εἴτε
3217 4196 3492 4267 κολακεία,
3529 4197 3637 4247 εἴτε
3663 4197 3759 4263 φό-

486 4289 751 4344 nicationi
781 4290 1150 4354 subdidimus,
1174 4290 1350 4345 donec
1380 4292 1608 4346 vulnera
1635 4308 1731 4347 sua
1771 4293 2074 4349 sentientes

2175 4296 2256 4366 ϐῳ
2285 4294 2674 4364 ὑποπρέντας,
2703 4292 3097 4362 ἀκοινωνήτους
3128 4291 3527 4360 πεποιήκαμεν,
3555 4289 3654 4350 ἕως
3691 4289 3760 4339 ἀν

485 4396 555 4435 ex
597 4381 781 4434 animo
840 4381 1188 4450 resipiscam,
1233 4389 1289 4436 et
1339 4381 1597 4436 haeretica
1629 4381 1818 4453 Cyrilli
1870 4385 2071 4453 capita,

2175 4390 2256 4451 είς
2291 4387 2541 4456 αἴσθησιν
2577 4385 2686 4438 τῶν
2724 4382 3233 4444 οἰκείων-ἐλθόντες
3266 4382 3617 4453 τραυμάτων,
3662 4380 3760 4430 καὶ

488 4471 833 4542 Apollinarii,
871 4480 928 4527 et
952 4472 1092 4537 Arii,
1133 4481 1190 4528 et
1226 4473 1484 4528 Eunomii
1528 4475 1798 4544 impietati
1839 4489 2073 4530 consen-

2149 4485 2150 4503 ‘
2185 4476 2604 4549 μεταμεληθῶσι
2639 4476 2901 4544 γνησίως,
2949 4472 3041 4526 καὶ
3068 4473 3140 4526 τὰ
3180 4471 3438 4542 αἱρετικά
3487 4471 3757 4540 Κυρίλλου

489 4572 672 4629 tanea,
719 4563 1207 4630 anathematizent,
1260 4573 1317 4618 et
1367 4575 1688 4620 sanctorum
1735 4567 1956 4621 Patrum
1979 4566 2074 4621 Ni-

2179 4570 2472 4639 κεφάλαια,
2509 4567 2577 4619 τὰ
2611 4569 2677 4636 τῇ
2705 4565 3100 4636 ’Λπολιναρίου,
3127 4563 3218 4616 καὶ
3249 4563 3484 4633 Ἀρείου,
3528 4562 3620 4614 καὶ
3654 4561 3760 4613 Εὑ-

488 4670 767 4710 czenorum
833 4655 994 4710 ﬁdem
1053 4657 1353 4726 recipiant,
1417 4668 1472 4712 et
1515 4660 1668 4729 juxta
1725 4659 1814 4727 pia
1869 4659 2073 4714 Christi

2179 4661 2367 4732 νομίου
2386 4657 2672 4729 δυσσεϐείᾳ
2696 4657 3084 4727 συμϐαίνοντα,
3109 4653 3636 4724 ἀναθεματίσαντες,
3658 4653 3759 4722 τὴν

491 4747 793 4800 amantium
843 4746 1242 4814 imperatorum
1285 4757 1604 4808 nostrorum
1656 4748 1856 4814 edicta,
1889 4750 2074 4818 quiete

2179 4749 2288 4804 τῶν
2311 4751 2481 4819 ἁγίων
2506 4751 2762 4818 Πατέρων
2789 4747 2897 4800 τῶν
2922 4749 2982 4800 ὲν
3014 4747 3218 4816 Νικαίᾳ.
3261 4744 3762 4817 συναθροισθέντων

490 4844 550 4890 et
597 4836 806 4904 absque
852 4835 1001 4888 omni
1044 4836 1470 4890 tumultuatione
1517 4839 1572 4892 in
1617 4839 1913 4892 concilium
1941 4854 2075 4893 con-

2181 4843 2592 4911 ἀνακτήσωνται
2627 4840 2828 4902 πίστιν,
2864 4841 2959 4893 καὶ
2984 4839 3126 4893 κατά
3152 4839 3219 4892 τὰ
3251 4838 3449 4908 εὐσεϐῆ
3477 4838 3581 4890 τῶν
3613 4837 3764 4906 φιλο-

494 4927 737 4992 veniant,
781 4927 1202 4997 propositasque
1248 4929 1580 4997 quaestiones
1632 4938 1885 4985 accurate
1914 4931 2077 4986 simul

2182 4932 2416 5003 χρίστων
2460 4929 2620 5002 ἡμῶν
2673 4929 2937 5000 βασιλέων
3001 4930 3347 5000 θεσπίσματα
3399 4928 3617 5000 ἡσύχως
3667 4930 3766 4982 καὶ

495 5017 770 5087 diSpicere
817 5018 1006 5084 velint,
1052 5028 1108 5074 et
1156 5019 1485 5092 evangelicae
1531 5021 1655 5076 lidci
1705 5021 2078 5076 sinceritatem

2175 5021 2300 5090 δίχα
2358 5019 2586 5087 θορύϐου
2641 5018 2784 5082 τινὸς
2838 5020 2916 5081 είς
2962 5018 3022 5071 τὺ
3075 5018 3350 5090 συνέδριον
3391 5017 3762 5082 συνελθόντες,

495 5110 615 5164 sine
652 5109 779 5165 fuco
815 5110 1152 5166 custodiant.

2175 5110 2418 5180 ἀκριϐῶς
2473 5109 2543 5162 τά
2587 5123 2646 5162 τε
2692 5107 2997 5180 ζητούμενα
3037 5111 3266 5164 συνιδεῖν
3311 5108 3630 5178 ἐθελήσωσι,
3668 5109 3766 5161 καὶ

2176 5205 2278 5276 τῆς
2308 5205 2668 5275 εὑαγγελικῆς
2694 5204 2928 5268 πίστεως
2956 5204 3014 5257 τὸ
3042 5203 3332 5276 είλικρινὲς
3363 5201 3564 5264 ἀδόλως
3593 5198 3769 5270 φυλά-

2177 5297 2329 5363 ξωσι.

561 5459 604 5489 ττ
641 5458 740 5510 lsa.
784 5470 890 5518 ιλιι,
920 5453 976 5508 6.

567 5617 679 5687 (89)
708 5615 785 5668 lta
825 5613 996 5669 Mans.
1032 5612 1091 5668 in
1135 5607 1403 5680 margine.
1434 5586 1640 5663 Tcxtus
1679 5607 1826 5678 vulg.
1859 5603 2278 5675 διασκέψασθαι.
