4072 6418
407 372 541 439 ltiti)

1707 338 1712 344 ’
1754 362 2123 429 EPISTOLA
2158 365 2349 425 cm.

3549 358 3688 425 lilii

403 484 574 540 PNA’.
604 514 672 525 ——
725 482 1048 551 Ἐπιστολὴ
1105 479 1224 535 τῶν
1280 481 1479 537 αὐτῶν
1544 482 1696 548 πρὸς
1749 481 1865 546 τὴν
1921 479 1994 533 ἐν

2101 470 2317 546 1318
2364 476 2542 530 CLIV.
2563 476 2665 551 §—‘
2687 475 3013 551 Eorumdem
3045 477 3117 533 ad
3151 485 3396 551 senatum
3423 475 3687 535 Constan-

593 552 1233 615 Κωνσταντινουπόλει
1270 553 1623 621 σύγκλητον
1655 551 1789 620 (90).

475 669 555 740 Τῇ
580 668 820 738 θεοφιλεῖ
847 667 943 722 καὶ
975 666 1306 739 φιλοχρίστῳ
1337 666 1625 737 συγκλήτῳ
1651 668 1684 736 ή
1713 665 1845 733 ἁγία
1862 664 1994 741 σύν-

402 759 524 824 οδος
551 761 612 814 ἐν
632 760 825 831 Κυρίῳ
846 760 1085 831 χαίρειν.

478 853 615 907 Λίαν
649 853 947 922 ἀλγοῦμεν,
971 852 1191 906 οἰκείων
1224 850 1401 923 μελῶν
1430 850 1670 920 ἐκτομὴν
1700 852 1768 921 τῇ
1800 849 1993 919 ὑμετέ-

410 961 479 1016 ρᾳ
525 942 974 1015 μεγαλοπρεπείᾳ
1012 942 1238 1014 μηνύειν
1277 940 1732 1010 ἀναγκαζόμενοι.
1764 940 1827 992 El
1882 938 1991 1007 γὰρ

402 1036 501 1089 καὶ
543 1035 843 1101 ἀναγκαῖος
887 1034 918 1086 ὁ
951 1033 1231 1105 χωρισμὸς
1270 1034 1381 1084 τῶν
1427 1032 1744 1100 σεσηπότων
1793 1029 1989 1101 μελῶν,

402 1124 519 1180 ἀλλ’
541 1126 691 1196 ὅμως
712 1123 903 1194 ὀδύνην
931 1125 1135 1195 πικρὰν
1162 1123 1242 1194 τῷ
1274 1122 1447 1193 λοιπῷ
1474 1121 1689 1193 σώματι
1721 1138 1851 1175 κατε
1862 1123 1993 1193 ργά-

404 1196 579 1282 ζεται.
609 1235 629 1269 ι
661 1217 721 1268 Et
745 1215 945 1286 πάσχει
973 1215 1103 1285 γὰρ.
1137 1214 1305 1285 φησὶν
1330 1216 1359 1268 ὁ
1380 1213 1650 1284 μακάριος
1674 1212 1904 1275 Παῦλος,
1933 1212 1992 1264 ἓν

409 1309 593 1380 μέλος,
618 1308 934 1377 συμπάσχει
983 1308 1166 1362 πάντα
1201 1306 1271 1359 τὰ
1314 1306 1474 1376 μέλη.
1506 1324 1524 1356 ι
1573 1304 1712 1357 Ἀλλ’
1749 1304 1899 1374 ὅμως
1928 1303 1991 1356 οὐ

405 1400 754 1471 παραιτητέα
784 1402 895 1462 τοῖς
928 1401 1134 1467 ἰατροῖς
1174 1398 1284 1452 τῶν
1318 1398 1609 1469 ἀχρήστων
1643 1397 1739 1450 καὶ
1767 1396 1991 1449 ἐπιϐλα-

406 1491 524 1547 ϐῶν
556 1491 732 1562 μελῶν
765 1493 797 1559 ἡ
830 1491 996 1560 τομή.
1029 1492 1089 1543 '0
1117 1490 1226 1561 γὰρ
1263 1489 1513 1560 ἐχέφρων
1557 1488 1652 1541 καὶ
1693 1486 1857 1555 σοφὸς
1883 1486 1992 1561 τῶν

408 1582 676 1651 σωμάτων
739 1580 1080 1650 θεραπευτὴς
1143 1581 1224 1643 εἰς
1301 1578 1401 1649 τὴν
1456 1576 1571 1631 τῶν
1630 1578 1832 1631 λοιπῶν
1900 1594 1990 1646 μευ

406 1674 515 1727 λῶν
576 1673 796 1746 ἀφορῶν
857 1672 1066 1742 ὑγείαν,
1124 1675 1458 1743 καταφρονεῖ
1510 1669 1606 1724 τοῦ
1670 1669 1990 1740 σεσηπότος,

406 1767 569 1819 παντὶ
610 1765 685 1836 τῷ
741 1764 952 1836 σώματι
990 1763 1092 1834 τήν
1138 1764 1414 1835 σωτηρίαν
1450 1763 1988 1834 πραγματευόμενος.

479 2115 651 2169 Τοῦτο
690 2117 785 2168 καὶ
828 2116 991 2187 ἡμεῖς
1029 2116 1123 2168 ἐπὶ
1156 2115 1251 2168 τοῦ
1279 2115 1549 2183 παρόντος
1587 2115 1991 2185 πεποιήκαμεν.

410 2208 655 2280 Εὖρομεν
697 2206 805 2277 γὰρ
842 2205 1134 2276 Κύριλλον,
1174 2206 1266 2259 τὸν
1311 2204 1720 2275 Ἀλεξανδρείας
1769 2206 2025 2259 suis:on

409 2318 529 2364 πον,
576 2299 671 2353 καὶ
720 2298 996 2368 Μέμνονα,
1025 2298 1116 2351 τὸν
1154 2296 1404 2366 Ἐφέσου,
1444 2297 1616 2367 μυρία
1661 2297 1799 2350 ἄττα
1856 2300 1995 2352 κατὰ

406 2394 507 2462 τῆς
534 2391 626 2445 τοῦ
644 2390 1130 2460 ΘεοῦἙκκλησίας
1154 2386 1557 2460 ἐργαζομένους
1588 2388 1761 2453 δεινὰ,
1786 2388 1881 2442 καὶ
1904 2387 1996 2442 θοα-

410 2481 597 2556 ρύὅςυ,
628 2483 722 2535 καὶ
748 2481 993 2552 ταραχῆς
1022 2479 1122 2551 τήν
1145 2495 1205 2531 τε
1232 2478 1406 2543 πόλιν,
1436 2479 1528 2532 καὶ
1552 2477 1653 2547 τὴν
1682 2478 1844 2547 ἁγίαν
1873 2479 1996 2533 σύν-

406 2573 525 2626 οδον
549 2573 959 2644 ἐμπλήσαντας,
991 2570 1213 2634 ναύταις
1248 2587 1307 2623 τε
1338 2570 1656 2638 Αἰγυπτίοις
1680 2572 1775 2625 καὶ
1803 2570 1994 2641 ἀγροί-

411 2683 529 2729 κοις
571 2666 860 2728 ’Δσιανοίς,
897 2664 1194 2733 ὐπουργοῖς
1238 2662 1335 2733 τῆς
1367 2661 1679 2733 τυραννίδος
1710 2661 1996 2734 χρησαμέ-

410 2773 555 2823 νους,
587 2756 681 2810 καὶ
732 2757 869 2826 μήτε
912 2755 1041 2817 τοὺς
1072 2752 1473 2824 συγκληθέντας
1518 2753 1857 2820 ἁγιωτάτους
1899 2752 1994 2807 καὶ

411 2847 858 2917 θεοφιλεστάτους
894 2845 1227 2909 ἐπισκόπους
1256 2844 1678 2915 ἀναμείναντας,
1719 2845 1856 2915 μήτε
1884 2844 1995 2898 τῶν

411 2918 755 3011 γραμμάτων
810 2938 921 2990 τῶν
982 2936 1415 3007 θεοφιλεστάτων
1470 2936 1563 2990 καὶ
1636 2937 1996 3008 φιλοχρίστων

414 3033 570 3105 ἡμῶν
600 3031 865 3102 βασιλέων
892 3029 1319 3101 ἀνασχομένους,
1347 3030 1486 3101 μήτε
1511 3032 1633 3092 ταῖς
1678 3031 1996 3101 είσηγήσεσι

413 3125 513 3178 καὶ
545 3118 946 3193 παραγγελίαις
972 3120 1065 3175 τοῦ
1098 3121 1691 3192 μεγαλοπρεπεστάτου
1733 3121 1825 3175 καὶ
1846 3122 1996 3219 ἐνδοῖ-
2022 3161 2065 3219 C

415 3215 638 3281 ξοτάτου
706 3214 947 3285 κόμητος
1015 3212 1371 3268 Κανδιδιανοῦ
1444 3212 1795 3276 πεισθέντας
1858 3212 1997 3267 ἀλλὰ

414 3305 595 3360 πάντα
639 3303 846 3375 φύρδην
888 3304 1220 3374 συγχέαντας
1249 3303 1318 3357 τὰ
1345 3303 1446 3373 τῆς
1479 3302 1760 3365 εὐσεϐείας
1800 3304 1995 3374 σεμνὰ,

413 3395 669 3466 ἀθέσμως
697 3412 757 3447 τε
780 3396 875 3448 καὶ¹
896 3394 1230 3465 παρανόμως
1249 3394 1431 3447 πάντα
1455 3393 1877 3464 ἐργαζομένους,
1902 3395 1998 3448 καὶ

414 3486 517 3557 τῆς
546 3485 706 3555 ἁγίας
749 3484 1133 3556 Πεντηκοστῆς
1178 3483 1275 3556 τὴν
1328 3484 1636 3556 πανήγυριν
1686 3484 1999 3540 ἐπιτελέσαι

416 3579 787 3645 κωλύσαντας,
810 3579 934 3642 τούς
963 3595 1021 3633 τε
1048 3576 1227 3640 θείους
1256 3578 1439 3643 ναοὺς,
1471 3576 1564 3631 καὶ
1587 3579 1713 3642 τούς
1734 3577 1847 3632 τῶν
1870 3578 2001 3632 καλ-

416 3671 636 3726 λινίκων
665 3670 961 3742 μαρτύρων
993 3673 1215 3740 σηκοὺς,
1242 3670 1699 3734 ἀποκλείσαντας
1738 3670 1825 3725 ἵνα
1862 3670 1999 3742 μηδὲ

416 3761 681 3830 εὔξασθαι
705 3766 819 3826 τοῖς
847 3756 1193 3833 βουλομένοις
1222 3762 1339 3835 ἐξῇ,
1369 3762 1483 3825 τοῖς
1518 3763 1740 3834 μακρὰν
1766 3763 1866 3834 μὲν
1897 3774 2000 3816 πο-

421 3855 572 3928 ρείαν
617 3855 1031 3926 πεποιημένοις.
1078 3852 1385 3926 ἐφιεμένοις
1417 3853 1475 3906 δὲ
1520 3853 1701 3918 πάσας
1743 3852 1842 3917 τὰς
1889 3855 2000 3910 τῶν

418 3945 591 4013 ἁγίων
655 3946 752 3999 καὶ
812 3943 1138 3998 καλλινίκων
1206 3943 1503 4015 μαρτύρων
1565 3943 2002 4013 περιπτύξασθαι

418 4037 715 4108 λάρνακας,
772 4036 871 4107 οὐχ
928 4029 1132 4105 ἥκιστα
1185 4036 1242 4089 δὲ
1287 4035 1386 4106 τὴν
1441 4033 1535 4087 τοῦ
1595 4037 2001 4107 τρισμακαρίου

430 4130 679 4183 Ἰωάννου
726 4127 821 4180 τοῦ
870 4126 1124 4194 θεολόγον
1156 4126 1254 4180 καὶ
1290 4125 1702 4195 εὐαγγελιστοῦ,
1738 4124 1834 4179 τοῦ
1873 4127 2003 4180 πολ-

419 4221 518 4291 λὴν
542 4218 679 4292 πρὸς
710 4216 803 4273 τὸν
831 4218 1099 4292 ἡμέτερον
1128 4222 1406 4288 Δισπότην
1439 4214 1756 4289 παρρησίαν
1791 4232 1999 4289 κτησα-

465 4313 606 4368 ένου.
1198 4332 1205 4345 τ

423 4330 750 4466 Ferit-cos;
794 4400 1228 4474 προειρημένους
1286 4396 1556 4474 Κύριλλον
1603 4400 1698 4455 καὶ
1743 4403 2001 4474 Μέμνονα

2537 546 2952 617 ιίηοροίίιαηκηι
2985 548 3229 618 epistola.

2163 656 2261 709 Pio
2304 656 2635 727 Christoque
2685 660 2890 715 dilecto
2940 663 3178 727 senatui,
3216 671 3403 717 sancta
3442 661 3685 735 synodus

2094 746 2150 802 in
2190 748 2424 802 Domino
2471 750 2723 805 salutem.

2165 838 2358 909 Magno
2390 855 2522 895 sane
2544 843 2711 895 animi
2737 842 2925 898 dolore
2957 843 3200 913 hocipso
3223 842 3510 908 allicimur,
3535 848 3683 912 quod

2093 929 2473 983 membrorum
2522 939 2837 985 nostrorum
2878 932 3214 987 excisionem
3245 941 3442 987 vestrae
3474 933 3687 1002 magni-

2094 1019 2327 1077 ﬁcentia:
2368 1022 2616 1096 indicare
2666 1026 3069 1095 compellimur.
3123 1028 3257 1081 Nam
3287 1028 3392 1081 etsi
3434 1028 3685 1097 putrido~

2094 1129 2215 1167 rum
2250 1114 2627 1169 membrorum
2657 1118 2929 1187 separatio
2954 1130 3038 1172 est
3058 1121 3400 1184 necessaria;
3440 1128 3682 1174 attamen

2092 1206 2355 1263 acerbum
2400 1207 2649 1263 dolorem
2703 1210 2919 1279 reliquo
2947 1212 3166 1280 corpori
3195 1212 3373 1266 ati'ert.
3411 1227 3429 1263 ι
3457 1212 3513 1266 Si
3548 1212 3705 1282 quid'

2092 1300 2262 1363 enim,
2286 1300 2466 1369 inquit
2487 1301 2681 1357 beatus
2698 1302 2919 1368 Paulus,
2938 1304 3146 1372 patitur
3163 1314 3331 1357 unum
3348 1304 3679 1367 membrum,

2094 1390 2512 1459 compatiuntur
2553 1393 2736 1447 omnia
2800 1394 3049 1449 membra
3101 1395 3167 1449 ⁷⁸.
3212 1414 3230 1448 ι
3290 1396 3682 1450 Verumtamen

2096 1482 2375 1537 inutilium
2404 1484 2807 1554 noxiorumque
2833 1488 3210 1541 membrorum
3242 1487 3474 1542 refectio
3502 1505 3532 1541 a
3571 1505 3685 1542 mc-

2095 1574 2235 1629 dicis
2278 1576 2752 1632 est.adhihenda.
2812 1578 3031 1633 Etenim
3082 1580 3327 1649 prudens
3367 1596 3431 1635 ac
3464 1579 3686 1650 sapiens

2095 1682 2390 1736 corporum
2448 1677 2672 1723 curator
2719 1670 3059 1739 reliquorum
3107 1672 3483 1725 membrorum
3539 1672 3687 1726 sani-

2098 1765 2262 1812 tatem
2296 1760 2367 1813 ob
2413 1761 2606 1815 oculos
2630 1777 2862 1830 ponens,
2894 1762 3026 1816 illud
3054 1763 3200 1832 quod
3227 1763 3520 1833 putredine
3552 1776 3687 1816 con-

2094 1860 2373 1920 sumptum
2412 1861 2551 1915 erat,
2582 1852 2829 1921 negligit,
2878 1853 2943 1907 ad
2996 1855 3166 1908 totius
3198 1855 3447 1924 corporis
3492 1857 3684 1909 curam

2093 1950 2150 1995 et
2172 1943 2642 1997 conservationem
2677 1956 2841 1998 omne
2879 1944 3173 1998 Consilium
3197 1953 3254 1999 et
3276 1944 3519 1999 studium
3553 1960 3686 1999 con-

2095 2028 2297 2086 ferens.

2167 2122 2282 2178 Hoc
2311 2123 2491 2193 ipsum
2523 2125 2578 2178 in
2629 2126 2921 2195 praesentia
2958 2133 3016 2181 ct
3059 2141 3162 2182 nos
3184 2140 3402 2199 queque
3430 2130 3680 2185 fecimus.

2094 2212 2481 2283 Comperimus
2510 2217 2657 2270 enim
2686 2216 2951 2288 Cyrillum
2983 2217 3417 2274 Alexandrinum
3463 2221 3683 2290 episco-

2096 2318 2250 2375 pum,
2282 2315 2339 2360 et
2366 2306 2713 2362 Memnonem
2748 2308 3138 2377 Ephesiorum,
3186 2317 3443 2364 sexcenta
3473 2312 3685 2381 gravis-

2097 2397 2236 2451 sima
2258 2404 2315 2451 et
2343 2396 2736 2452 detrimentosa
2762 2406 2954 2453 contra
2978 2405 3224 2454 sanctam
3257 2400 3351 2455 Dei
3383 2401 3686 2456 Eccicsiam

2094 2487 2355 2557 gessisse,
2383 2496 2442 2543 et
2476 2488 2778 2553 civitatem,
2813 2498 3169 2560 sanctamque
3199 2491 3466 2561 synodum
3510 2492 3689 2548 turbis

2096 2570 2538 2650 tumultibusque
2567 2581 2891 2651 complesse,
2917 2591 3083 2651 atque
3112 2594 3176 2636 ex
3196 2583 3380 2637 nautis
3394 2583 3686 2657 Egyptiis,

2094 2670 2461 2742 Asiaticisque
2481 2673 2706 2727 rusticis
2722 2674 2984 2729 satellitio
3006 2676 3260 2741 collecto,
3279 2677 3557 2748 tyrannidi
3574 2690 3689 2734 sua:

2094 2761 2379 2818 ministros
2408 2763 2749 2833 quaesivisse,
2776 2778 2956 2834 neque
2987 2765 3362 2822 sanctissimos
3383 2766 3691 2838 piish’mos-

2095 2869 2204 2924 que
2226 2855 2518 2926 episcopos
2541 2863 2873 2911 convocatos
2904 2866 3275 2927 exspectasse,
3326 2873 3508 2929 neque
3543 2860 3687 2915 litte-

2097 2962 2282 3001 rarum
2313 2946 2694 3017 piissimorum
2718 2946 3038 3017 Christique
3065 2952 3367 3004 amantium
3392 2952 3692 3022 imperato-

2097 3054 2224 3094 rum
2265 3048 2588 3095 nostrOrum
2634 3040 2803 3095 ullam
2852 3041 3121 3096 rationem
3180 3039 3397 3114 1319
3441 3043 3685 3108 duxisse,

2098 3144 2279 3199 neque
2300 3128 2831 3199 magniﬁcentissimi
2853 3144 2917 3184 ac
2944 3131 3293 3185 celeberrimi
3314 3133 3533 3189 comitis
3550 3134 3691 3190 Can-

2098 3217 2309 3272 didiani
2332 3215 2739 3271 admonitiones
2756 3224 2814 3270 et
2841 3227 3117 3286 praecepta
3139 3218 3439 3287 quidquam
3464 3220 3691 3274 omnino

2097 3321 2350 3372 curasse;
2388 3305 2483 3361 sed
2516 3304 2703 3360 omnia
2735 3305 3021 3375 religionis
3067 3315 3392 3361 ornamenta
3432 3308 3540 3363 late
3564 3325 3692 3380 per-

2098 3398 2410 3463 miscuisse,
2452 3397 2640 3452 omnia
2685 3396 2876 3466 inique
2906 3402 2964 3451 et
2994 3396 3280 3467 illegitime
3313 3409 3687 3470 perpetrasse,

2098 3504 2310 3547 sacram
2358 3498 2559 3545 sancta
2588 3489 2944 3544 Pentecostes
2979 3489 3383 3544 solemnitatem
3418 3492 3691 3547 celebrari

2098 3578 2361 3642 vetuisse,
2409 3593 2565 3633 sacra
2604 3577 2810 3647 templa
2844 3577 3440 3648 invictissimorumque
3483 3589 3691 3652 marty-

2100 3685 2226 3725 rum
2270 3669 2418 3724 mdes
2462 3668 2829 3739 preclusisse,
2889 3668 2964 3722 ita
3018 3676 3080 3722 ut
3130 3683 3200 3723 ne
3251 3684 3409 3724 orare
3463 3670 3690 3739 quidem

2100 3760 2419 3817 volentibus
2480 3756 2722 3826 licuerit,
2768 3775 2800 3814 e
2852 3757 2992 3815 locis
3047 3775 3224 3829 usque
3271 3760 3412 3815 adeo
3465 3763 3691 3819 remotis

2099 3853 2473 3919 venientibus,
2503 3861 2933 3923 sanctorumque
2969 3869 3032 3908 ac
3061 3854 3516 3923 triumphantium
3548 3871 3694 3910 mar-

2102 3952 2307 4017 tyrum,
2332 3945 2567 3999 maxime
2586 3959 2720 3999 vero
2743 3940 3050 3999 beatissimi
3078 3944 3306 3999 Joannis
3331 3946 3569 4018 theologi
3591 3950 3607 3966 ⁴
3628 3963 3692 4003 ac

2100 4035 2450 4106 evangelista:
2470 4033 2652 4107 (quem
2675 4050 2945 4089 summam
2962 4034 3109 4105 apud
3129 4036 3421 4090 Dominum
3441 4048 3692 4093 nostrum

2103 4125 2362 4179 ﬁduciam
2452 4124 2993 4196 familiaritatemque
3050 4125 3357 4182 obtinuisse
3418 4132 3691 4200 constat),

2101 4223 2459 4271 monumenta
2491 4215 2675 4270 omnia
2697 4215 3100 4287 complectendi
3143 4215 3421 4273 desiderio
3461 4220 3693 4291 ﬂagrana

2102 4304 2274 4363 tibus.

2174 4398 2520 4470 Quapropter
2575 4394 2873 4469 praedictos
2925 4395 3189 4469 Cyrillum
3235 4408 3293 4455 et
3344 4396 3693 4458 Memnonem

417 4491 670 4546 καθελεῖν
701 4492 1151 4562 ἠναγκάσθημεν,
1199 4490 1296 4544 καὶ
1348 4491 1450 4562 τῆς
1500 4490 1808 4559 ἐπισκοπῆς
1845 4491 1998 4545 ἁλλο-

2104 4491 2403 4562 deponere,
2437 4498 2495 4546 et
2540 4489 2840 4561 episcopali
2890 4505 3122 4544 munere
3168 4496 3694 4565 exuere.compulsi

415 4584 605 4655 τρίους
661 4583 1061 4653 πεποιήκαμεν·
1116 4583 1243 4645 τοὺς
1298 4581 1357 4635 δὲ
1402 4582 1850 4652 συνεργήσαντας
1904 4582 2002 4634 αὐ-

417 4677 529 4729 τῶν
577 4678 647 4746 τῇ
693 4675 954 4746 αὐθαδείᾳ
1006 4676 1103 4729 καὶ
1153 4674 1444 4747 τυραννίδι,
1485 4673 1519 4747 ἢ
1568 4675 1637 4729 δι’
1680 4675 1916 4748 ἀπάτην,
1965 4676 1999 4748 ἢ

417 4768 508 4824 διὰ
571 4768 766 4837 φύσον,
825 4768 1221 4839 ἀκοινωνήτους
1292 4768 1674 4841 πεποιήκαμεν
1698 4807 1714 4834 ,
1789 4784 2003 4840 συμμε-

418 4864 723 4934 τρήσαντες
768 4860 870 4930 τὴν
901 4859 1149 4913 παιδείαν
1180 4863 1247 4930 τῇ
1291 4860 1392 4931 τῆς
1425 4856 1798 4931 προαιρέσεως
1839 4874 2006 4930 μετα-

494 4953 655 5008 λεία.-

423 4970 729 5116 μεέἶιῗγὰρ
763 5041 1063 5097 αἴσθωνται
1086 5042 1187 5111 τῆς
1216 5041 1598 5112 πλημμελείας
1630 5039 1765 5112 (θυι
1792 5041 1883 5095 καὶ
1911 5046 2017 5118 τῆς

422 5138 707 5209 αἱρετικῆς
747 5134 1067 5189 παύσωνται
1103 5132 1446 5197 κακοδοξίας,
1482 5133 1584 5202 τήν
1608 5148 1670 5184 τε
1698 5131 1810 5185 τῶν
1835 5126 2007 5199 ἁγίων

422 5230 684 5297 Πατάρων
702 5228 883 5281 πίστιν
898 5224 1006 5279 τῶν
1023 5225 1081 5277 ἐν
1102 5218 1309 5295 Νικαίᾳ
1326 5223 1425 5293 τῆς
1448 5222 1702 5285 Βιθυνίας
1725 5222 2008 5276 συνελθόν-

420 5339 533 5375 των
557 5322 990 5393 ἀνικτήσωντκι,
1023 5319 1117 5372 καὶ
1147 5316 1246 5370 σὺν
1273 5317 1406 5387 ἡμῖν
1437 5314 1579 5369 κατὰ
1610 5315 1680 5368 τὰ
1704 5313 2008 5386 γράμματα

489 5460 535 5492 ⁷⁸
564 5460 585 5516 l
622 5459 751 5516 Cor.
781 5473 877 5525 xu,
911 5454 1005 5512 26.

495 5596 607 5669 (90)
652 5596 913 5652 Eamdem
955 5591 1241 5665 epistolam
1288 5588 1532 5658 reperies
1558 5587 1701 5657 apud
1732 5587 2001 5658 Mansum,

421 5669 949 5742 Ι.(;Ϊ,ι).127ῗ)5ιζ‹ι.Δ
1054 5732 1102 5742 η
1208 5730 1221 5742 ⁸
1278 5730 1290 5742 ,
1613 5728 1629 5742 _
1679 5736 1689 5742 _
1871 5738 1879 5742 Α
1928 5731 1961 5742 Α,

493 5728 1019 5812 (ωδ-μεταμελξας
1054 5730 1222 5812 Mansi
1266 5730 1330 5812 _i_n
1390 5745 1560 5812 marg.
1613 5728 2000 5812 Interpretatio

424 5801 595 5865 etiam.
624 5801 815 5865 Latina
841 5821 869 5861 a
905 5804 1173 5862 Camerio
1214 5801 1360 5857 edita
1402 5801 1497 5854 :Si
1538 5815 1622 5853 eos
1674 5801 1994 5868 pwnilucrit.

2103 4596 2334 4649 sumus;
2365 4581 2608 4651 reliquos
2633 4594 2765 4635 vero
2787 4580 3093 4652 tyrannidis
3122 4596 3188 4636 ac
3224 4582 3550 4639 temeritatis
3578 4585 3696 4640 ilio-
3794 4637 3801 4645 ,

2104 4690 2227 4731 rum
2252 4668 2495 4729 fautores
2525 4682 2581 4731 et
2603 4672 2977 4739 administros,
3005 4673 3119 4729 sive
3155 4684 3305 4729 metu
3339 4676 3540 4742 adacti,
3577 4679 3694 4735 sive

2104 4768 2297 4825 fraude
2345 4784 2566 4839 quoque
2618 4766 2797 4823 allecti
2860 4763 3088 4832 fuerint,
3136 4770 3692 4827 excommunicationi

2109 4856 2466 4934 subjecimus,
2509 4859 2837 4916 eorrectioni
2867 4859 3090 4915 modum
3120 4856 3429 4917 voluntaria
3474 4863 3696 4919 illorum

2109 4953 2437 5024 paenitentia
2483 4952 2835 5010 definientes.

2173 5038 2311 5097 Nam
2346 5043 2391 5098 si
2420 5050 2669 5096 errorem
2695 5041 3043 5110 agnoverint,
3069 5051 3124 5096 et
3148 5040 3463 5099 haereticam
3487 5043 3696 5098 doctri-

2102 5148 2231 5189 nam
2255 5135 2628 5199 deseruerint,
2654 5141 3080 5203 sanctorumque
3111 5135 3354 5199 Patrum,
3386 5138 3479 5206 qui
3503 5138 3697 5193 Nicaea-

2103 5220 2372 5296 Blthynite
2408 5232 2812 5289 convenerunt,
2861 5223 3023 5280 fidem
3055 5228 3387 5298 receperint,
3419 5238 3475 5281 et
3503 5237 3699 5289 nostro

2104 5316 2387 5373 consessui
2415 5317 2569 5389 juxta
2603 5315 3141 5388 religiosissimorum
3175 5335 3240 5375 ac
3272 5318 3478 5375 Christi
3508 5336 3704 5375 aman.

2111 5595 2319 5651 Vitium
2370 5606 2561 5653 natum
2611 5597 2832 5653 videtur
2880 5613 2948 5652 ex
2994 5597 3446 5653 antecedentibus
3484 5597 3690 5652 verbis.

2112 5666 2218 5721 Sed
2273 5668 2436 5723 iidem
2482 5669 2790 5725 Orientales
2819 5668 3014 5723 eodem
3060 5668 3114 5725 in
3157 5676 3411 5724 contextu
3449 5669 3698 5737 epistolae

2110 5740 2420 5809 sequentis:
2451 5740 2762 5809 ἐπιγνόντες
2800 5737 3198 5809 πλημμέλημα.
