4072 6432
362 357 502 424 ΜΗ

1360 358 1850 418 THEODORETI
1889 355 2229 415 EPISCOPI
2268 352 2636 414 CYIlENSIS

3501 345 3636 412 1448

360 473 499 525 tium
541 471 932 539 imperatorum
979 477 1296 521 nostrorum
1345 467 1559 521 litteras
1601 482 1722 521 sese
1759 466 1954 536 adjun-

2068 467 2162 518 τῶν
2193 463 2599 517 εὐσεϐεστάτων
2640 461 2734 514 καὶ
2782 461 3143 532 φιλοχρίστων
3173 460 3329 531 ἡμῶν
3373 461 3638 532 βασιλέων

358 561 566 622 xerint,
600 577 772 629 eaque
803 559 1090 621 modestia,
1132 575 1254 628 quae
1288 559 1602 613 sacerdotes
1625 558 1805 622 decet,
1831 573 1952 626 qua:

359 655 747 725 disputantur,
835 651 1314 720 pervcsligarint;
1369 649 1954 705 excommunicationis

365 745 582 799 vinculo
635 743 1009 807 absolventur,
1055 751 1110 796 et
1140 742 1196 796 in
1239 743 1597 797 sacerdotalis
1655 740 1952 796 ministerii

361 833 542 888 locum
591 833 974 887 restituentur.
1001 907 1008 914 _

367 969 579 1038 1320
623 967 775 1021 CLV.
797 965 1125 1035 ——Epistola
1154 967 1378 1021 Joannis
1409 967 1638 1037 episwpi
1675 965 1955 1038 Antioche-

435 1035 517 1099 ἱιίῙ
541 1035 975 1107 cwterorumque,
1004 1038 1094 1106 qui
1133 1053 1252 1090 cum
1287 1038 1400 1107 ipso
1429 1035 1604 1101 erant,
1651 1035 1720 1089 ad
1754 1035 1954 1088 clerum

436 1107 1109 1178 Constantimpolitanum.

436 1215 712 1270 lntellexit
745 1214 892 1268 haud
922 1215 1092 1270 dubie
1113 1217 1291 1285 pietas
1313 1226 1497 1271 vestra
1531 1215 1751 1284 iniquas
1783 1222 1955 1268 teme-

363 1310 652 1378 rariasque
674 1308 864 1378 Cyrilli
890 1309 1243 1362 Alexandrini
1273 1308 1687 1376 Memnonisque
1709 1306 1954 1376 Ephesii,

363 1407 420 1454 et
464 1409 794 1454 cancrorum
832 1401 928 1468 qui
975 1415 1100 1453 cum
1138 1400 1272 1469 ipsis
1315 1407 1464 1463 sunt,
1501 1399 1955 1462 machinationes,

364 1503 557 1544 contra
620 1504 784 1544 omne
833 1489 920 1542 fas
961 1497 1019 1543 et
1055 1490 1166 1559 jus,
1203 1489 1298 1558 qui
1335 1497 1528 1544 contra
1582 1488 1958 1558 piissimorum

363 1578 679 1647 Christique
731 1578 1031 1631 amantium
1079 1579 1473 1648 imperatorum
1522 1588 1838 1632 nostrorum
1864 1577 1957 1631 lit-

367 1681 513 1725 teras
548 1671 693 1724 inter
733 1685 792 1722 se
834 1685 1155 1724 consessum
1191 1671 1526 1726 constituere
1560 1685 1668 1724 non
1707 1678 1836 1724 sunt
1868 1684 1961 1725 ve-

367 1762 480 1816 riti.

437 1854 785 1924 Quapropter
824 1853 1199 1908 necessarium
1250 1853 1509 1908 duximus
1555 1855 1815 1923 pietatem
1860 1869 1954 1908 ve-

370 1955 537 1999 stram
572 1946 865 2000 certiorem
901 1945 1102 2008 facere,
1137 1960 1330 2000 omnes
1362 1945 1583 1999 illorum
1623 1954 1854 2000 conatus
1903 1953 1960 2000 et

369 2037 827 2100 machinationes,
897 2038 1054 2108 juxta
1101 2038 1384 2107 prophetae
1410 2038 1702 2103 dictum",
1745 2054 1960 2094 aranea:

373 2130 537 2183 telam
567 2146 707 2184 esse.
750 2130 832 2184 Illi
865 2139 1050 2183 autem
1093 2131 1186 2198 qui
1213 2131 1329 2184 haec
1359 2130 1476 2183 ausi
1510 2139 1657 2194 sunt,
1688 2140 1748 2184 ut
1793 2139 1963 2185 teme-

373 2221 569 2283 ritatis,
596 2221 921 2290 iniquitatis,
946 2221 1394 2290 conlusionisque
1417 2231 1691 2286 auctores,
1726 2222 1961 2292 Cyrillus

371 2320 429 2365 et
459 2311 736 2375 Meumon,
787 2327 818 2365 a
854 2311 1018 2365 nobis
1058 2312 1418 2377 exauctorati,
1469 2321 1635 2382 atque
1665 2313 1962 2382 episcopali

374 2399 638 2470 dignitate
695 2400 847 2454 exuti
901 2407 1068 2464 sunt;
1126 2407 1356 2453 exteros
1404 2414 1568 2462 vero,
1622 2400 1716 2468 qui
1768 2414 1962 2453 eorum

373 2492 656 2546 consessui
683 2491 875 2546 adesse
902 2492 1217 2555 voluerunt,
1247 2491 1800 2545 excommunicationi
1835 2491 1964 2545 sub-

371 2583 627 2652 iecimus,
652 2583 667 2601 ¹
707 2582 905 2645 donec,
957 2583 1180 2652 proprio
1220 2599 1409 2637 errore
1451 2584 1658 2653 agnito,
1705 2583 1964 2640 haeretica

373 2670 561 2743 Cyrilli
583 2671 934 2725 Alexandrini
965 2673 1142 2741 capita
1171 2673 1658 2737 anathematizent,
1686 2674 1962 2744 iidemque

376 2770 691 2817 sanctorum
739 2763 984 2828 Patrum,
1025 2765 1119 2832 qui
1155 2763 1212 2817 in
1245 2764 1425 2818 Nicwa
1480 2765 1748 2837 Bithynia:
1787 2781 1964 2835 quon-

376 2853 502 2908 dam
532 2860 930 2919 convenerunt,
980 2853 1200 2909 sincero
1236 2855 1422 2909 animo
1468 2857 1924 2925 complectantur.

449 3042 527 3097 Ne
565 3042 690 3112 quis
720 3042 886 3113 igitur
919 3058 988 3097 ex
1025 3059 1216 3098 eorum
1246 3061 1501 3109 numero,
1531 3047 1625 3115 qui
1665 3047 1966 3102 seditiones

2055 559 2134 619 εἰς
2178 556 2239 608 τὸ
2278 556 2550 625 συνέδριον
2599 556 2940 616 συνελθόντες
2999 551 3119 620 μεθ’
3155 553 3382 625 ἡσυχίας
3430 552 3638 622 ἱερεῦσι

2055 645 2368 714 πρεπούσης
2402 647 2468 698 τὰ
2497 644 2804 715 ζητούμενα
2833 645 3196 714 ἐρευνησωσι,
3228 643 3321 695 τοῦ
3349 659 3410 696 τε
3434 642 3636 712 δεσμοῦ

2053 740 2154 808 τῆς
2178 737 2572 808 ἀκοινωνησίας
2601 737 3098 806 ἀπαλλαγήσονται,
3123 734 3219 788 καὶ
3233 735 3335 806 τὴν
3355 733 3637 805 ἱερατικὴν

2055 829 2426 900 ἀπολήψονται
2451 827 2813 898 λειτουργίαν.

2053 960 2147 1012 ΡΝ
2153 961 2302 1013 E'.——
2317 960 2600 1030 Ἐπιστολ
2611 963 2642 1026 ὴ
2661 959 2714 1030 (9
2723 958 2771 1029 2)
2788 956 3058 1030 Ἰωὰτςνου
3081 955 3415 1030 ἐπισκόπου
3431 954 3612 1008 Ἄντιο
3625 985 3638 994 -

2128 1033 2314 1099 χείας,
2349 1032 2448 1108 καὶ
2488 1029 2607 1082 τῶν
2631 1026 2761 1108 cibi
2791 1027 2971 1092 αὐτῷ,
3001 1026 3152 1094 πρὸς
3184 1027 3292 1080 τὸν
3319 1030 3638 1080 Korn-atar-

2128 1104 2536 1167 τινουπόλεως
2570 1104 2818 1168 κλῆρον.

2132 1215 2312 1283 Ἔγνω
2335 1231 2440 1267 που
2468 1214 2685 1276 πάντως
2722 1212 2877 1282 ὑμῶν
2927 1209 3240 1283 ήεὺλάϐεια
3281 1208 3350 1261 τὰ
3387 1207 3642 1278 ἀθέσμως

2057 1309 2154 1365 καὶ
2213 1308 2548 1381 παρανόμως
2591 1307 2697 1360 ὑπὸ
2743 1305 3013 1375 Κυρίλλου
3073 1303 3170 1356 τοῦ
3224 1301 3638 1372 Ἀλεξανδρέως,

2058 1401 2154 1454 καὶ
2203 1400 2483 1468 Μέμνονος
2535 1397 2631 1450 τοῦ
2679 1395 2954 1464 Ἐφεσίου,
3001 1393 3096 1447 καὶ
3139 1391 3250 1444 τῶν
3299 1391 3397 1443 σὺν
3435 1391 3640 1452 αὐτοῖς,

2059 1490 2212 1562 παρὰ
2274 1489 2336 1542 τὸ
2396 1488 2632 1558 γράμμα
2689 1485 2799 1539 τῶν
2865 1483 3272 1538 εὐσεϐεστάτων
3337 1481 3433 1534 καὶ
3495 1480 3640 1549 φιλο-

2059 1581 2296 1653 χρίστων
2349 1578 2506 1651 ήμῶν
2565 1578 2832 1649 βασιλέων
2891 1575 3360 1648 συνεδρευσάντων
3418 1587 3640 1641 γεγενη-

2064 1675 2221 1746 μένα.

2137 1853 2226 1907 Διδ
2264 1852 2562 1919 ἀναγκαῖον
2608 1846 2868 1918 ᾠήθημεν
2909 1845 3176 1915 γνωρίσαι
3214 1843 3367 1912 ὑμῶν
3414 1845 3478 1914 τῇ
3523 1842 3643 1896 θεο-

2069 1947 2274 2017 σεϐείᾳ,
2305 1945 2380 2009 ὡς
2411 1946 2595 1996 ἐκεῖνα
2627 1941 2725 2012 μὲν
2760 1943 2978 1995 ἅπαντα
3005 1939 3072 1993 τὰ
3111 1939 3201 1992 ὑπ’
3233 1940 3411 1993 αὐτῶν
3441 1939 3638 2009 τολμη-

2068 2041 2248 2101 θέντα,
2278 2037 2421 2100 ἱστὸς
2459 2037 2720 2106 ἀράχνης,
2754 2033 2893 2086 κατὰ
2926 2032 3017 2085 τὸν
3052 2033 3358 2103 προφήτην,
3388 2033 3643 2102 ὑπάρχει.

2065 2127 2231 2185 lii-col
2256 2130 2312 2182 δὲ
2344 2131 2392 2181 οἱ
2422 2127 2597 2181 ταῦτα
2637 2125 3051 2195 τετολμηκότες,
3083 2125 3110 2177 ὃ
3141 2141 3200 2176 τε
3230 2124 3517 2194 Κύριλλος,
3553 2125 3646 2177 καὶ

2067 2225 2096 2275 ὁ
2135 2222 2394 2291 Μέμνων,
2425 2219 2501 2281 ὡς
2529 2217 2746 2286 ἔξαρχοι
2772 2216 2870 2285 τῆς
2899 2213 3126 2278 ἀταξίας
3171 2215 3265 2266 καὶ
3303 2214 3648 2284 παρανομίας

2069 2315 2348 2385 γενόμενοι
2410 2311 2500 2381 ὑφ’
2552 2310 2709 2380 ήμῶν
2761 2308 3171 2380 καθῃρέθησαν,
3235 2309 3328 2362 καὶ
3376 2307 3648 2377 ἀλλότριοι

2069 2405 2169 2475 τῆς
2204 2403 2506 2473 ἐπισκοπῆς
2541 2400 2805 2470 ἐγένοντο·
2860 2399 2986 2462 τοὺς
3043 2399 3099 2452 δὲ
3151 2399 3249 2451 σὺν
3300 2399 3481 2460 αὐτοῖς
3525 2415 3649 2450 συν-

2071 2497 2324 2568 εδρεῦσαι
2347 2495 2654 2564 ἑλομένους,
2690 2494 3085 2562 ἁκοινωνήτους
3111 2492 3514 2562 πεποιήκαμεν,
3543 2491 3650 2554 ’έως

2072 2586 2139 2640 ἂν
2167 2585 2228 2640 τὸ
2266 2586 2466 2637 οἰκεῖον
2523 2582 2836 2650 ἐπιγνόντες
2875 2583 3273 2652 πλημμέλημα,
3303 2581 3372 2634 τά
3410 2599 3469 2634 τε
3501 2583 3651 2652 αἱρε-

2069 2679 2196 2732 τικὰ
2225 2677 2497 2748 κεφάλαια
2521 2675 2794 2747 Κυρίλλου
2817 2674 2907 2728 τοῦ
2955 2673 3348 2745 Ἀλεξανδρέως
3373 2674 3650 2742 ἀναθεμα-

2070 2769 2284 2830 τίσωσι,
2313 2767 2406 2819 καὶ
2443 2765 2544 2836 τὴν
2581 2765 2762 2817 πίστιν
2788 2764 2897 2818 τῶν
2933 2763 3102 2831 ἁγίων
3144 2763 3403 2833 Πατέρων
3445 2762 3554 2814 τῶν
3590 2764 3649 2813 ἐν

2070 2860 2278 2930 Νικαίᾳ.
2306 2858 2406 2929 τῆς
2431 2857 2684 2920 Βιθυνίας
2715 2857 3210 2928 συναθροισθέντων
3241 2854 3442 2918 ἀδόλως
3479 2871 3651 2906 κατα-

2069 2949 2347 3014 δέξωνται.

2143 3043 2235 3113 Μή
2282 3043 2463 3095 τοίνυν
2510 3041 2787 3113 θορυϐήσῃ
2826 3059 2908 3105 τις
2935 3041 3034 3112 τὴν
3063 3040 3336 3112 ὑμετέραν
3365 3039 3651 3094 εὐλάϐειαν

377 3131 620 3184 excitare
663 3132 860 3194 solent,
899 3141 1141 3187 vestram
1176 3134 1436 3203 pietatem
1471 3137 1764 3191 conturbet
1796 3155 1808 3190 :
1838 3153 1963 3191 nam

2071 3131 2179 3186 τῶν
2199 3132 2268 3186 τὰ
2293 3133 2512 3186 τοιαῦτα
2542 3136 2716 3187 ποιεῖν
2739 3133 3024 3188 εἰωθότων·
3058 3134 3314 3205 οὐδεμίαν
3341 3133 3448 3204 γὰρ
3474 3135 3650 3203 ἰσχὺν,

379 3222 657 3275 temerarii
696 3230 752 3276 et
779 3223 1051 3294 illegitimi
1088 3225 1308 3280 illorum
1351 3243 1539 3292 ausus,
1573 3237 1636 3282 ut
1660 3229 1772 3299 jam
1801 3229 1963 3301 signi-

2071 3224 2147 3288 ὡς
2185 3226 2282 3296 ήδη
2321 3225 2690 3298 ἐδηλώσαμεν,
2724 3225 2838 3296 ἔχει
2869 3226 2938 3280 τὰ
2971 3227 3302 3297 παρανόμως
3339 3229 3430 3280 ὑπ’
3471 3227 3652 3281 αὐτῶν

375 3315 686 3378 ﬁcavimus,
726 3316 933 3370 nullam
979 3317 1202 3386 penitus
1242 3318 1354 3372 vim
1400 3318 1623 3373 habent.

452 3403 566 3460 Hoc
598 3407 777 3476 ipsum
809 3424 1028 3476 quoque
1066 3409 1158 3478 pio
1186 3409 1504 3479 Christique
1556 3413 1762 3466 amanti
1793 3413 1972 3482 impe-

381 3499 550 3552 ratori
611 3508 822 3562 nostro,
865 3499 1190 3568 caaterisque
1238 3501 1799 3570 magniﬁcentissimis
1827 3504 1974 3557 cele-

381 3588 747 3658 berrimisque
779 3590 1124 3661 principibus
1162 3591 1545 3646 indicavimus.

385 3721 594 3790 1321
653 3721 1262 3796 CLVI._——Eo_rumdem
1295 3725 1364 3777 ad
1411 3723 1664 3796 populum
1707 3724 1971 3782 Conslan-

829 3792 1236 3862 tinopolitanum
1277 3792 1521 3864 epistola.

432 3901 687 3973 Synodus
719 3901 969 3971 piissimo
995 3902 1441 3974 ﬁdelissimoque,
1457 3921 1518 3961 ac
1533 3905 1752 3962 Christo
1767 3908 1969 3963 amanti

383 3994 586 4064 populo
639 4001 842 4048 sanctae
880 3994 975 4048 Dei
1001 3995 1261 4050 Ecclesiae
1292 3995 1937 4069 Constantinopolitanai.

457 4186 569 4241 Lex
589 4194 674 4241 est
700 4185 820 4240 sine
857 4186 1066 4257 scripto
1095 4187 1291 4242 tradita
1317 4189 1652 4258 pastoribus,
1677 4207 1874 4261 nempe
1912 4200 1974 4246 ut

383 4278 630 4333 sedulam
678 4293 903 4346 operam
948 4288 1170 4344 navent,
1218 4296 1287 4334 ne
1314 4297 1532 4350 gregem
1574 4289 1668 4336 aut
1699 4283 1848 4338 fures
1888 4300 1974 4338 ra-

382 4368 556 4439 piant,
597 4375 692 4421 aut
716 4366 847 4421 fera:
879 4367 1163 4434 devorent,
1206 4379 1301 4424 aut
1347 4371 1526 4424 morbi
1560 4373 1974 4444 qualescunque

382 4460 598 4514 laedant.
622 4458 777 4526 Quod
798 4459 844 4513 si
870 4460 946 4513 illi
964 4461 1056 4530 qui
1079 4461 1353 4530 pecudum
1373 4477 1562 4516 curam
1586 4473 1971 4533 susceperunt,

2064 3317 2430 3388 τολμηθέντα.

2143 3409 2315 3463 Τοῦτο
2340 3411 2396 3464 δὲ
2421 3411 2516 3464 καὶ
2541 3411 2619 3481 τῷ
2643 3411 2859 3464 εὐσεϐεῖ
2887 3413 2982 3466 καὶ
3008 3411 3336 3484 φιλοχρίστῳ
3369 3414 3400 3480 ἡ
3410 3412 3524 3483 μῶν
3555 3412 3654 3482 βα-

2074 3503 2212 3554 σιλεῖ
2237 3502 2636 3573 ἐγνωρίσαμεν,
2665 3504 2760 3556 καὶ
2786 3505 2899 3566 τοῖς
2931 3503 3534 3575 μεγαλοπρεπεστάτοις
3555 3505 3654 3556 καὶ

2073 3593 2437 3658 ἐνδοξοτάτοις
2464 3595 2714 3666 ἄρχουσι.

2072 3728 2262 3796 ΡΝςῗν.
2289 3759 2360 3768 —
2393 3729 2721 3795 Ἐπιστολὴ
2746 3728 2863 3783 τῶν
2884 3729 3084 3786 αὐτῶν
3103 3731 3254 3800 πρὸς
3274 3732 3382 3786 τὸν
3399 3731 3470 3786 ἐν
3492 3735 3656 3786 Κων-

2145 3801 2650 3854 σταντινουπόλει
2685 3801 2840 3853 λαόν
2867 3801 3001 3871 (95).

2145 3910 2235 3980 Τῷ
2272 3910 2668 3988 εὐλαϐεστάτιρ,
2710 3913 2803 3966 καὶ¹
2843 3915 3176 3984 πιστοτάτῳ,
3208 3915 3303 3968 καὶ
3325 3915 3657 3988 φιλοχρίστῳ

2073 4002 2188 4073 λαῷ
2217 4003 2316 4073 τῆς
2351 4003 2409 4056 ὲν
2434 3982 3006 4060 Κωνσταντινουπόλει
3041 4007 3200 4076 ἁγίας
3232 4007 3326 4061 τοῦ
3359 4008 3494 4062 Θεοῦ
3520 4009 3658 4061 -Έκ-

2074 4092 2303 4163 κλησίας
2338 4094 2370 4162 ή
2404 4093 2642 4156 σύνοδος.

2144 4181 2321 4252 Νόμος
2346 4179 2497 4236 ἐστὶν
2516 4183 2760 4254 ἄγραφος
2786 4187 2899 4246 τοῖς
2922 4185 3143 4256 ποιμέσι
3166 4187 3365 4259 πολλὴν
3383 4187 3493 4242 τῶν
3522 4206 3658 4260 προ-

2075 4273 2256 4326 ϐάτων
2279 4272 2548 4326 ποιεῖσθαι
2570 4275 2916 4344 κηδεμονίαν,
2947 4276 3034 4328 ἶνα
3059 4279 3193 4348 μήτε
3216 4278 3459 4350 κλέπτης
3483 4281 3656 4333 ταῦτα

2074 4363 2331 4435 λῃστεύῃ,
2369 4365 2506 4433 μήτε
2537 4363 2699 4436 θηρία
2733 4365 3016 4439 κατεσθίῃ,
3051 4367 3184 4439 μήτε
3211 4369 3365 4431 νόσος
3393 4369 3659 4440 λυμαίνη-

2073 4473 2181 4508 ται.
2217 4456 2278 4508 Εί
2311 4455 2368 4509 δὲ
2416 4457 2466 4509 οἱ
2498 4453 2606 4510 τῶν
2635 4457 2844 4524 ἀλόγων
2877 4459 3164 4528 προϐάτων
3193 4461 3292 4532 τὴν
3330 4462 3658 4532 κηδεμονίαν

384 4560 588 4604 tantam
616 4551 1038 4621 providentiam,
1066 4560 1382 4622 tantamque
1403 4554 1833 4609 sollicitudinem
1860 4555 1963 4610 illis

2079 4547 2510 4617 πεπιστευμένοι
2565 4549 2835 4618 τοσαύτην
2886 4549 3063 4602 αὐτῶν
3107 4551 3385 4604 ποιοῦνται
3440 4553 3660 4623 προμή-

383 4635 746 4715 impendunt,
785 4653 844 4696 ut
893 4643 1085 4698 beatus
1130 4644 1299 4699 Jacob
1352 4645 1421 4699 ad
1476 4645 1664 4700 Laban
1715 4647 1966 4702 clamet:

391 4751 410 4783 ι
438 4733 556 4786 Diei
580 4743 714 4785 :estu
754 4733 973 4797 urebar,
1008 4741 1066 4787 et
1088 4734 1266 4788 noctis
1286 4734 1430 4804 gelu,
1451 4734 1801 4805 fugiebatque
1829 4751 1974 4790 som-

383 4839 487 4876 nus
529 4823 597 4876 al)
633 4824 810 4878 oculis
857 4824 1016 4889 meis,
1053 4833 1273 4893 captum
1320 4841 1350 4878 a
1382 4826 1558 4880 bestia
1592 4827 1690 4880 tibi
1742 4844 1851 4882 non
1893 4835 1976 4881 at-

384 4915 484 4968 tuli
512 4915 588 4979 “;
611 4935 627 4963 ι
657 4925 917 4983 quantam
940 4915 1151 4969 ratione
1189 4915 1435 4986 praeditis
1462 4916 1762 4973 Salvatoris
1795 4918 1971 4973 nostri

383 5008 641 5077 gregibus
681 5023 872 5062 curam
921 5009 1241 5078 impendere
1294 5025 1396 5080 par
1441 5009 1583 5074 erit,
1641 5012 1736 5080 qui
1784 5028 1976 5083 greges

383 5099 588 5154 divinis
641 5101 1057 5156 characteribus
1105 5101 1351 5172 insigniti
1403 5111 1551 5166 sunt,
1593 5102 1648 5155 in
1689 5102 1971 5159 Christum

382 5191 606 5260 quidem
642 5192 923 5262 baptizati,
954 5201 1011 5246 et
1044 5194 1320 5247 Christum
1358 5193 1554 5258 induti,
1595 5203 1649 5250 et
1703 5195 1972 5250 Dominici

385 5283 570 5336 vultus
608 5283 816 5336 lumine
842 5282 1060 5352 signati.
1096 5283 1462 5349 Quamobrem
1494 5301 1562 5338 ne
1595 5286 1751 5340 vanis
1788 5302 1976 5340 rumo-

388 5365 543 5422 ribus
583 5369 800 5423 seducti
833 5383 1069 5423 mmrore
1110 5371 1422 5435 tabescatis,
1465 5373 1818 5428 turbarumve
1870 5373 1974 5428 ﬂu-

462 5523 504 5554 "
538 5522 642 5577 Isa.
676 5538 782 5585 ιιι,
808 5524 862 5577 5.
930 5524 974 5555 ⁸⁰
1005 5523 1140 5578 Gen.
1174 5542 1319 5591 xxxi,
1349 5525 1532 5597 59,μο

607 5679 895 5756 -ξΑναφορὰ
926 5682 1094 5756 Mans.
1123 5682 1176 5756 in
1197 5685 1440 5756 margine
1464 5687 1502 5740 l.
1541 5704 1613 5750 c.,
1640 5703 1692 5756 p.
1719 5691 1874 5748 1273.

2074 4637 2248 4702 θειαν,
2272 4638 2344 4701 ὡς
2375 4637 2502 4708 βοᾷν
2527 4639 2618 4691 τὸν
2649 4639 2918 4708 μακάριον
2952 4640 3146 4694 Ἰακὼϐ
3171 4643 3308 4713 πρὸς
3335 4644 3426 4698 τὸν
3449 4645 3656 4699 Λάϐανο

2081 4747 2099 4780 ‹
2135 4730 2321 4799 Ἥμην
2357 4729 2753 4798 συγκαιόμενος
2787 4730 2865 4800 τῷ
2894 4731 3134 4803 καύματι
3160 4735 3261 4804 τῆς
3297 4737 3530 4806 ἡμέρας,
3565 4738 3663 4791 καὶ

2083 4822 2308 4891 παγετῷ
2341 4824 2441 4893 τῆς
2477 4823 2692 4890 νυκτὸς,
2722 4826 2817 4877 καὶ
2849 4826 3112 4893 ἀφίστατο
3145 4829 3173 4881 ό
3201 4827 3368 4892 ὕπνος
3409 4831 3517 4884 ἀπὸ
3550 4831 3662 4883 τῶν

2075 4914 2370 4985 ὀφθαλμῶν
2412 4932 2536 4984 μου,
2566 4916 2659 4968 καὶ
2698 4915 3034 4986 θηριάλωτον
3085 4919 3186 4974 οὐκ
3209 4921 3443 4992 ἐνήνοχά
3491 4939 3593 4975 σοι’
3635 4942 3656 4974 ι

2076 5008 2208 5077 ὅσην
2231 5006 2335 5077 χρὴ
2358 5008 2690 5078 ποιήσασθαι
2721 5009 2976 5079 πρόνοιαν
3003 5011 3111 5064 τῶν
3149 5013 3384 5081 λογικῶν
3422 5015 3514 5068 τοῦ
3543 5015 3660 5067 Σω-

2075 5102 2239 5168 τῆρος
2271 5099 2426 5169 ήμῶν
2466 5099 2774 5170 προϐάτων,
2809 5101 2845 5156 ἃ
2871 5104 2997 5167 τοὺς
3027 5104 3205 5170 θείους
3227 5107 3533 5179 περίκειται
3563 5127 3663 5178 χα-

2078 5195 2376 5262 ρακτῆρας,
2413 5193 2776 5264 βαπτισθέντα
2805 5195 2903 5263 μὲν
2927 5197 3006 5259 είς
3030 5197 3285 5266 Χριστὸν,
3323 5198 3663 5270 ὲνδυσάμενα

2074 5283 2132 5335 δὲ
2168 5285 2421 5353 Χριστὸν,
2453 5288 2546 5339 καὶ
2569 5286 2946 5357 σημειωθέντα
2971 5287 3050 5360 τῷ
3072 5289 3210 5360 φωτὶ
3236 5290 3330 5344 τοῦ
3362 5292 3659 5362 προσώπου

2077 5376 2326 5444 κυρίους
2383 5378 2585 5434 Τούτου
2648 5379 2808 5450 χάριν
2872 5383 3168 5439 ἀναγκαῖον
3227 5388 3491 5465 ᾠήθημεν
3558 5373 3697 5454 τὰς’

464 5702 576 5748 ψῑι)
644 5702 895 5750 ηναφορα
926 5702 1094 5735 mans.
1123 5702 1176 5736 In
1197 5702 1314 5739 mar
1353 5702 1440 5738 me
1465 5702 1502 5740 Ι.
1541 5704 1613 5750 (ἓ...
1640 5703 1692 5756 p.
1719 5702 1874 5748 1⁸275.

460 5748 570 5821 (95)
607 5748 778 5804 liabet
817 5751 956 5806 hanc
984 5752 1269 5819 epistolam
1317 5702 1488 5809 glans.
1543 5759 1766 5813 Collect.
1812 5763 1847 5815 1.
1879 5778 1952 5828 c.,
1996 5778 2050 5832 p.
2080 5758 2214 5816 19.75
2245 5776 2358 5831 seq.
