4072 6424
336 364 476 432 1449

1682 357 2049 436 EPISTOLA
2086 368 2257 437 CLVI

3481 384 3619 452 1450

330 478 611 551 ὑμετέρας
667 478 754 532 διὰ
815 480 1158 551 γραμμάτων
1209 481 1654 553 προθεραπεῦσαι
1713 486 1891 558 ψυχάς

2032 488 2215 544 ctibus
2271 489 2644 561 exagitemini,
2703 506 2888 563 operae
2931 493 3171 564 pretium
3230 489 3486 555 duximus
3528 501 3617 558 his

332 568 426 622 ἵνα
453 567 530 639 μὴ
555 569 678 631 ταῖς
701 567 959 639 ματαίαις
978 571 1190 640 φήμαις
1211 570 1547 642 ὑπαχθέντες
1576 574 1923 648 ἀθυμήσητε,

329 657 431 712 καὶ
461 658 708 729 ταραχὴν
738 660 859 723 ταῖς
888 658 1150 723 διανοίαις
1182 660 1515 733 εἰσδέξησθε.

418 747 759 820 ’Δφικόμεθα
796 747 906 821 γὰρ
944 749 1024 812 είς
1052 748 1153 816 τὴν
1194 749 1459 818 Ἐφεσίων
1490 752 1668 818 πόλιν,
1699 754 1795 808 τοῦ
1826 772 1928 827 κη-

324 838 554 911 δεμόνος
581 839 690 893 τῶν
723 840 865 894 ὅλων
904 838 1041 893 Θεοῦ
1074 840 1183 893 τῶν
1214 840 1623 897 εὐσεϐεστάτων
1651 844 1747 899 καὶ
1776 844 1927 914 φιλο-

328 931 572 1002 χρίστων
605 928 875 1001 βασιλέων
909 930 1067 1000 ήμῶν
1095 929 1191 1000 τὴν
1216 929 1452 985 διάνοιαν
1481 924 1560 995 είς
1581 933 1739 987 τοῦτο
1766 935 1923 1006 κινή-

329 1032 550 1085 σαντος,
590 1022 687 1074 καὶ
730 1019 965 1093 εὕρομεν
1016 1021 1114 1091 τήν
1160 1036 1220 1072 τε
1262 1020 1418 1075 πόλιν
1460 1020 1692 1093 θορύϐου
1727 1025 1925 1089 παντὸς

328 1111 798 1184 πεπληρωμένην,
826 1112 922 1165 καὶ
950 1112 1051 1182 τὴν
1081 1111 1299 1165 ἅπασαν
1332 1111 1551 1167 σύνοδον
1593 1115 1654 1167 οὐ
1686 1115 1924 1188 μετρίως

322 1204 768 1277 ταραττομένην,
819 1205 915 1259 καὶ
962 1204 1217 1259 κλύδωνα
1275 1202 1560 1258 θαλάττιον
1610 1204 1711 1275 τὴν
1760 1207 1926 1275 ἀγίαν

335 1295 667 1366 Ἐκκλησίαν
709 1295 1076 1367 μιμουμένην,
1142 1294 1413 1365 Κυρίλλου
1462 1293 1558 1348 τοῦ
1606 1296 1737 1367 πρὶν
1775 1297 1925 1350 Ἀλε-

322 1386 611 1460 ξανδρείας
660 1388 988 1453 ἐπισκόπου,
1027 1387 1123 1440 καὶ
1154 1387 1436 1458 Μέμνονος
1484 1388 1580 1442 τοῦ
1621 1389 1908 1459 Ἐφεσίων,

321 1481 487 1553 δίκην
535 1480 867 1549 καταιγίδων
920 1479 1013 1534 τὸν
1061 1478 1296 1551 χαλεπὸν
1344 1478 1537 1533 τοῦτον
1586 1481 1921 1551 ἐγειράντων

320 1572 596 1644 χειμῶνα.
638 1570 924 1636 Δείσαντες
957 1572 1067 1644 γὰρ
1102 1574 1131 1625 ὁ
1163 1571 1263 1642 μὲν
1288 1571 1609 1641 Αἰγύπτιος,
1632 1574 1721 1629 ἵνα
1747 1574 1914 1646 μὴτά

320 1664 603 1734 κεφάλαια
657 1662 758 1734 τῆς
805 1661 1091 1734 αἱρετικῆς
1133 1661 1301 1717 αὑτοῦ
1349 1661 1688 1729 κακοδοξίας,
1734 1666 1803 1718 τά
1848 1668 1917 1737 τῇ

332 1753 714 1823 Ἀπολιναρίου
754 1752 1045 1824 δυσσεϐείᾳ
1085 1752 1473 1823 συμϐαίνοντα,
1497 1755 1913 1825 ἐρευνήσαντες,

2028 580 2236 635 nostris
2273 579 2474 637 litteris
2519 582 2731 638 animas
2780 594 2991 640 vestras
3039 587 3395 656 praemunire.

2094 752 2207 833 Nos
2243 755 2414 819 enim,
2439 755 2829 813 universorum
2856 768 3112 817 curatore
3141 762 3255 817 Deo
3283 772 3500 821 mentes
3532 781 3620 821 re-

2022 840 2502 912 ligiosissimorhm
2531 844 2849 917 Christique
2888 851 3190 905 amantium
3222 852 3617 924 imperatorum

2026 942 2347 989 nostrorum
2380 934 2449 990 ad
2481 936 2587 991 hoc
2614 936 2929 1009 instigante,
2961 936 3240 1011 Ephesum
3265 941 3612 1011 advenimus,

2025 1039 2089 1077 ac
2137 1027 2157 1044 '
2195 1024 2475 1080 civitatem
2503 1026 2727 1096 quidem
2759 1029 2909 1082 omni
2937 1032 3381 1090 tumultuationis
3412 1051 3617 1106 genere

2022 1112 2265 1183 plenam,
2301 1115 2618 1171 universam
2652 1132 2784 1172 vero
2817 1119 3087 1189 synodum
3120 1138 3229 1177 non
3260 1124 3614 1181 mediocriter

2024 1210 2204 1265 turbis
2220 1211 2502 1283 agitatam,
2524 1214 2772 1268 sanctam
2791 1226 2974 1270 autem
2998 1208 3318 1285 Ecclesiam,
3334 1222 3483 1276 velut
3498 1238 3615 1278 ma-

2024 1313 2086 1354 re
2115 1316 2256 1356 szeva
2278 1301 2514 1371 quadam
2539 1310 2863 1375 tempestate
2878 1301 3138 1376 iactatam
3156 1308 3485 1378 reperimus,
3512 1310 3615 1383 Cy-

2025 1391 2151 1445 rillo
2173 1393 2385 1463 1322
2409 1393 2757 1450 Alexandriae
2774 1398 2936 1451 antea
2952 1396 3233 1468 episcOpo,
3252 1403 3310 1453 et
3326 1399 3613 1456 Memnone

2023 1482 2324 1553 Ephesino,
2361 1484 2536 1540 instar
2556 1487 2813 1556 procellae
2838 1495 3038 1543 tetram
3063 1489 3205 1544 hanc
3228 1498 3609 1561 tempestatem

2023 1574 2450 1630 concitantibus.
2479 1574 2657 1632 Ambo
2701 1577 2848 1632 enim
2896 1587 3212 1636 metuentes
3264 1599 3277 1635 :
3320 1582 3612 1655 Egyptius

2022 1661 2270 1733 quidem,
2292 1679 2363 1718 ne
2385 1666 2442 1719 in
2464 1665 2736 1721 hmretica?
2760 1666 3027 1722 doctrinae
3054 1668 3225 1738 ipsius
3254 1672 3458 1741 capita,
3483 1689 3611 1728 cum

2020 1751 2348 1822 Apollinarii
2372 1754 2655 1825 impietate
2706 1758 3126 1825 convenientia,
3171 1761 3606 1832 inquireremus,

316 1848 596 1919 αἱρετικὸν
630 1847 792 1901 αὐτὸν
821 1848 1260 1919 κατακρίνωμεν
1286 1849 1315 1901 ό
1340 1847 1399 1900 δὲ
1425 1848 1526 1918 τῆς
1551 1847 1718 1918 ἄλλης
1743 1845 1905 1900 αὐτοῦ

2014 1844 2304 1916 ipsumque
2358 1848 2635 1904 haereseos
2665 1850 3192 1921 condemnaremus;
3253 1856 3422 1913 alter'
3450 1872 3606 1922 vero,

318 1939 602 2011 ῥᾳθυμίας
630 1941 700 2013 τὰ
728 1939 871 1993 κατά
907 1939 1007 2012 τήν
1035 1939 1192 1993 πόλιν
1227 1938 1618 2011 θρυλλούμενα·
1661 1956 1908 2011 συμφρο-

316 2030 607 2101 νήσαντες,
639 2031 734 2085 καὶ
770 2030 901 2102 μίαν
930 2031 1258 2102 τυραννικήν
1305 2029 1718 2103 ἀναδειξάμενοι
1763 2030 1906 2099 γνὼ-

318 2138 455 2192 μηνο
480 2123 575 2176 καὶ
609 2124 637 2176 ὁ
670 2122 771 2194 μὲν
805 2125 1146 2194 πεντήκοντα
1184 2121 1520 2190 Αἰγυπτίους
1548 2121 1907 2188 ἐπισκόπους,

313 2216 346 2267 ὁ
368 2213 428 2267 δὲ
462 2214 744 2277 Ἀσιανοὺς
783 2213 997 2278 πλείους
1025 2212 1058 2285 ἢ
1088 2215 1383 2285 τριάκοντα
1427 2213 1778 2284 συναγαγὼν,
1810 2215 1908 2269 καὶ

313 2303 512 2368 ἄλλους
539 2305 712 2371 τινας,
743 2305 870 2369 τοὺς
903 2305 1001 2375 μὲν
1026 2305 1233 2378 ἀπάτῃ,
1263 2305 1391 2368 τοὺς
1438 2305 1498 2357 δέ
1548 2303 1701 2376 φόϐῳ
1733 2318 1909 2376 προσ-

311 2392 632 2468 λαϐόμενοι,
659 2398 759 2451 οὐκ
793 2396 1176 2469 ἠϐουλήθησαν
1193 2397 1296 2467 μὲν
1324 2396 1616 2468 ἀναμεῖναι
1638 2397 1699 2451 τὺ
1731 2398 1909 2451 κοινὸν

309 2489 429 2544 τῶν
449 2490 786 2563 πανταχόθεν
807 2489 1219 2561 ἀφικνουμένων
1236 2490 1559 2559 ἁγιωτάτων
1585 2490 1904 2545 ἐπισκόπων

313 2584 626 2655 συνέδριον,
663 2583 1181 2655 καταφρονήσαντες
1208 2582 1267 2636 δὲ
1296 2580 1404 2636 τῶν
1434 2581 1907 2653 ἐκκλησιαστικῶν

313 2675 559 2747 θεσμῶν,
592 2675 691 2730 καὶ
724 2676 900 2729 πάντα
928 2674 1145 2738 ἀτόπως
1177 2674 1272 2728 καὶ
1296 2673 1633 2744 παρανόμως
1671 2672 1906 2744 διαπρα-

310 2769 568 2837 ξάμενοι,
616 2767 691 2831 ὡς
742 2768 805 2834 ἐξ
854 2766 1208 2838 ἀκροπόλεως
1260 2765 1358 2837 μὲν
1398 2764 1678 2821 δυσσεϐεῖν
1731 2766 1905 2820 ἅπασι

310 2858 811 2931 παρακελεύονται,
866 2858 1069 2923 ναύτας
1116 2858 1176 2912 δὲ
1236 2858 1332 2911 καὶ
1383 2856 1680 2927 κληρικοὺς
1740 2857 1907 2926 Δίγυ-

309 2953 529 3017 πτίους,
563 2952 984 3023 καὶάγροίκους
1017 2951 1299 3014 Ἀσιανοὺς
1322 2951 1403 3015 είς
1436 2951 1533 3014 τάς
1555 2950 1664 3003 τῶν
1693 2950 1907 3002 ἐπισκόο

310 3054 438 3098 πων
482 3044 663 3108 οἰκίας
701 3043 1149 3107 ἀποστέλλοντες,
1185 3042 1281 3095 καὶ
1327 3041 1397 3096 τὰ
1445 3043 1719 3112 ἀνήκεστα
1749 3042 1910 3094 ἀπει-

306 3136 557 3202 λοῦντες,
598 3137 693 3191 καὶ
720 3136 885 3206 φόϐον
923 3135 1037 3200 τοῖς
1073 3134 1426 3206 σαθροτέροις
1468 3132 1901 3206 ἐπικρεμῶντες,

2010 1946 2240 2008 propter
2264 1939 2371 1994 alia
2396 1942 2608 2011 ignavae
2638 1958 2752 1998 suae
2775 1942 3293 2014 administrationis,
3331 1964 3456 2021 quae
3492 1958 3608 2006 tota

2011 2030 2235 2087 civitate
2264 2048 2454 2088 rumor
2489 2034 2831 2105 iactaverat:
2866 2035 3014 2091 inter
3043 2053 3105 2093 se
3127 2040 3527 2110 conspirantes,
3552 2052 3609 2098 et

2011 2137 2179 2177 unam
2200 2124 2545 2196 tyrannicam
2573 2133 2816 2181 mentem
2842 2141 2957 2196 pra:
2991 2141 3051 2182 se
3100 2127 3345 2185 ferentes
3378 2146 3393 2184 :
3428 2139 3486 2185 et
3514 2131 3607 2187 ille

2011 2217 2235 2287 quidem
2252 2218 2652 2288 quinquaginta
2672 2219 2964 2289 episcopos
2983 2220 3286 2292 Egyptios,
3314 2224 3453 2281 alter
3470 2232 3606 2283 νει-ο

2011 2304 2138 2374 plus
2170 2318 2334 2375 quam
2365 2306 2593 2377 triginta
2626 2305 2900 2362 Asiaticos
2949 2316 3006 2362 et
3049 2309 3264 2379 aliquos
3297 2312 3454 2377 alios,
3506 2313 3609 2369 hos

2010 2395 2235 2464 Quidem
2260 2404 2382 2452 astu
2404 2397 2832 2462 circumventos,
2856 2397 2981 2452 illos
3002 2412 3134 2455 vero
3154 2410 3305 2456 metu
3331 2403 3604 2469 inductos,

2010 2497 2435 2557 congregantes;
2466 2489 2766 2543 noluerunt
2790 2488 3016 2558 quidem
3046 2505 3339 2549 commune
3371 2496 3607 2553 sanctis-

2010 2578 2276 2633 simorum
2324 2580 2710 2650 episcoporum
2762 2582 3130 2655 undecunque
3181 2583 3601 2645 adventantium

2010 2678 2332 2739 exspectare
2358 2671 2653 2725 concilium
2676 2673 3042 2743 :contemptis
3062 2682 3246 2730 autem
3269 2677 3603 2734 ecclesiasti-

2009 2758 2089 2813 cis
2116 2759 2355 2830 legibus,
2375 2760 2670 2830 omniaque
2694 2760 2936 2816 absurde
2961 2770 3019 2817 et
3039 2763 3306 2819 scelerate
3323 2775 3602 2836 gerentes,

2009 2856 2270 2920 tanquam
2299 2865 2369 2905 ex
2395 2865 2521 2906 arce
2550 2866 2745 2907 omnes
2765 2852 2833 2907 ad
2863 2852 3202 2922 impietatem
3231 2855 3602 2913 adhortaban—

2009 2947 2102 2995 tur
2125 2959 2137 2994 :
2157 2949 2353 2997 nautas
2372 2957 2527 3008 vero,
2554 2930 2897 3014 clericosque
2931 2945 3233 3018 )Egyptios,
3271 2959 3327 3003 et
3356 2960 3599 3021 agrestes

2010 3032 2246 3088 Asianos
2291 3032 2361 3088 ad
2390 3035 2782 3104 episcoporum
2826 3034 3021 3091 domos
3072 3038 3376 3106 mittentes,
3417 3049 3600 3099 extre-

2012 3141 2213 3196 maque
2283 3125 2744 3192 interminantes,
2802 3142 2867 3181 ac
2920 3127 3256 3187 infirmiores
3304 3141 3598 3203 perterre-

308 3228 412 3283 καὶ
446 3186 557 3293 τάξ
580 3186 763 3292 οἰκίας
795 3225 995 3293 ἔξωθεν
1016 3186 1447 3299 ἐπιγράφοντες,
1477 3225 1553 3288 ὡς
1594 3186 1904 3295 ἐπίσήμους

2009 3219 2307 3285 facientes,
2360 3226 2417 3274 et
2461 3219 2656 3275 domos
2692 3219 3003 3277 forinsecus
3045 3223 3442 3293 inscribentes,
3484 3245 3596 3299 quo

306 3318 456 3378 εἶναι
514 3322 642 3384 τοὺς
699 3319 1131 3393 πολιορκηθῆναι
1191 3318 1528 3386 ὀφείλοντας,
1589 3315 1901 3386 ἠνάγκαζον

309 3413 662 3469 συντίθεσθαι
719 3415 834 3477 τοῖς
875 3410 970 3466 ὑπ’
1001 3409 1182 3464 αὐτῶν
1222 3407 1557 3480 παρανόμως
1590 3406 1899 3478 γεγενημέ-

304 3523 446 3573 νοις.

384 3597 573 3653 Ταῦτα
611 3596 1031 3660 καταλαϐόντες,
1081 3595 1178 3649 καὶ
1226 3593 1394 3666 πείρᾳ
1424 3593 1523 3664 τὴν
1565 3591 1900 3665 τυραννικὴν

304 3684 496 3745 αὐτῶν
546 3689 775 3757 ἀταξίαν
839 3686 1252 3760 μεμαθηκότες,
1299 3686 1500 3740 ἄτοπον
1545 3685 1897 3757 ἡγησάμεθα,

297 3778 440 3841 τοὺς
475 3780 555 3843 εἰς
579 3777 833 3832 τοσοῦτον
861 3776 1063 3840 κακίας
1092 3774 1448 3849 ἐληλακότας,
1468 3777 1526 3830 ἐν
1554 3778 1621 3847 τῇ
1654 3774 1776 3847 θεία
1804 3776 1900 3830 καὶ

309 3868 530 3941 μεγάλῃ
574 3867 843 3941 ἱερωσύνῃ
876 3867 1223 3923 καταλιπεῖν.

382 4045 479 4100 Διὸ
528 4045 759 4109 τούτους
792 4046 914 4118 μὲν,
952 4047 1029 4109 ὡς
1057 4045 1167 4100 τῶν
1197 4045 1384 4099 κακῶν
1426 4043 1722 4116 ἡγεμόνας,
1763 4046 1898 4099 καθ-

298 4136 455 4191 ελεῖν
484 4137 939 4209 ἠναγκάσθημεν,
971 4137 1067 4191 καὶ
1108 4137 1212 4207 τῆς
1240 4138 1551 4208 ἐπισκοπῆς
1581 4137 1897 4209 ἀλλοτρίους

299 4229 736 4299 πεποιήκαμεν’
803 4229 929 4293 τοὺς
986 4226 1044 4282 δὲ
1083 4228 1295 4293 τούτοις
1343 4230 1783 4301 συνεργήσαντας
1816 4227 1896 4300 τῷ

295 4320 410 4393 τῆς
457 4322 854 4392 ἀκοινωνησίας
889 4320 1235 4392 ὑπεϐάλομεν
1287 4319 1491 4391 δεσμῷ,
1526 4321 1626 4373 ούκ
1683 4322 1896 4389 ἀπαγο-

298 4412 561 4487 ρεύοντες
589 4413 690 4485 τήν
715 4413 1025 4485 μετάνοιαν,
1054 4411 1193 4466 ἀλλά
1224 4414 1324 4484 τὴν
1348 4412 1450 4483 τῆς
1480 4411 1894 4482 φιλανθρωπίας

2006 3307 2271 3362 nimirum
2316 3307 2668 3378 oppugnandi
2705 3309 2992 3378 conspicui
3025 3322 3229 3381 essent,
3278 3315 3484 3387 iniquis
3515 3319 3600 3390 ip-

2004 3415 2191 3455 sorum
2236 3399 2377 3454 actis
2412 3398 2672 3455 assentiri
2706 3400 3128 3470 compellebant.

2076 3575 2203 3636 Haec
2244 3587 2429 3636 autem
2471 3593 2597 3637 cum
2649 3576 3255 3650 anima‘dvertissem‘us,
3301 3582 3593 3657 experien-

2005 3671 2188 3742 tiaque
2206 3673 2550 3745 tyrannidem
2569 3674 2787 3729 illorum
2805 3677 3283 3746 comperissemus,
3303 3678 3591 3751 indignum

1995 3762 2385 3834 indicavimus,
2431 3765 2476 3819 si
2511 3780 2608 3820 eos
2650 3766 2745 3836 qui
2782 3766 2840 3822 in
2888 3775 3100 3824 tantum
3138 3773 3414 3842 progressi
3462 3786 3593 3829 sunt

2003 3855 2395 3926 improbitatis,
2449 3857 2507 3912 in
2541 3857 2729 3914 divina
2773 3868 2831 3915 et
2870 3874 3067 3933 magna
3108 3863 3439 3919 sacerdotali
3468 3864 3593 3920 fun-

2002 3945 2185 4000 ctione
2218 3946 2678 4016 relinqueremus.

2071 4035 2252 4103 Quare
2300 4037 2403 4092 hos
2448 4038 2671 4108 quidem
2720 4042 2981 4110 tanquam
3033 4042 3303 4097 malorum
3337 4052 3592 4099 auctores

2001 4127 2275 4197 deponere
2320 4129 2498 4183 coacti
2542 4129 2771 4195 fuimus,
2802 4138 2859 4185 et
2894 4131 2964 4186 ab
3012 4132 3333 4202 episcopatu
3364 4135 3590 4189 omnino

1999 4217 2333 4283 amovimus;
2374 4210 2585 4289 1323
2608 4226 2835 4273 caeteros
2868 4226 3050 4274 autem
3077 4221 3173 4290 qui
3210 4222 3408 4276 horum
3436 4222 3594 4294 adiu-

1998 4314 2146 4365 tores
2163 4319 2221 4366 et
2242 4310 2554 4365 administri
2585 4310 2829 4377 fuerunt,
2852 4316 3436 4372 excommunicationis
3461 4319 3590 4373 vin-

1997 4401 2124 4456 culo
2140 4401 2497 4471 subiecimus,
2515 4403 2897 4472 paenitentiam
2915 4420 3026 4460 non
3051 4405 3387 4478 denegantes
3408 4426 3422 4475 ;
3450 4410 3589 4479 quin

297 4506 491 4570 αὐτοῖς
522 4505 915 4570 ύπανοίξαντες
941 4503 1135 4575 θύραν.
1159 4504 1262 4556 Ἢν
1290 4503 1400 4573 γὰρ
1423 4499 1754 4573 ἐθελήσωσιν
1779 4501 1890 4572 (94)

2008 4491 2184 4562 potius
2206 4491 2514 4547 clementiae
2530 4495 2732 4548 ostium
2762 4494 3118 4565 subapertum
3141 4497 3222 4552 eis
3237 4497 3587 4570 reliquimus.

291 4592 383 4661 ὡς
414 4597 646 4669 τάχιστα
668 4596 1065 4668 ἀναθεματίσαι
1102 4592 1200 4665 μὲν
1225 4594 1294 4647 τὰ
1323 4592 1430 4647 ὑπὸ
1449 4592 1722 4664 Κυρίλλου
1752 4594 1890 4647 ἀπο-

297 4683 572 4737 σταλέντα
595 4684 888 4754 κεφάλαια,
916 4683 986 4737 τά
1019 4682 1119 4753 τῆς
1148 4681 1515 4752 ἀποστολικῆς
1537 4682 1632 4736 καὶ
1660 4682 1891 4752 εὐαγγε-

291 4768 464 4843 λικῆς
497 4772 847 4837 διδασκαλίας
884 4773 998 4845 (95)
1037 4773 1315 4845 ἀλλότρια,
1357 4773 1437 4835 εις
1463 4772 1520 4826 δέ
1562 4771 1662 4844 τὴν
1702 4773 1890 4827 πίστιν

291 4859 413 4918 τῶν
451 4865 623 4931 ἀγίων
663 4865 925 4937 Πατέρων
966 4865 1301 4930 ἐπανελθεῖν,
1330 4866 1438 4919 τῶν
1464 4866 1523 4919 ἐν
1544 4865 1760 4939 ⁸Νικαίςι
1792 4864 1892 4935 τῆς

298 4952 558 5020 Βιθυνίας
595 4956 982 5021 συνελθόντων,
1013 4956 1107 5008 καὶ
1140 4957 1281 5010 κατά
1309 4957 1369 5010 τὸ
1397 4957 1633 5029 γράμμα
1662 4957 1772 5011 τῶν
1797 4957 1890 5010 εὑ-

295 5047 649 5102 σεϐεστάτων
681 5048 777 5101 καὶ
806 5045 1167 5119 φιλοχρίστων
1189 5047 1346 5117 ήμῶν
1371 5047 1660 5116 βασιλέων,
1684 5049 1888 5120 ἀθορύ-

293 5135 417 5199 ϐως
448 5139 544 5191 καὶ
578 5136 824 5209 ἀκριϐῶς
859 5136 929 5190 τά
967 5153 1026 5189 τε
1059 5136 1398 5207 προκείμενα
1426 5138 1751 5207 συζητῆσαι,
1793 5140 1888 5192 καὶ

292 5228 363 5281 τὸ
409 5229 630 5292 εὐσεϐὲς
671 5226 850 5299 δόγμα
899 5226 1167 5301 κυρῶσαι,
1216 5227 1535 5297 παραυτίκα
1576 5228 1774 5291 αὐτοὺς
1810 5229 1887 5292 ὼς

295 5321 479 5374 οίκετα
517 5320 651 5392 μέλη
682 5319 969 5391 δεξόμεθα,
1023 5320 1120 5373 καὶ
1159 5320 1285 5383 τοὺς
1341 5320 1647 5389 ίερατικοὺς
1701 5321 1886 5383 αὐτοῖς

300 5411 660 5484 ἀποδώσομεν
689 5410 935 5482 θρόνους.

375 5566 488 5643 (94)
519 5569 774 5624 ἐθέλωσιν
805 5576 983 5625 textus
1013 5568 1159 5640 vulg.
1199 5567 1345 5639 apud
1394 5566 1565 5623 Mans.
1591 5568 1646 5625 et
1677 5558 1847 5624 Garri.-

654 5901 923 5969 ΡΑτιιοι.
953 5906 1075 5972 Gn.
1107 5906 1447 5968 LXXXIII.

1993 4585 2132 4640 Nam
2180 4586 2225 4641 si
2269 4587 2450 4657 capita
2487 4602 2517 4641 a
2543 4585 2747 4658 Cyrillo
2786 4587 3006 4653 emissa,
3035 4599 3158 4659 qua!
3190 4588 3260 4644 ab
3286 4592 3586 4660 apostolica

1994 4685 2053 4731 ct
2099 4679 2414 4750 evangelica
2455 4679 2706 4735 doctrina
2752 4680 2931 4735 aliena
2973 4688 3122 4743 sunt,
3167 4683 3584 4753 ‘quamprimum

1997 4770 2463 4827 anathematizare
2490 4771 2788 4835 voluerint,
2824 4778 2880 4825 et
2904 4771 2972 4826 ad
2996 4780 3309 4829 sanctorum
3335 4776 3582 4843 Patrum,

1997 4860 2093 4931 qui
2131 4861 2184 4916 in
2223 4860 2401 4917 Nicaea
2453 4862 2722 4934 Bithyniae
2755 4872 3155 4928 convenerunt,
3188 4863 3350 4920 ﬁdem
3379 4867 3583 4936 redire,

1996 4960 2055 5006 et
2091 4952 2244 5023 iuxta
2276 4954 2753 5023 pientissimorum
2777 4956 2885 5009 'ac
2917 4954 3124 5010 Christi
3152 4958 3453 5014 amantium
3478 4961 3586 5015 im-

1998 5051 2314 5111 peratorum
2381 5053 2697 5100 nostrorum
2761 5045 2992 5111 litteras,
3036 5055 3092 5101 et
3133 5060 3255 5117 quae
3306 5051 3585 5120 proposita

1992 5142 2142 5197 sunt,
2175 5134 2293 5188 sine
2326 5136 2565 5191 tumultu
2599 5146 2661 5189 ac
2690 5146 2880 5191 exacte
2914 5138 3205 5193 nobiscum
3250 5139 3579 5210 disquirere,

1988 5224 2254 5294 piumque
2307 5224 2506 5297 dogma
2555 5227 2919 5296 confirmare;
2959 5246 3085 5285 mox
3112 5231 3236 5286 illos
3262 5231 3431 5285 veluti
3456 5242 3584 5300 pro-

1988 5316 2111 5386 pria
2162 5318 2413 5372 membra
2456 5318 2843 5391 suscipiemus,
2895 5322 3166 5394 sedesque
3210 5321 3581 5378 sacerdotales

1990 5410 2126 5480 ipsis
2163 5411 2542 5468 restituemus.

2067 5566 2179 5640 (95)
2200 5569 2496 5642 ἐκκλησίας
2526 5568 2698 5627 Mans.
2742 5570 2797 5625 in
2838 5572 3100 5639 margine.

3215 5898 3285 5960 46
