4072 6428
468 371 598 435 H51

1453 358 1943 423 THEODORETI
1980 356 2321 418 EPISCOPI
2351 359 2713 421 CYRENSIS

3597 356 3736 421 1452

458 481 662 541 CLVII.
689 510 760 520 —
783 477 990 533 Rcaatio
1015 473 1300 532 Orientalis
1316 470 1648 541 conciliabuli
1671 470 1741 524 ad
1762 472 2048 541 imperato-

2166 467 2319 541 PNZ'.
2344 499 2414 508 —-
2447 470 2743 538 Ἀναςρορὰ
2766 469 2875 541 τῆς
2896 469 3265 541 Ανατολικῆς
3290 468 3559 541 συνόδου
3583 474 3735 541 διερὸς

530 568 644 607 rem
674 550 903 605 uictoriis
931 547 1160 609 clarum,
1198 560 1411 597 rursum
1440 540 1743 613 signiﬁcans
1768 538 2049 609 depositio-

534 638 655 676 nem
685 617 872 691 Cyrilli
896 626 945 672 et
963 616 1274 671 Memnonis.

535 801 717 855 Pietas
760 805 961 860 vestra,
995 811 1117 865 quas
1162 792 1564 849 benefaciendo
1589 790 1714 846 orbi
1758 798 1815 845 et
1856 791 2050 845 Eccle-

466 890 565 947 siis
591 889 686 945 Dei
722 886 998 951 clarescit,
1021 884 1188 956 jussit
1211 899 1314 939 nos
1347 883 1403 937 in
1428 881 1801 953 Ephesiorum
1825 881 2054 937 civitate

467 979 812 1052 congregari,
868 987 927 1034 ut
967 976 1093 1032 inde
1116 977 1335 1031 lucrum
1376 983 1433 1028 et
1453 990 1561 1043 pax
1580 973 1839 1028 Ecclesia!
1862 968 2051 1027 conci-

467 1073 721 1139 liaretur,
758 1086 870 1127 non
903 1078 966 1125 ut
990 1069 1177 1124 omnia
1201 1068 1528 1123 confusione
1554 1076 1611 1123 et
1637 1064 2055 1137 perturbatione

466 1162 901 1234 complerentur.
955 1158 1062 1214 Sed
1093 1166 1150 1214 et
1180 1157 1297 1228 ipsa
1324 1166 1522 1212 vestra:
1547 1153 1851 1226 majestatis
1874 1152 2057 1208 edicta

466 1262 657 1325 aperte
710 1268 775 1307 ac
822 1251 1028 1307 diserte
1074 1250 1220 1321 piam
1265 1257 1507 1305 vestram
1552 1254 1608 1301 et
1641 1244 1926 1316 paciﬁcam
1955 1259 2057 1316 pro

465 1345 733 1401 Ecclesiis
755 1343 849 1399 Dei
884 1342 1133 1397 indicant
1154 1349 1419 1395 mentem.

540 1539 710 1609 Atqui
755 1537 993 1609 Cyrillus
1039 1533 1477 1597 Alexandrinus,
1519 1533 1587 1587 ad
1621 1532 1922 1603 perniciem
1953 1532 2061 1587 Ec—

467 1631 781 1695 clesiarum,
820 1637 880 1684 ut
912 1628 1155 1692 videtur,
1188 1634 1245 1681 et
1269 1636 1433 1680 natus
1454 1635 1511 1679 et
1534 1625 1824 1690 educatus,
1848 1638 2063 1679 assum-

468 1733 561 1794 pta
608 1720 991 1791 cooperatrice
1038 1718 1347 1774 Memnonis
1389 1717 1618 1788 Ephesii
1647 1716 1897 1781 audacia,
1946 1715 2060 1786 pri-

2221 538 2327 591 τὸν
2357 540 2715 593 καλλίνικον
2751 540 3041 605 βασιλέα,
3076 540 3355 607 δηλοῦσα
3402 539 3500 593 καὶ
3556 538 3734 607 αὖθις

2146 610 2149 613 ’
2221 608 2337 684 τὴν
2392 609 2802 684 γεγενημένην
2858 612 3208 684 καθαίρεσιν
3259 610 3562 678 Κυρίλλου
3630 612 3735 666 καί

2222 678 2534 745 Μέμνονος
2568 678 2700 749 (96).

2236 794 2298 847 Ἦ
2326 794 2708 866 διαλάμπουσα
2740 795 2891 865 ὑμῶν
2917 795 3170 849 εὐσέϐεια
3196 797 3282 848 ἐπ’
3317 796 3607 868 εὐεργεσίᾳ
3634 800 3736 869 τῆς

2153 887 2479 958 οἰκουμένης
2511 888 2605 941 καὶ
2631 888 2738 940 τῶν
2772 887 2866 941 τοῦ
2906 877 3043 941 Θεοῦ
3084 887 3421 959 Ἐκκλησιῶν
3448 890 3736 942 ἐκέλευσεν

2153 976 2302 1048 ἡμᾶς
2338 979 2394 1030 ἐν
2425 980 2487 1048 τῇ
2514 977 2623 1031 τῶν
2657 978 2917 1048 Ἐφεσίων
2946 977 3319 1050 ἀθροισθῆναι,
3346 979 3489 1034 ὥστε
3547 981 3739 1051 κέρδος

2154 1071 2248 1124 καὶ
2272 1072 2496 1142 εἰρήνην
2516 1074 2581 1142 τῇ
2607 1069 2905 1143 Ἐκκλησία
2924 1072 3297 1144 περιποιῆσαι,
3322 1073 3420 1143 οὐχ
3442 1072 3584 1125 ὥστε
3606 1089 3741 1140 συγ-

2154 1161 2366 1233 χύσεως
2412 1164 2507 1216 καὶ
2551 1164 2777 1230 ἀταξίας
2814 1165 2989 1218 πάντα
3037 1164 3344 1234 πληρῶσαι.
3378 1165 3489 1218 Καὶ
3520 1165 3658 1217 αὐτὰ
3680 1165 3740 1217 δὲ

2154 1254 2224 1310 τὰ
2262 1254 2357 1308 τοῦ
2395 1256 2663 1326 ὑμετέρου
2719 1256 2957 1326 κράτους
3011 1255 3357 1327 θεσπίσματα
3407 1256 3594 1326 σαφῶς
3644 1259 3742 1310 καὶ

2156 1347 2457 1420 διαρρήδην
2490 1347 2581 1400 τὸν
2618 1346 2817 1416 εὐσεϐῆ
2847 1347 3000 1417 ὑμῶν
3030 1349 3124 1401 καὶ
3149 1348 3423 1419 εἰρηνικὸν
3465 1348 3605 1419 ὑπὲρ
3631 1348 3740 1401 τῶν

2156 1436 2250 1494 τοῦ
2279 1439 2515 1510 Χριστοῦ
2559 1440 2897 1509 Ἐκκλησιῶν
2938 1440 3132 1511 μηνύει
3159 1440 3383 1494 σκοπόν.

2242 1532 2301 1596 'Q
2322 1530 2378 1584 δὲ
2406 1533 2495 1585 ἐπ’
2522 1531 2731 1602 ὀλέθρῳ
2758 1532 2864 1586 τῶν
2900 1532 3235 1603 Ἐκκλησιῶν
3271 1534 3367 1587 καὶ
3398 1532 3611 1603 τεχθεὶς
3647 1534 3743 1587 καὶ

2158 1625 2409 1696 τραφεὶς,
2442 1624 2519 1687 ὡς
2572 1624 2737 1690 ἔοικε,
2771 1625 3039 1696 Κύριλλος
3097 1628 3125 1679 ὁ
3168 1626 3265 1696 τῆς
3310 1626 3742 1698 Ἀλεξανδρείας,

2162 1718 2425 1787 συνεργὸν
2452 1716 2631 1771 λαϐὼν
2667 1718 2766 1788 τὴν
2794 1718 3074 1789 Μέμνονος
3113 1716 3206 1771 τοῦ
3252 1718 3505 1786 Ἐφεσίου
3538 1717 3745 1789 θρασύ-

468 1828 621 1867 mum
643 1811 870 1881 quidem
901 1810 957 1864 in
983 1809 1263 1880 placidum
1292 1817 1350 1864 et
1379 1809 1532 1879 pium
1569 1807 1785 1879 1324
1807 1818 2055 1863 vestrum

2166 1825 2316 1880 τητα,
2346 1807 2559 1879 πρῶτον
2597 1808 2695 1879 μὲν
2733 1809 2811 1871 είς
2853 1806 2913 1859 τὸ
2939 1806 3175 1877 γαληνὸν
3213 1808 3308 1861 καὶ
3338 1806 3561 1871 εὐσεϐὲς
3587 1806 3747 1877 ὑμῶν

468 1903 713 1960 edictum
730 1902 998 1972 peccavit,
1022 1916 1121 1971 per
1142 1899 1329 1954 omnia
1345 1915 1404 1955 se
1422 1898 1711 1969 profanum
1732 1896 2055 1953 ostendens.

469 1996 608 2051 Nam
655 2010 780 2049 cum
811 2000 997 2047 vestra
1035 1992 1294 2064 majestas
1343 1990 1671 2061 praeceperit
1716 1989 1785 2045 de
1827 1988 1934 2044 ﬁde
1970 1988 2059 2043 di-

470 2087 648 2158 ligens
694 2101 926 2142 examen
972 2094 1029 2139 et
1073 2082 1531 2153 inquisitionem,
1586 2096 1821 2151 eamque
1865 2079 2061 2136 haberi

470 2194 598 2233 cum
631 2177 930 2233 concordia
959 2185 1016 2231 et
1039 2190 1173 2245 pace
1197 2174 1450 2230 omnium
1484 2191 1497 2227 :
1528 2172 1770 2243 Cyrillus
1798 2172 1866 2227 de
1890 2172 2064 2242 Apol-

470 2269 657 2325 linarii
682 2267 1033 2339 dogmatibus
1056 2274 1370 2329 accusatus,
1415 2263 1525 2318 imo
1552 2263 1668 2334 ipse
1692 2263 1937 2333 seipsum
1969 2278 2063 2317 re-

472 2362 769 2431 darguens,
816 2374 917 2429 per
942 2373 1027 2422 ea,
1058 2371 1181 2427 qua:
1210 2370 1337 2410 cum
1361 2353 1839 2408 anathematismis
1862 2367 2065 2423 nuper-

477 2454 615 2507 rime
662 2453 718 2506 in
760 2451 967 2522 regiam
1005 2449 1198 2505 urbem
1249 2464 1373 2503 cum
1408 2446 1630 2518 propria
1653 2445 2063 2515 subscriptione

479 2544 649 2610 misit,
681 2544 738 2598 in
771 2542 976 2613 quibus
1006 2540 1388 2611 deprehensus
1408 2546 1494 2593 est
1518 2536 1725 2593 sentire
1745 2550 1869 2590 cum
1894 2534 2067 2604 impio

475 2646 533 2691 et
578 2636 840 2691 heretico
886 2632 1227 2705 Apollinario
1251 2673 1266 2697 ,
1317 2631 1406 2686 his
1429 2630 1688 2685 omnibus
1709 2628 2063 2699 posthabitis,

475 2727 635 2799 quasi
659 2737 906 2798 tempora
931 2726 1049 2781 haec
1095 2724 1243 2795 regia
1265 2722 1669 2794 gubernatione
1694 2720 1959 2775 destituta
1980 2734 2068 2775 es-

476 2829 619 2886 sent,
672 2820 731 2874 in
779 2831 1000 2873 omnem
1046 2816 1357 2894 prolabitur
1400 2814 1747 2884 iniquitatem
1784 2826 2067 2882 :cumque

472 2918 761 2983 oporteret
803 2909 1079 2964 rationem
1116 2907 1352 2963 reddere
1384 2920 1567 2976 prava:
1591 2920 1705 2960 suae
1735 2904 1802 2959 de
1832 2903 2067 2958 Domino

475 3010 671 3058 nostro
724 3000 856 3056 Jesu
899 2998 1124 3054 Christo
1167 2996 1469 3067 opinionis,
1523 2995 1631 3051 sibi
1678 2994 2067 3049 auctoritatem

478 3106 777 3161 usurpans,
811 3104 993 3159 neque
1020 3091 1036 3107 ‘
1065 3103 1096 3142 a
1122 3086 1453 3150 canonibus,
1478 3099 1659 3153 neque
1680 3099 1712 3138 a
1731 3084 1932 3139 vestris
1949 3083 2069 3138 edi-

477 3186 583 3240 ctis
623 3182 675 3237 ei
717 3195 1037 3236 concessam
1063 3220 1077 3244 ,
1132 3178 1189 3233 in
1226 3192 1389 3233 omne
1412 3190 1585 3247 genus
1613 3173 1976 3230 immodestia:
2000 3189 2065 3229 ac
2092 3171 2135 3228 C

477 3273 707 3333 sceleris
728 3272 861 3328 ruit.

549 3457 922 3526 Quamobrem
975 3462 1125 3509 mota
1158 3459 1347 3507 sancta
1377 3451 1636 3522 synodus,
1689 3466 1811 3521 quae
1834 3465 1945 3506 non
1966 3465 2069 3520 ap-

478 3550 736 3623 probavit
774 3550 896 3622 ejus
932 3545 1356 3602 adinventiones
1380 3542 1505 3597 ﬁdei
1540 3542 1848 3612 pestiferas,
1886 3541 2068 3610 ipsum

475 3643 705 3715 quidem
733 3640 963 3711 deponit
1012 3644 1240 3708 propter
1270 3634 1529 3705 praedicta
1553 3635 1738 3689 omnia
1772 3651 1785 3688 :
1822 3633 2070 3688 Memno-

478 3747 608 3787 nem
631 3745 789 3803 vero,
814 3728 966 3784 velut
988 3724 1377 3781 administrum
1397 3724 1537 3792 ejus,
1560 3730 1616 3777 et
1633 3721 2071 3777 commilitonem

478 3823 538 3878 in
562 3821 844 3885 omnibus,
873 3818 968 3889 qui
989 3826 1045 3872 et
1069 3817 1387 3871 innumeras
1409 3814 1600 3868 turbas
1625 3823 1817 3868 contra
1840 3813 2071 3867 sanctis-

480 3914 653 3969 simos
678 3910 989 3982 episcopos,
1042 3921 1223 3976 prava:
1249 3904 1399 3959 illius
1431 3919 1495 3959 ac
1520 3903 1794 3958 haereticae
1818 3901 2069 3972 opinioni

480 4002 743 4060 assentiri
785 4006 1126 4061 recusantes,
1177 3996 1465 4062 excitavit;
1524 4003 1581 4051 et
1603 3995 1871 4050 ecclesias
1899 4005 2068 4064 atque

479 4093 725 4152 oratoria
746 4091 932 4148 omnia
953 4088 1245 4154 conclusit,
1272 4087 1429 4157 quasi
1455 4085 1711 4142 adessent
1733 4100 2069 4157 paganorum

479 4196 539 4243 et
566 4183 811 4241 hostium
839 4182 938 4238 Dei
969 4188 1250 4252 tempora;
1305 4187 1363 4233 et
1387 4178 1585 4248 vulgus
1612 4178 1855 4248 regionis
1882 4177 2070 4249 Ephe-

481 4281 691 4337 siorum
710 4274 1041 4339 introduxit,
1068 4273 1207 4329 adeo
1232 4281 1293 4328 ut
1317 4271 1482 4327 nobis
1501 4270 1751 4341 quotidie
1773 4270 1839 4325 de
1856 4284 2070 4350 summa

483 4383 670 4424 rerum
702 4363 1132 4437 periclitandum
1173 4365 1266 4428 sit,
1318 4361 1448 4417 dum
1488 4376 1601 4415 non
1631 4360 1699 4415 de
1723 4360 2065 4427 defensione,

481 4459 579 4514 sed
610 4456 677 4511 de
704 4454 870 4510 rectis
894 4454 1023 4509 ﬁdei
1049 4451 1403 4523 dogmatibus
1426 4451 1754 4521 cogitamus.
1787 4449 1899 4506 llos
1916 4451 2067 4506 enim

466 4547 810 4604 abscindere
841 4546 980 4601 nihil
1012 4545 1163 4600 aliud
1194 4552 1299 4609 est,
1337 4559 1501 4614 quam
1531 4552 1738 4598 rectam
1765 4542 1930 4599 ﬁdem
1952 4550 2067 4599 sta-

483 4645 656 4692 tuere.

560 4729 770 4800 1325
787 4728 995 4784 Poterit
1022 4735 1209 4782 autem
1236 4727 1493 4796 majestas
1518 4734 1717 4791 vestra,
1739 4727 1825 4781 vel
1842 4742 1910 4781 ex
1932 4726 2069 4796 ipsis

483 4821 637 4877 illius
658 4820 932 4892 capitibus
976 4819 1199 4889 impiam
1224 4817 1344 4887 ejus
1368 4816 1695 4871 sententiam
1724 4832 2020 4889 agnoscere
2051 4834 2064 4869 :

411 4986 417 4993 _
484 4914 713 4984 impium
754 4912 901 4968 enim
944 4909 1388 4981 Apollinarium,
1445 4907 1501 4960 in
1547 4907 1743 4961 haeresi
1777 4909 1885 4978 jam
1916 4922 2067 4961 mor-

484 5013 664 5071 tuum,
701 5005 858 5075 quasi
887 5017 956 5057 ex
977 5000 1193 5056 inferno
1214 4999 1477 5065 excitare,
1503 5009 1558 5053 et
1582 5007 1771 5055 contra
1792 4999 2069 5055 Ecclesias

483 5104 540 5152 et
585 5106 790 5151 rectam
836 5094 999 5149 ﬁdem
1054 5091 1110 5146 in
1147 5091 1322 5146 aciem
1349 5090 1590 5146 educere
1616 5091 1974 5165 comperitur,
2011 5101 2069 5146 et

485 5186 952 5247 anathematizare
1000 5184 1056 5238 in
1087 5184 1205 5239 suis
1231 5184 1672 5254 expositionibus
1705 5185 2071 5257 evangelistas

485 5276 651 5333 simul
700 5283 758 5330 et
805 5274 1104 5343 apostolos,
1158 5281 1215 5327 et
1240 5281 1364 5343 post
1386 5273 1530 5338 illos,
1582 5273 1845 5330 Ecclesiae
1870 5290 2069 5346 proge-

483 5367 715 5431 nitores,
763 5365 859 5435 qui
909 5378 939 5417 a
988 5362 1196 5434 Spiritu
1227 5373 1437 5428 sancto,
1464 5379 1576 5418 non
1606 5379 1635 5418 a
1658 5347 1896 5434 propriis
1920 5363 2072 5436 cogi-

485 5457 789 5511 tationibus
834 5454 1076 5525 impulsi,
1114 5455 1259 5524 piam
1296 5454 1459 5511 [idem
1504 5456 1965 5525 praedicaverunt,
2011 5463 2069 5510 et

483 5548 839 5619 Evangelium
865 5547 1360 5611 annuntiaverunt,
1398 5555 1591 5603 contra
1618 5562 1740 5602 eam
1768 5564 1931 5618 quam
1961 5548 2065 5603 iste

482 5651 540 5695 et
590 5640 734 5710 sapit
794 5648 852 5693 et
895 5638 1178 5709 loquitur,
1237 5637 1722 5709 praecipiendoque
1742 5639 1860 5691 vult
1883 5639 2064 5693 ubivis

2162 1899 2527 1972 παρηνόμησε
2573 1899 2870 1968 θέσπισμα,
2900 1897 2988 1951 διὰ
3020 1898 3238 1952 πάντων
3276 1897 3338 1951 τὸ
3373 1897 3747 1952 ἀκαθοσίωτον

2164 1993 2328 2048 αὑτοῦ
2363 1992 2599 2057 δεικνύς.
2642 1992 2750 2046 Τοῦ
2798 1993 2906 2065 γὰρ
2957 1993 3224 2064 ὑμετέρου
3285 1991 3524 2063 κράτους
3565 1990 3749 2044 θεσπί-

2164 2101 2359 2150 σαντος
2381 2085 2508 2158 περὶ
2539 2086 2775 2149 πίστεως
2804 2085 2903 2156 τὴν
2933 2085 3177 2150 ἐξέτασιν
3200 2085 3478 2154 γενέσθαι,
3524 2083 3619 2137 καὶ
3648 2081 3749 2143 βά-

2165 2193 2326 2231 σανον
2374 2176 2577 2247 ἀκριϐῆ
2629 2176 2727 2246 τὴν
2782 2174 2900 2247 μεθ’
2930 2175 3182 2246 ὁμονοίας
3226 2174 3321 2229 καὶ
3365 2174 3589 2245 εἰρήνης
3635 2170 3750 2224 τῶν

2165 2268 2406 2322 πάντων
2439 2270 2467 2321 ὁ
2495 2266 2763 2337 Κύριλλος
2798 2268 2889 2320 ἐπὶ
2913 2270 3022 2330 τοῖς
3062 2264 3438 2335 ’Δπολιναρίου
3481 2264 3750 2334 δόγμασιν

2164 2359 2588 2430 ἐγκαλούμενος,
2628 2357 2827 2429 μᾶλλον
2856 2357 2915 2411 δὲ
2951 2356 3112 2420 αὐτὸς
3152 2357 3346 2411 ἐαυτὸν
3392 2353 3640 2422 ἐλέγξας,
3678 2353 3750 2406 δι’

2165 2446 2241 2506 ὧν
2266 2451 2457 2522 πρώην
2489 2453 2568 2514 είς
2594 2451 2692 2521 τὴν
2729 2448 2975 2521 βασιλίδα
2999 2448 3151 2503 πόλιν
3187 2449 3305 2518 μετ’
3339 2446 3475 2511 ίδίας
3507 2447 3753 2516 ὑπογρα-

2168 2547 2274 2614 φῆς
2309 2542 2596 2597 ἀπέστειλε
2644 2544 2761 2613 μετ’
2794 2540 3276 2611 ἁναθεματισμῶν,
3314 2540 3373 2592 ἐν
3415 2533 3497 2603 οἷς
3541 2537 3611 2591 τὰ
3653 2536 3753 2591 τοῦ

2166 2635 2460 2698 δυσσεϐοῦς
2497 2635 2593 2688 καὶ
2633 2632 2913 2705 αἱρετικοῦ
2951 2632 3325 2701 Ἀπολιναρίου
3371 2630 3584 2702 φρονῶν
3624 2630 3753 2702 ἐλή-

2166 2726 2414 2795 λεγκται,
2441 2726 2535 2779 καὶ
2564 2724 2776 2789 οὐδενὸς
2797 2724 3003 2780 τούτων
3030 2722 3341 2796 φροντίσας,
3372 2722 3449 2787 ὡς
3470 2725 3527 2776 ἐν
3560 2721 3755 2776 ἀϐασι-

2167 2821 2380 2883 λεύτοις
2413 2821 2649 2889 καιροῖς,
2675 2820 2844 2888 χωρεί
2876 2817 3011 2888 πρὸς
3038 2818 3217 2870 πᾶσαν
3257 2815 3624 2887 παρανομίανσ
3657 2813 3754 2868 καὶ

2167 2912 2286 2965 δέον
2318 2910 2476 2979 λόγον
2507 2909 2689 2963 δοῦναι
2737 2908 2877 2979 ὑπὲρ
2920 2902 2995 2964 ὧν
3041 2907 3415 2980 διεφθαρμένη
3446 2907 3647 2978 χρῆται
3680 2909 3752 2976 τῇ

2169 3002 2301 3073 περὶ
2329 3001 2422 3055 τὸν
2454 2999 2660 3071 Κύριον
2688 3001 2846 3071 ὴμῶν
2882 2998 3087 3071 Ἰησοῦν
3113 2999 3348 3070 Χριστὸν
3381 2998 3530 3069 δόξῃ,
3567 2998 3753 3068 ἁρπά-

2170 3111 2271 3158 σας
2307 3091 2485 3163 ἐαυτῷ
2514 3092 2611 3163 τὴν
2639 3092 2943 3155 αὐθεντίαν,
2974 3091 3071 3162 τὴν
3111 3092 3247 3162 μήτε
3280 3089 3428 3161 παρὰ
3449 3088 3557 3143 τῶν
3588 3089 3755 3142 κανὸο

2169 3201 2276 3239 νων
2301 3184 2451 3255 αὐτῷ
2477 3184 2788 3253 δεδομένην,
2820 3185 2957 3254 μήτε
2987 3182 3094 3236 ἀπὸ
3124 3181 3232 3235 τῶν
3262 3180 3543 3253 ὑμετέρων
3570 3177 3757 3233 θεσπι-

2171 3279 2415 3349 σμάτων,
2447 3279 2595 3349 ὁρμᾷ
2625 3278 2761 3349 πρὸς
2788 3279 2894 3331 πᾶν
2940 3271 3079 3339 εἶδος
3112 3274 3343 3341 ἀταξίας
3375 3274 3472 3328 καὶ
3507 3289 3752 3344 παρανο-

2171 3370 2322 3442 μίας.

2240 3462 2368 3515 Ἐπὶ
2396 3461 2607 3524 τούτοις
2636 3459 2919 3531 κινηθεῖσα
2946 3461 2979 3530 ἡ
3011 3458 3141 3527 ἁγία
3168 3457 3402 3523 σύνοδος,
3428 3460 3460 3529 ἡ
3492 3457 3552 3510 οὐ
3583 3473 3760 3528 παρα-

2169 3551 2436 3623 δεξαμένη
2463 3551 2562 3616 τὰς
2593 3552 2686 3604 ἐπὶ
2719 3551 2866 3623 λύμῃ
2898 3551 2996 3621 τῆς
3026 3552 3261 3614 πίστεως
3292 3548 3458 3603 αὐτοῦ
3486 3546 3753 3611 ἐπινοίας,

2168 3640 2358 3696 τοῦτον
2383 3642 2482 3712 μὲν
2502 3641 2757 3711 καθαιρεῖ
2793 3639 2880 3692 διὰ
2903 3639 2970 3693 τὰ
2994 3635 3371 3710 προειρημένα
3410 3640 3606 3693 πάντα·
3638 3638 3757 3692 Μέ-

2174 3749 2344 3803 μνονα
2390 3730 2448 3784 δέ
2502 3730 2578 3794 ὼς
2616 3728 2878 3799 συνεργὸν
2919 3727 3085 3782 αὐτοῦ
3130 3729 3225 3781 καὶ
3258 3726 3667 3797 συναγωνιστὴν
3697 3728 3758 3779 ἐν

2173 3825 2347 3878 ἆπασι
2374 3821 2742 3892 γεγενημένον
2759 3860 2773 3884 ,
2798 3820 2894 3873 καὶ
2929 3819 3155 3891 μυρίους
3190 3819 3451 3889 θορύϐους
3477 3818 3617 3871 κατὰ
3644 3817 3755 3872 τῶν

2171 3915 2493 3984 ἁγιωτάτων
2534 3913 2872 3977 ἐπισκόπων,
2918 3913 3025 3965 τῶν
3061 3911 3351 3966 συνθέσθαι
3393 3914 3458 3981 τῇ
3499 3912 3751 3981 αίρετικῇ

2173 4004 2383 4059 ἐκείνου
2432 4003 2721 4074 κακοδοξίᾳ
2766 4003 2839 4074 μὴ
2863 4002 3279 4073 ἀνασχομένων,
3308 4000 3620 4072 ἐγείραντα,
3654 4000 3753 4052 καὶ

2170 4095 2270 4159 τὰς
2303 4094 2599 4165 ἐκκλησίας
2632 4093 2726 4147 καὶ
2756 4094 2931 4147 πάντα
2963 4092 3127 4146 τόπον
3186 4091 3474 4161 εὐκτήριον
3506 4090 3760 4141 κλείσαν-

2171 4202 2259 4251 τα,
2310 4185 2385 4248 ὼς
2430 4186 2489 4238 ἐν
2530 4183 2862 4254 Ἑλληνικοῖς
2906 4184 2999 4238 καὶ
3048 4183 3333 4253 θεομάχοις
3373 4183 3601 4252 καιροῖς
3659 4180 3758 4233 καὶ

2174 4276 2380 4346 πλῆθος
2424 4274 2720 4347 ἐπιχώριον
2759 4276 2857 4346 τῆς
2890 4274 3153 4344 Ἐφεσίων
3194 4272 3648 4341 ὲπεισαγαγόντα,
3678 4270 3755 4334 ὡς

2171 4371 2302 4439 ’περὶ⁴
2328 4366 2424 4421 τοῦ
2460 4366 2663 4431 παντὸς
2697 4368 2827 4438 ἡμῖν
2855 4361 2993 4420 εῖναι
3028 4364 3152 4419 καθ’
3179 4365 3416 4435 ἑκάστην
3447 4364 3538 4417 τὸν
3575 4362 3757 4416 κίνδυ-

2172 4476 2280 4526 νον,
2321 4460 2381 4512 οὐ
2428 4458 2562 4532 πρὸς
2597 4457 2813 4527 ἄμυναν
2846 4457 3153 4529 βλέπουσιν,
3187 4456 3323 4510 ἀλλὰ
3348 4457 3483 4527 πρὸς
3517 4455 3586 4507 τὰ
3616 4454 3757 4525 ὀρθὰ

2172 4552 2420 4622 δόγματα
2468 4550 2570 4619 τῆς
2621 4550 2924 4615 εὐσεϐείας.
2957 4550 3031 4603 Τὸ
3076 4550 3185 4620 γὰρ
3228 4549 3451 4611 τούτους
3498 4545 3752 4614 ἐκκόψαι,

2171 4644 2323 4698 οὐδὲν
2349 4643 2536 4714 ἔτερόν
2568 4644 2736 4706 ἐστιν,
2768 4641 2800 4712 ἢ
2828 4641 2924 4713 τὴν
2947 4640 3257 4711 ὁρθοδοξίαν
3288 4640 3501 4710 στῆσαι.

2249 4733 2473 4798 Ἔξεστι
2507 4733 2563 4785 δὲ
2597 4732 2752 4803 ὑμῶν
2797 4733 2876 4804 τῷ
2916 4734 3107 4804 κράτει
3139 4730 3201 4797 ἐξ
3232 4730 3408 4784 αὐτῶν
3434 4727 3599 4784 αὐτοῦ
3640 4726 3754 4781 τῶν

2172 4820 2485 4890 κεφαλαίων
2515 4821 2576 4873 τὸ
2615 4821 2875 4884 δυσσεϐὲς
2917 4821 3083 4876 αὐτοῦ
3117 4823 3373 4893 φρόνημα
3414 4818 3715 4888 ἐπιγνῶναι
3736 4836 3750 4848 ·

2170 4914 2574 4983 τελευτήσαντα
2605 4912 2715 4984 γὰρ
2760 4913 2850 4966 τὸν
2887 4913 3121 4985 δυσσεϐῆ
3180 4913 3557 4982 Ἀπολινάριον
3593 4913 3652 4964 ἐν
3681 4913 3752 4983 τῇ

2172 5003 2403 5074 αἱρέσει,
2453 5003 2613 5055 οἱονεὶ
2648 5001 2707 5067 ἐξ
2739 5002 2866 5073 ᾅδου
2892 5003 3121 5074 ἐγείρων
3145 5046 3159 5070 ,
3205 5003 3299 5058 καὶ
3342 5000 3755 5071 ἐπιστρατεύων

2171 5094 2293 5156 ταῖς
2329 5091 2677 5163 Ἐκκλησίαις
2703 5094 2798 5147 καὶ
2822 5096 2890 5165 τῇ
2921 5093 3190 5165 ὀρθοδὸξῳ
3229 5094 3410 5147 πίστει
3441 5091 3752 5162 ἐλέγχεται,

2174 5184 2269 5239 καὶ
2316 5183 2734 5254 ἀναθεματίςων
2782 5185 2840 5238 ἐν
2890 5179 2972 5248 οἷς
3010 5184 3323 5249 ἐκτίθεται,
3354 5180 3755 5251 εὐαγγελιστὰς

2172 5274 2309 5347 ὁμοῦ
2334 5275 2428 5329 καὶ
2457 5275 2919 5342 ἀποστό).ους,καὶ
2942 5276 3070 5337 τοὺς
3094 5276 3213 5347 μετ’
3247 5273 3491 5336 ἐκείνους
3523 5271 3757 5342 Ἐκκλη-

2177 5367 2297 5429 σίας
2329 5366 2628 5437 προγόνους
2652 5403 2667 5429 ,
2696 5366 2745 5419 οἲ
2777 5368 2927 5437 παρὰ
2947 5366 3041 5420 τοῦ
3072 5367 3229 5436 ἁγίου
3265 5363 3606 5434 Πνεύματος,
3637 5361 3757 5414 ἀλλ’

2174 5458 2275 5510 οὐκ
2307 5457 2414 5511 ἀπὸ
2435 5456 2712 5527 λογισμῶν
2733 5459 2950 5512 οἰκείων
2982 5458 3293 5529 ὁρμώμενοι
3312 5457 3412 5525 τὴν
3431 5453 3631 5523 εὐσεϐῆ
3661 5453 3755 5505 πί-

2176 5565 2291 5602 στιν
2319 5549 2615 5619 ἐκήρυξαν,
2647 5549 2745 5602 καὶ
2777 5549 3148 5618 κατήγγειλαν
3171 5548 3232 5602 τὸ
3264 5545 3622 5616 Εὐαγγέλιον,
3648 5544 3761 5597 ἀπ-

2172 5641 2425 5703 εναντίας
2455 5636 2537 5704 οἷς
2571 5635 2725 5704 οὗτος
2766 5641 2858 5695 καὶ
2887 5643 3094 5712 φρονεῖ,
3128 5641 3221 5695 καὶ
3250 5640 3516 5705 διδάσκει,
3564 5636 3663 5690 καὶ
3697 5638 3762 5707 ἐξ

562 5795 672 5869 (96)
707 5797 803 5852 Est
850 5796 908 5851 in
972 5794 1145 5851 Mansi
1193 5792 1421 5849 Collect.
1480 5792 1863 5862 conciliorum,
1905 5794 1942 5849 Ι.
1983 5809 2058 5860 c.,
2096 5808 2150 5863 p.
2194 5793 2352 5853 l385.
