4072 6420
295 416 441 480 Ῑίὶ53

1612 417 1974 477 EPISTOLA
2013 416 2266 481 CLVIII.

3434 378 3575 495 ιιὲιι

290 525 674 595 ἐπιτάγματος
705 524 955 595 βούλεται
980 525 1077 596 τὴν
1104 525 1298 580 ἑαυτοῦ
1323 526 1578 581 ἀσέϐειαν
1609 528 1871 598 πανταχοῖ

1991 540 2263 587 terrarum
2292 548 2446 588 suam
2479 534 2822 605 impietatem
2851 534 3055 594 valere.
3104 539 3162 594 ld
3188 540 3336 611 quod
3358 557 3571 614 nequa-

286 618 396 687 τῆς
426 617 755 686 οἰκουμένης
782 619 1027 689 κρατεῖν.
1055 618 1233 690 Ὅπερ
1259 619 1321 672 οὐ
1352 618 1629 691 φέροντες,
1655 624 1722 691 τῇ
1758 621 1884 675 στά-

290 725 383 761 σει
410 710 476 779 τῇ
502 708 698 779 δεούσῃ
730 708 1110 780 ἐχρησάμεθα,
1144 712 1211 781 τῇ
1243 709 1457 786 τεῦθείᾳ
1496 713 1637 783 ῥοπῇ
1677 712 1775 765 καὶ
1806 710 1884 783 τῷ

287 799 398 869 τῆς
419 800 708 864 εὐσεϐείας
747 800 902 872 ὑμῶν
929 801 1261 877 θαρροῦντες
1296 801 1506 874 σκοπῷ.

372 894 563 964 Ἰσμεν
589 891 701 963 γάρ
731 892 808 957 ὡς
836 893 989 947 οὐδὲν
1014 896 1383 966 προτιμήσετε
1426 894 1528 966 τῆς
1568 894 1755 963 ὑγιοῦς
1800 895 1884 948 πί-

290 1001 472 1049 στεως
494 1024 509 1049 ,
639 986 1042 1056 συντραφέντες
1083 986 1243 1058 ὑμεῖς
1268 1004 1349 1050 τε,
1380 986 1473 1042 καὶ
1500 986 1550 1039 oi
1581 986 1883 1057 τρισμακά-

287 1094 407 1148 ριοι
433 1076 589 1149 ὑμῶν
619 1079 899 1149 πρόγονοι,
940 1078 1197 1150 ἀδιάδοχα
1212 1078 1283 1133 τὰ
1311 1078 1412 1148 τῆς
1438 1077 1716 1149 βασιλείας
1747 1093 1884 1151 παρ-

286 1169 555 1241 ειλήφατε
586 1170 864 1241 σκῆπτρα,
893 1172 1020 1234 τοὺς
1043 1173 1156 1235 τοῖς
1195 1169 1578 1234 ἀποστολικοῖς
1614 1170 1880 1241 δόγμασιν

286 1259 745 1331 ἐναντιουμένους
766 1260 855 1315 άεὶ
873 1260 1235 1326 καταλύοντες
1257 1278 1271 1292 ·
1301 1253 1378 1315 ὧν
1405 1262 1554 1314 ἐστιν
1578 1261 1606 1313 ό
1627 1276 1882 1331 προειρη-

284 1354 460 1424 μένος
490 1352 778 1422 Κύριλλος,
796 1352 855 1416 ὃς
882 1351 1073 1424 ὥσπερ
1089 1351 1387 1425 ἀκρόπολιν
1415 1350 1759 1421 κατειληφὼς
1781 1351 1881 1422 τὴν

288 1444 534 1512 Ἔφεσον
582 1443 670 1496 διὰ
703 1443 990 1514 Μέμνονος
1022 1442 1116 1496 τοῦ
1144 1442 1434 1515 συνεργοῦ,
1485 1443 1711 1507 δικαίως
1755 1444 1876 1514 μετ’

283 1535 460 1591 αὐτοῦ
503 1534 603 1607 τὴν
649 1534 971 1606 καθαίρεσιν
1017 1536 1406 1607 ἀπηνέγκατο”
1442 1536 1579 1608 πρὸς
1624 1536 1735 1606 γὰρ
1765 1537 1877 1599 τοῖς

280 1629 628 1699 εἰρημένοις,
678 1628 859 1681 πᾶσαν
890 1625 1099 1696 ἔφοδον,
1132 1627 1226 1680 καὶ
1264 1628 1445 1680 πᾶσαν
1472 1626 1701 1691 ἀταξίαν
1728 1626 1876 1680 ἐτόλ-

287 1733 476 1787 μησαν
502 1715 623 1770 καθ’
645 1715 826 1786 ἡμῶν,
866 1714 916 1770 οἳ
951 1716 1346 1786 συνελέγημεν,
1368 1716 1463 1770 καὶ
1493 1715 1705 1769 πόλεων
1735 1715 1876 1785 άμε-

279 1810 576 1881 λήσαντες,
600 1809 695 1863 καὶ
725 1807 1019 1881 πατρίδων,
1046 1808 1141 1862 καὶ
1165 1807 1402 1874 ἑαυτῶν,
1422 1806 1562 1861 ὥστε
1589 1808 1649 1860 τὸ
1673 1807 1873 1876 ὑμέτε-

282 1916 387 1971 ρον
412 1896 658 1970 κυρῶσαι
685 1896 982 1967 θέσπισμα.
1576 1894 1583 1899 ’

363 1990 474 2045 Καὶ
517 1990 686 2061 ἐσμὲν
720 1988 815 2042 νῦν
857 1988 1177 2059 τυραννίδος
1228 1987 1650 2060 παρανάλωμα,
1702 1988 1750 2040 εἰ
1792 1985 1869 2057 μὴ

286 2079 686 2155 προκαταλάϐῃ
730 2080 842 2153 (97)
884 2082 918 2151 ἡ
944 2081 1188 2151 ὑμετέρα
1220 2078 1493 2141 εὐσέϐεια,
1534 2078 1870 2142 θεσπίζουσα

281 2173 526 2244 ὲλ.έρωσε
558 2171 671 2243 (98)
702 2172 852 2244 ἡμᾶς
882 2172 1178 2237 συνελθεῖν,
1203 2170 1434 2242 πλησίον
1468 2188 1595 2234 που,
1624 2169 1753 2224 ἔνθα
1782 2169 1871 2223 δυ-

278 2264 569 2337 νησόμεθα
598 2264 709 2317 ἀπό
736 2279 795 2316 τε
824 2249 1225 2335 τῶνΤραφῶν,
1262 2263 1358 2316 καὶ
1389 2262 1498 2317 τῶν
1522 2278 1871 2335 συγγεγραμ-

281 2357 471 2426 μένων
491 2356 603 2418 τοῖς
631 2353 880 2426 Πατράσι
911 2353 1109 2424 βίϐλων
1131 2393 1148 2419 ,
1179 2353 1394 2422 ἐλέγξαι
1430 2355 1630 2418 αὐτοὺς
1660 2354 1868 2423 σαφῶς,

275 2448 381 2502 τόν
409 2464 469 2501 τε
495 2446 786 2518 Κύριλλον,
818 2447 914 2500 καὶ
942 2446 1074 2510 τοὺς
1103 2447 1246 2519 ὑπὲρ
1290 2445 1459 2500 αὐτοῦ
1484 2445 1867 2517 ὑπαχθέντας,

272 2538 382 2603 οὒς
409 2539 791 2610 πεφεισμένως
837 2538 1206 2610 άκοινωνησίᾳ
1233 2536 1599 2609 ὑπεϐάλομεν,
1641 2538 1868 2601 ἐλπίδας

276 2635 471 2697 αὐτοῖς
498 2633 795 2703 σωτηρίας,
816 2633 864 2685 εί
891 2614 1338 2703 μεταμεληθεῖεν,
1366 2630 1761 2699 ὑποφαίνοντες
1780 2644 1794 2659 ·
1817 2627 1867 2683 οῖ

272 2726 475 2797 ὥσπερ
504 2725 597 2778 ἐπὶ
628 2723 889 2797 στρατεία
920 2721 1234 2794 βαρϐαρικῇ
1281 2720 1415 2784 ὕλας
1456 2718 1687 2785 ἀταξίας
1717 2716 1869 2789 αὐτῷ

278 2816 452 2888 μέχρι
479 2814 574 2869 τοῦ
602 2814 872 2887 παρόντος
924 2815 1228 2886 παρέσχον·
1264 2814 1315 2866 oi
1354 2813 1455 2884 μὲν
1492 2811 1868 2884 καθῃρημένοι

271 2910 439 2971 ὄντες
466 2908 531 2962 ἐκ
560 2905 781 2973 πολλοῦ,
805 2906 899 2961 καὶ
922 2906 1015 2959 ὑπ’
1032 2903 1201 2960 αὐτοῦ
1228 2901 1668 2975 προσληφθέντες
1689 2919 1701 2934 ·
1733 2901 1785 2954 oi.
1809 2899 1869 2955 δὲ

276 2996 644 3070 ἁκοινώνητοι
670 2999 787 3060 τοῖς
812 2996 1035 3060 οἰκείοις
1059 2994 1513 3068 μητροπολίταις,
1538 2994 1636 3047 καὶ
1662 2993 1755 3047 ὑπ’
1779 2993 1870 3047 αὐ-

278 3086 382 3142 τοῦ
412 3089 492 3152 είς
516 3085 803 3141 κοινωνίαν
836 3083 1149 3156 δεχθέντες·
1184 3083 1336 3138 ἄλλοι
1367 3083 1649 3154 διαφόροις
1669 3080 1871 3153 ἐγκλή-

282 3192 457 3247 μασιν
499 3172 942 3244 ὲμπεπαρμένοι,
1001 3173 1134 3245 παρ’
1162 3170 1331 3227 αὐτοῦ
1363 3170 1708 3242 τιμηθέντες.
1755 3168 1869 3224 Καὶ

276 3239 461 3323 ταῦτα
482 3239 656 3347 ἐποίει
820 3264 915 3319 τοῦ
943 3239 1183 3337 πλήθους
1208 3239 1455 3335 κυρῶσαι
1485 3239 1549 3315 τδ
1590 3261 1868 3332 αἱρετικὸν
1893 3239 1938 3297 c

276 3355 450 3415 αὐτοῦ
478 3356 818 3428 πειρώμενος
847 3354 1124 3426 φρόνημα,
1169 3353 1244 3425 μὴ
1289 3350 1666 3421 λογισάμενος,
1699 3349 1776 3412 ὡς
1808 3350 1867 3404 ὲν

276 3449 541 3519 εὐσεϐείᾳ
571 3451 671 3503 οὐκ
701 3449 935 3520 ἀριθμὸς
959 3448 1224 3518 ζητεῖται,
1255 3445 1369 3500 ἀλλ’
1401 3444 1633 3516 ὀρθότης
1659 3441 1866 3512 δογμά-

275 3561 415 3607 των,
443 3541 538 3597 καὶ
560 3543 595 3614 ἡ
616 3540 728 3595 τῶν
765 3538 1139 3595 άποστολικῶν
1172 3538 1460 3608 δογμάτων
1491 3534 1739 3607 ἀλήθεια,
1770 3534 1867 3588 καὶ

275 3636 479 3707 ἄνδρες
512 3634 570 3687 ὲν
606 3633 820 3696 τούτοις
869 3629 1110 3693 εὐσεϐῶς
1146 3629 1206 3695 ἐξ
1233 3627 1608 3683 ἁποστολικῶν
1648 3625 1868 3681 ἀποδεί-

274 3729 424 3795 ξεων
453 3727 546 3781 καὶ
581 3724 896 3797 μαρτυριῶν
922 3722 1124 3785 εἰδότες
1143 3720 1520 3786 συνίστασθαι,
1548 3720 1644 3773 καὶ⁴
1674 3718 1774 3772 οὐκ
1803 3717 1868 3770 ὲκ

278 3819 520 3893 θράσους
553 3818 648 3873 καὶ
669 3815 957 3879 αὐθεντίας
988 3816 1337 3887 τυραννικῆς.

261 3936 265 3949 ι
357 3911 520 3965 Ὅθεν
549 3908 978 3982 παρακαλοῦμεν
1018 3909 1114 3962 καὶ
1158 3904 1476 3976 ἱκετεύομεν
1530 3905 1620 3960 διὰ
1666 3908 1868 3980 τάχους

276 4002 563 4073 ἐπαμῦναι
580 4005 648 4073 τῇ
677 4000 932 4072 εὐσεϐείᾳ
952 4000 1340 4072 πολεμουμένῃ
1359 3999 1421 4051 τὸ
1447 3999 1716 4072 ὑμέτερον
1738 4002 1869 4071 κράο

275 4112 399 4158 τος,
430 4094 524 4147 καὶ
576 4091 861 4164 διόρθωσιν
912 4090 1181 4160 ὀξυτάτην
1232 4090 1502 4145 ἐπιθεῖναι
1546 4094 1614 4163 τῇ
1658 4093 1866 4149 τούτων

280 4191 460 4265 μανίᾳ
483 4192 577 4243 καὶ
605 4186 904 4260 τυραννίδι,
933 4186 968 4258 ἢ
993 4184 1185 4256 ῶσπερ
1211 4202 1295 4248 τις
1317 4184 1518 4257 λαῖλαψ
1544 4187 1682 4256 πρὸς
1711 4187 1865 4258 αἱρε-

274 4285 445 4356 τικὴν
483 4280 810 4347 κακοδοξίαν
842 4277 1157 4351 παρασύρει
1188 4280 1315 4340 τοὺς
1355 4275 1745 4348 θρασυτέρους.
1773 4280 1867 4331 Δί-

274 4391 439 4431 καιον
469 4373 577 4445 γὰρ
609 4371 709 4443 τὴν
743 4368 1017 4441 ὑμετέραν
1040 4367 1342 4431 εὐσέϐειαν,
1361 4368 1463 4438 τὴν
1493 4366 1604 4421 τῶν
1631 4369 1689 4420 ὲν
1725 4369 1866 4441 Περ-

276 4469 391 4524 σίδι
419 4468 512 4520 καὶ
542 4464 650 4519 τῶν
683 4468 739 4517 ὲν
769 4461 1069 4533 βαρϐάροις
1105 4457 1443 4529 Ἐκκλησιῶν
1472 4460 1862 4530 φροντίσασαν,

1984 639 2148 693 quam
2170 625 2433 693 ferentes,
2458 630 2811 684 convenienti
2836 632 3233 687 constitutione
3254 649 3445 690 sumus
3460 636 3570 703 usi,

1984 711 2169 769 divina
2191 717 2370 788 gratia
2401 725 2705 788 vestraque
2727 720 2950 789 pietatis
2980 731 3165 777 mente
3189 721 3294 776 ﬁsi.

2055 886 2276 944 Scimus
2315 891 2465 946 enim
2513 892 2664 962 quod
2705 909 2852 952 sanat
2897 894 3025 951 ﬁdei
3060 896 3200 952 nihil
3238 898 3568 969 praeferetis,

1982 978 2038 1033 in
2059 995 2167 1049 qua
2188 980 2409 1037 educati
2434 997 2533 1040 vos
2559 994 2616 1039 et
2642 984 2943 1041 beatissimi
2965 987 3349 1058 progenitores
3370 992 3564 1055 vestri,

1980 1085 2094 1125 non
2137 1072 2428 1144 interjecto
2473 1086 2738 1131 extraneo
2764 1091 3109 1141 successore,
3164 1076 3318 1150 regni
3346 1090 3569 1149 sceptra

1980 1164 2305 1235 suscepistis
2323 1205 2338 1231 ,
2385 1181 2605 1238 semper
2630 1182 2727 1224 eos
2759 1168 2853 1240 qui
2878 1168 3197 1240 apostolicis
3218 1169 3568 1242 dogmatibus

1978 1254 2374 1324 adversantur,
2430 1257 2840 1328 deprimentes;
2895 1274 2928 1314 e
2970 1260 3175 1331 quibus
3216 1269 3302 1317 est
3330 1261 3568 1334 Cyrillus

1980 1347 2296 1418 pmdictus,
2330 1349 2427 1419 qui
2457 1349 2709 1421 adjutore
2734 1350 3047 1417 Memnone,
3079 1352 3237 1423 quasi
3265 1342 3446 1408 arcem
3474 1368 3570 1409 oc~

1979 1447 2302 1509 cupaturus,
2349 1440 2579 1497 veniens
2619 1441 2921 1512 Ephesum,
2961 1443 3111 1513 juste
3142 1459 3266 1499 cum
3293 1459 3362 1499 eo
3393 1445 3565 1515 depo-
3680 1520 3683 1523 _

1976 1531 2164 1585 sitioni
2198 1533 2484 1604 subjectus
2506 1532 2614 1588 fuit
2637 1552 2650 1587 :
2676 1549 2804 1589 nam
2837 1544 3037 1605 praeter
3058 1550 3124 1592 ea
3150 1550 3275 1606 quae
3299 1535 3563 1601 diximus,

1973 1638 2197 1679 omnem
2232 1625 2533 1690 insultum,
2592 1641 2925 1696 omnemque
2958 1627 3431 1698 perturbationem
3465 1643 3565 1698 per

1973 1716 2262 1772 audaciam
2288 1718 2531 1789 aggressi
2550 1728 2688 1774 sunt
2708 1727 2902 1774 contra
2919 1734 3042 1785 nos,
3063 1718 3159 1789 qui
3178 1718 3560 1785 convenimus,

1975 1809 1992 1827 ‘
2023 1808 2233 1863 relictis
2275 1809 2595 1864 civitatibus
2639 1818 2698 1866 et
2737 1810 2968 1880 patriis,
3020 1824 3086 1865 ac
3112 1809 3276 1866 nobis
3307 1809 3460 1880 ipsis,
3500 1819 3562 1865 ut

1900 1890 1946 1947 Β
1971 1899 2215 1955 edictum
2239 1910 2489 1955 vestrum
2519 1909 2698 1955 ratum
2720 1911 2886 1957 esset.

2040 1989 2112 2046 At
2156 2006 2306 2047 nunc
2350 2007 2541 2048 sumus
2587 1993 2866 2065 tyrannidi
2913 1992 3164 2064 exposita
3192 1991 3412 2062 praeda;
3452 1991 3562 2048 nisi

1971 2090 2153 2137 vestra
2170 2082 2348 2153 pietas
2368 2091 2700 2151 antevertat,
2721 2084 2971 2149 edieens,
2995 2085 3181 2139 utalio
3202 2083 3419 2155 1326
3435 2083 3561 2140 loco

1972 2173 2234 2243 propiore
2256 2173 2675 2239 conveniamus,
2724 2173 2822 2229 ubi
2844 2175 3153 2245 poterimus
3178 2190 3211 2230 e
3255 2173 3561 2244 Scripturis

1971 2274 2030 2319 et
2054 2280 2087 2320 e
2114 2265 2277 2321 libris
2299 2266 2635 2337 conscriptis
2657 2282 2689 2320 a
2709 2265 2990 2331 Patribus,
3025 2265 3355 2336 redarguere
3378 2265 3561 2319 mani-

1971 2356 2112 2413 feste
2151 2356 2453 2430 Cyrillum,
2509 2367 2567 2415 et
2604 2374 2722 2425 eos,
2764 2359 2859 2431 qui
2892 2358 3086 2415 abillo
3126 2357 3319 2414 dolose
3348 2357 3566 2419 inducti

1972 2458 2132 2515 sunt,
2185 2465 2326 2519 quos
2373 2450 2727 2522 indulgenter
2763 2450 3324 2506 excommunicationi
3370 2450 3560 2521 subje-

1970 2541 2171 2606 cimus,
2210 2556 2364 2611 spem
2393 2542 2610 2607 salutis,
2638 2541 2687 2597 si
2713 2542 3063 2613 resipiscam,
3091 2540 3508 2597 subindicantes
3538 2563 3554 2599 :

1970 2632 2067 2701 qui
2115 2633 2273 2701 quasi
2307 2631 2366 2687 in
2398 2632 2689 2688 barbarico
2714 2632 2968 2689 exercitu
3004 2632 3295 2689 materiam
3327 2643 3556 2703 pertur~

1970 2721 2215 2778 bationis
2266 2737 2443 2793 usque
2473 2722 2531 2777 in
2556 2730 2888 2793 praesentem
2913 2722 3108 2778 horam
3153 2722 3207 2779 ei
3235 2722 3555 2793 suppedita-

1972 2821 2105 2870 runt
2152 2830 2167 2867 :
2219 2813 2313 2869 alii
2341 2811 2566 2885 quidem
2599 2814 2777 2869 multo
2805 2822 2937 2869 ante
2978 2812 3238 2884 depositi,
3277 2821 3335 2869 et
3364 2814 3435 2869 ab
3461 2815 3556 2869 illo

1971 2905 2243 2977 suscepti;
2300 2904 2397 2961 alii
2423 2920 2558 2961 vero
2594 2904 3059 2961 excommunicati
3079 2920 3113 2960 a
3133 2906 3252 2961 suis
3272 2913 3556 2976 metropo-

1970 2996 2196 3061 litanis,
2245 3004 2304 3052 et
2344 2996 2419 3052 ab
2459 2995 2580 3067 ipso
2622 2999 2682 3052 in
2706 2996 3155 3052 communionem
3182 2997 3425 3068 recepti;
3462 2998 3558 3053 alii

1971 3086 2141 3143 variis
2168 3086 2498 3143 criminibus
2523 3086 2803 3158 immiciti,
2833 3094 2893 3142 et
2915 3085 2989 3142 ab
3012 3084 3134 3157 ipso
3162 3085 3404 3143 honores
3421 3103 3557 3143 con~

1971 3179 2170 3236 secuti.
2209 3179 2279 3234 Et
2308 3178 2425 3234 hac
2453 3177 2585 3233 fecit
2613 3186 2832 3233 tentans
2858 3191 2959 3247 per
2984 3176 3396 3232 multitudinem
3425 3193 3556 3234 sen-

1970 3287 2093 3329 sum
2138 3286 2302 3327 suum
2347 3270 2673 3325 haereticum
2728 3268 2977 3325 stabilire
3028 3284 3042 3322 :
3087 3284 3201 3325 non
3236 3270 3558 3341 expendens

1968 3363 2118 3436 quod
2147 3362 2205 3418 in
2231 3362 2496 3433 religione
2524 3376 2638 3417 non
2668 3377 2939 3417 numerus
2966 3362 3238 3431 quaeritur
3257 3402 3274 3427 ,
3323 3362 3421 3418 sed
3451 3363 3553 3419 do-

1966 3462 2212 3526 gmatum
2235 3451 2531 3518 rectitudo,
2557 3466 2615 3508 et
2635 3451 3065 3522 apostolicorum
3087 3452 3438 3508 decretorum
3460 3468 3556 3510 ve-

1969 3544 2124 3610 ritas,
2145 3552 2203 3600 et
2221 3544 2350 3611 viri,
2376 3544 2471 3615 qui
2494 3544 2585 3599 illa
2606 3543 2696 3614 pie
2710 3559 2778 3599 ex
2793 3542 3112 3614 apostolicis
3128 3543 3557 3601 demonstratio-

1967 3637 2135 3692 nibus
2166 3646 2225 3693 et
2248 3637 2578 3693 testimoniis
2611 3635 2976 3707 comprobare
2996 3634 3195 3700 sciant,
3227 3650 3338 3691 non
3367 3644 3553 3691 autem

1965 3739 2037 3785 ex
2065 3727 2295 3783 audacia
2326 3737 2383 3783 et
2408 3728 2693 3799 tyrannica
2712 3734 3008 3798 potestate.

2038 3916 2276 3972 Proinde
2329 3916 2690 3973 obsecramus
2736 3925 2792 3971 et
2838 3930 3097 3981 oramus,
3146 3924 3209 3972 ut
3230 3925 3415 3972 vestra
3431 3933 3557 3974 τωο-δ

1963 4010 2136 4080 jestas
2154 4009 2565 4078 quamprimum
2587 4007 2864 4077 religioni,
2888 4023 3013 4077 quas
3028 4007 3405 4078 impugnatur,
3425 4009 3558 4064 sub-

1968 4097 2170 4153 sidium
2196 4096 2362 4162 ferat,
2414 4106 2473 4152 et
2506 4097 2853 4152 celerrimam
2876 4096 3281 4151 correctionem
3307 4097 3557 4166 imponat

1968 4185 2188 4239 illorum
2215 4184 2444 4241 insania:
2487 4192 2545 4240 et
2570 4183 2847 4255 tyrannidi
2872 4223 2887 4249 ,
2934 4199 3062 4255 qua
3104 4184 3268 4254 quasi
3290 4186 3458 4241 turbo
3482 4186 3557 4241 ad

1968 4275 2284 4331 haereticam
2331 4274 2619 4345 perﬁdiam
2678 4274 3010 4330 audaciores
3053 4274 3272 4345 arripit.
3333 4276 3557 4332 Justum

1966 4368 2117 4423 enim
2135 4376 2224 4422 est
2246 4375 2309 4421 ut
2327 4372 2512 4421 vestra
2536 4366 2734 4436 pietas,
2757 4380 2882 4436 quae
2900 4365 3273 4421 Ecelesiarum
3288 4365 3559 4433 Persidis,

1966 4466 2025 4514 et
2063 4472 2276 4520 earum,
2321 4472 2447 4528 quae
2480 4458 2629 4512 inter
2662 4456 2937 4511 Barbaros
2957 4464 3111 4522 sunt,
3142 4471 3334 4515 curam
3359 4457 3551 4528 gessit,

275 4565 343 4615 ὲν
364 4561 431 4629 τῇ
471 4555 762 4627 Ῥωμαίων
788 4555 934 4627 ἀρχῇ
966 4550 1337 4622 σαλευομένας
1367 4551 1443 4621 μὴ
1465 4551 1713 4623 παριδεῖν
1731 4553 1859 4607 Ἐκ-

1972 4550 2265 4614 Ecclesias,
2293 4564 2415 4620 qum
2434 4549 2493 4604 in
2519 4549 2895 4604 Romanorum
2920 4547 3233 4618 principatu
3253 4549 3561 4620 iactantur,

274 4648 531 4720 κλησίας.

274 4783 464 4837 ΡΝΗ’.
487 4810 558 4822 -
604 4777 902 4848 Ἀναεοορὰ
956 4777 1067 4849 (99)
1116 4776 1236 4849 τῶν
1260 4773 1656 4849 Ϊᾼνατοτζικῶν
1709 4776 1863 4849 πρὸς

353 4855 460 4906 τὸν
478 4845 919 4905 εὐσεϐέστατον
932 4845 1222 4913 βασιλέα,
1247 4846 1440 4916 ἤνπερ
1458 4846 1693 4916 ἔδωκαν
1709 4845 1864 4915 μετὰ

350 4921 462 4989 τῆς
482 4916 791 5003 ἀναφρρᾶς
816 4916 923 5003 ζῆ(
955 4914 1483 5003 πθᾳγεψᾳμμένης
1505 4914 1586 4982 τῷ
1600 4914 1862 4987 μεγαλο-

350 4986 743 5060 πρεπεσέἀτφ
769 4988 979 5056 κόμητι
1005 4986 1319 5054 Εἰρηναίῳ.

362 5125 701 5196 Ἠλπίσαμεν
730 5120 884 5175 λύσιν
915 5118 1135 5174 ἔσεσθαι
1171 5118 1268 5172 τοῦ
1313 5117 1696 5186 Αίγυπτιακοῦ
1727 5118 1862 5171 κλύ-

272 5221 468 5283 δωνος,
490 5215 586 5271 τοῦ
618 5218 739 5278 ταῖς
767 5214 952 5283 ἁγίαις
989 5210 1085 5265 τοῦ
1119 5210 1256 5264 θεοῦ
1304 5208 1659 5280 Ἐκκλησίαις
1700 5225 1862 5280 προσ-

272 5310 560 5375 ϐαλόντος,
600 5307 668 5362 τὰ
697 5308 797 5378 τῆς
828 5304 1108 5368 εὐσεϐείας
1146 5304 1244 5373 τῆς
1271 5301 1546 5373 ὑμετέρας
1574 5299 1859 5371 δεχόμενοι

274 5403 616 5477 γράμματα·
655 5399 1003 5470 ἐψεύσθημεν
1032 5398 1086 5450 δὲ
1118 5397 1218 5467 τῆς
1257 5394 1494 5458 ἐλπίδος.
1523 5391 1861 5464 Θρασύτεροι

276 5497 391 5565 γὰρ
423 5493 474 5547 οί
520 5492 713 5564 ἄνδρες
757 5489 818 5555 ὲξ
848 5489 1104 5552 ἀπονοίας
1135 5486 1416 5555 ὲγένοντο’
1458 5486 1552 5539 καὶ
1599 5482 1724 5537 οὐτε
1761 5482 1862 5554 τῆς

278 5584 508 5650 ἐνδίκως
535 5585 629 5638 καὶ
655 5584 895 5654 ἐννόμως
920 5578 1310 5650 ὲπενεχθείσης
1329 5578 1513 5643 αὐτοῖς
1539 5576 1862 5647 ἐφρόντισαν

377 5762 466 5834 97)
500 5761 591 5834 Sic
619 5762 696 5834 Μ.
718 5762 772 5816 in
802 5776 975 5834 marg.
1007 5761 1165 5834 Vulg.
1199 5757 1501 5830 καταλάϐῃ.

377 5763 445 5819 97
500 5762 591 5818 Sic
619 5762 688 5817 M.
718 5762 772 5816 in
802 5776 973 5832 marg.

376 5762 466 5906 98)
501 5832 769 5901 ἑτέρωθεν
802 5831 973 5888 Mans.

1964 4660 2077 4700 non
2108 4643 2368 4717 negligat.

1965 4779 2178 4852 1327
2204 4777 2428 4835 CLVlIl.
2451 4809 2520 4818 —
2552 4776 2756 4830 Relatio
2789 4773 3237 4852 Orientalium_ad
3262 4775 3553 4852 piissimum

2031 4846 2435 4921 ἷηῗρὲταιονειιι,
2496 4864 2658 4914 quam
2704 4863 2829 4921 cum
2879 4854 3004 4901 ante
3033 4846 3254 4921 _sqripta
3299 4846 3565 4901 relatione‘

2033 4915 2555 4993 magniﬁcentissimo
2580 4918 2756 4972 comiti
2777 4915 2984 4971 Irenaeo
3007 4915 3286 4969 dederunt.

2037 5118 2398 5189 Speravimus
2441 5116 2561 5170 fore
2614 5122 2679 5168 ut
2734 5111 3053 5183 [Egyptiaca
3075 5120 3399 5183 tempestas,
3431 5128 3553 5182 qua:

1967 5217 2185 5266 sanctas
2232 5207 2328 5263 Dei
2376 5206 2654 5262 Ecclesias
2690 5204 3008 5275 exagitavit,
3057 5204 3301 5275 acceptis
3333 5203 3555 5274 pietatis

1967 5311 2164 5358 vestrae
2209 5298 2415 5355 litteris
2466 5296 2689 5353 tandem
2730 5296 3034 5367 aliquando
3080 5296 3372 5351 sedaretur
3406 5312 3419 5346 :
3455 5294 3551 5348 sed

1966 5407 2064 5463 spe
2085 5398 2276 5446 nostra
2306 5387 2556 5444 frustrati
2582 5401 2798 5443 sumus.
2839 5386 3058 5443 Etenim
3087 5386 3191 5439 viri
3221 5384 3299 5439 illi
3329 5383 3554 5437 vesania

1968 5484 2078 5539 acti
2112 5481 2502 5538 insolentiores
2520 5486 2839 5544 evaserunt,
2868 5486 2924 5534 et
2946 5492 3125 5548 neque
3150 5476 3579 5546 depositionenr'

1964 5575 2113 5646 juste
2137 5574 2152 5595 ‘
2184 5571 2542 5645 legitimoque
2590 5571 2727 5641 ipsis
2759 5570 2965 5626 illatam
3005 5567 3303 5637 quidquam
3331 5576 3548 5631 curant,

1979 5751 2152 5880 “(893)
2192 5752 2479 5824 Ἐπιστολὴ
2521 5751 2629 5807 τῶν
2662 5749 2861 5805 αὐτῶν.
2900 5748 2971 5805 Μ.
3006 5747 3062 5802 in
3118 5745 3385 5820 margine,
3421 5759 3545 5816 pag.
