4072 6424
494 371 632 434 1455

1479 362 1966 426 THEODORETI
2005 358 2347 420 EPISCOPI
2385 360 2752 420 CYRENSIS

3612 353 3754 420 1456

489 498 668 552 neque
717 497 815 551 per
860 479 1164 551 majestatis
1193 487 1388 532 vestrae
1417 473 1850 545 increpationem
1883 470 2070 526 mode-

2176 469 2572 542 καθαιρέσεως,
2601 469 2725 522 οὔτε
2757 471 2822 540 τῇ
2845 468 3160 539 ἐπιτιμήσει
3189 465 3280 520 τοῦ
3313 464 3578 535 ὑμετέρου
3607 464 3753 534 κρά-

485 571 688 624 stiores
711 569 894 623 eﬂ'eeti
919 577 1047 622 sunt
1095 586 1107 620 :
1148 566 1244 621 sed
1278 575 1334 619 et
1363 564 1585 634 pietatis
1612 571 1807 616 vestrm
1831 561 2069 615 sanctio-

491 659 654 712 nibus
681 657 1030 725 contemptis,
1060 665 1490 721 sanctorumque
1515 652 1737 705 Palmm
1763 648 2069 704 canonibus

488 752 847 813 conculcatis,
889 765 1012 804 eum
1040 750 1133 804 alii
1159 749 1269 803 sint
1291 747 1546 817 depositi,
1582 745 1676 800 alii
1698 757 1829 799 vero
1853 760 2070 799 excom—

490 843 776 907 municati,
805 841 976 896 festos
996 841 1116 895 dies
1140 839 1196 893 in
1220 839 1480 894 oratoriis
1503 845 1691 908 agunt,
1725 836 2070 891 celebrantes

488 950 738 1004 synaxes.

561 1027 672 1081 Nos
697 1025 923 1095 quidem
948 1063 962 1087 ,
1019 1022 1185 1078 sicuti
1228 1021 1392 1075 etiam
1433 1019 1638 1075 Christi
1662 1027 1935 1074 amantem
1962 1015 2072 1072 cel-

490 1117 788 1172 situdinem
811 1127 1049 1171 vestram
1075 1129 1140 1168 ea
1161 1113 1229 1167 de
1247 1127 1306 1166 re
1328 1113 1618 1166 certiorem
1640 1121 1800 1164 antea
1818 1109 2067 1172 fecimus,

492 1225 616 1265 cum
641 1207 882 1277 acceptis
915 1205 1220 1260 clementia:
1239 1212 1434 1258 vestrae
1460 1201 1659 1257 litteris
1690 1200 1838 1254 omni
1868 1200 2072 1269 pietate

491 1299 691 1369 plenis,
719 1299 774 1350 in
800 1295 1048 1365 Apostoli
1071 1293 1297 1349 basilica
1322 1308 1514 1362 preces
1538 1291 1801 1345 duntaxat
1824 1291 1935 1343 Deo
1955 1289 2073 1342 fun-

491 1391 624 1444 dere
651 1402 998 1458 cuperemus,
1025 1403 1134 1440 non
1156 1386 1319 1440 modo
1341 1384 1779 1455 prohibuerunt;
1817 1383 1911 1438 sed
1935 1381 2074 1452 lapi-

493 1481 715 1535 datione
755 1479 916 1543 facta,
961 1479 1126 1547 longo
1159 1492 1379 1547 quoque
1423 1476 1601 1546 spatio
1641 1474 1872 1529 insecuti
1909 1481 2068 1539 sunt;

494 1573 569 1626 ita
603 1581 665 1625 ut
693 1569 818 1639 fuga
851 1583 1132 1637 cursuque
1158 1567 1285 1621 vitae
1315 1566 1623 1636 periculum
1648 1564 2013 1618 evaserimus.

567 1661 686 1716 Sibi
750 1675 884 1714 vero
933 1659 1154 1728 quidvis
1217 1659 1384 1712 licere
1452 1657 1825 1721 arbitrantur;
1895 1669 2075 1724 neque

491 1751 560 1806 ad
605 1749 903 1808 concilium
951 1749 1288 1813 convenire,
1345 1763 1523 1816 neque
1571 1745 2073 1802 controversiarum

493 1839 894 1894 discussionem
935 1847 1297 1907 pertractare,
1331 1851 1511 1906 neque
1542 1837 1609 1890 de
1667 1835 1940 1890 htereticis
1974 1833 2076 1905 Cy—

491 1931 601 1984 rilli
649 1929 920 1999 capitibus
969 1928 1247 1998 (quoniam
1299 1935 1636 1997 argumenta,
1685 1926 2079 1996 qureimpieta-

493 2030 606 2074 tem
653 2019 875 2074 illorum
934 2025 1122 2087 aperte
1157 2018 1490 2080 ostendunt,
1553 2018 1765 2070 diluere
1810 2033 1868 2071 sc
1915 2031 2078 2085 posse

493 2113 652 2181 plane
681 2108 982 2180 diﬂidunt),
1021 2111 1291 2164 rationem
1328 2109 1561 2164 reddere
1587 2111 1886 2163 voluerunt
1918 2126 1929 2160 :
1960 2108 2074 2162 sola

493 2211 678 2257 autem
703 2202 933 2257 audacia
961 2201 1385 2270 temeritateque
1421 2216 1541 2255 sese
1565 2200 1832 2266 efferunt;
1865 2216 1973 2254 non
1999 2208 2078 2253 ta-

493 2311 619 2351 men
664 2296 914 2359 audacia,
965 2309 1145 2363 neque
1178 2293 1510 2357 temeritate,
1565 2292 1779 2362 1328
1809 2290 1902 2345 sed
1930 2300 2078 2343 tran-

493 2385 791 2454 quillitate,
825 2384 919 2438 sed
944 2383 1197 2447 scientia,
1231 2382 1328 2436 sed
1353 2381 1667 2451 dogmatum
1692 2379 1923 2449 peritia,
1955 2393 2077 2447 quae

493 2474 775 2543 proposita
797 2479 944 2536 sunt,
977 2470 1138 2526 simul
1166 2469 1467 2523 examinari
1495 2469 1722 2523 debent.

565 2564 871 2633 Eapropter
895 2560 1504 2633 magniﬁcentissimum
1529 2561 1785 2614 comitem
1809 2560 2076 2614 Irenaeum

481 2654 830 2725 "praemittere
859 2651 1128 2723 compulsi
1155 2666 1366 2715 sumus,
1402 2658 1463 2705 ut
1491 2650 1538 2704 is
1565 2659 1620 2704 et
1639 2659 1878 2705 vestram
1907 2652 2077 2719 pieta-

461 2752 603 2798 .tem
653 2742 971 2805 conveniat,
1039 2741 1322 2808 totiusque
1384 2742 1587 2812 negotii
1644 2743 1841 2796 seriem
1890 2742 2078 2810 expla-

483 2842 626 2888 net:
663 2833 936 2903 siquidem
962 2832 1104 2885 nihil
1159 2841 1342 2887 actum
1393 2841 1498 2896 est,
1536 2833 1683 2901 quod
1710 2833 1862 2886 illum
1886 2833 2072 2886 lateat.

487 2929 719 2998 'Acccp'rt
771 2928 916 2982 idem
962 2944 993 2982 a
1032 2927 1192 2982 nobis
1243 2928 1512 2998 plurimos
1567 2929 1852 2997 prmsentis
1897 2926 2075 2981 morbi

492 3020 722 3075 curandi
770 3019 965 3072 modos
986 3058 1000 3083 ,
1048 3018 1252 3088 quibus
1293 3019 1662 3088 tranquillitas
1689 3018 1954 3074 Ecclesiis
1976 3017 2072 3073 Dei

495 3110 712 3165 restitui
730 3119 915 3179 queat.
941 3110 1217 3179 Rogamus
1235 3117 1471 3163 vestram
1490 3109 1991 3173 mansuetudinem,
2017 3118 2076 3164 ut

2171 578 2297 624 τους
2336 561 2584 628 ἐγένοντο
2631 560 3089 630 σωφρονέστεροι·
3144 557 3279 611 ἀλλὰ
3334 555 3430 608 καὶ
3474 555 3601 616 τοὺς
3648 555 3755 622 τῆς

2174 654 2451 723 ὑμετέρας
2482 651 2764 714 εὐσεϐείας
2792 651 3008 721 νόμους,
3038 649 3279 711 καὶτοὺς
3301 647 3410 700 τῶν
3438 646 3608 713 ἁγίων
3637 646 3757 698 Πα-

2172 744 2346 814 τέρων
2383 743 2614 805 κανόνας
2643 743 3007 812 πατήσαντες,
3041 741 3209 810 οἱμὲν
3230 738 3671 808 καθαιρεθέντες,
3700 736 3756 788 οἰ

2171 833 2228 886 δὲ
2260 832 2613 904 ἀκοινώνητοι
2639 833 2943 902 γενόμενοι,
2975 834 3031 884 ἐν
3055 834 3166 894 τοῖς
3209 828 3522 899 εὑκτηρίοις
3560 829 3647 898 ἐορ
3662 828 3754 879 τά-

2174 924 2356 988 ζουσιν
2381 925 2570 988 οἴκοις,
2609 924 2859 990 συνάξεις
2893 921 3287 984 ἐπιτελοῦντες.

2244 1017 2354 1070 Καὶ
2375 1016 2522 1085 ἡμᾶς
2565 1015 2686 1085 μὲν,
2728 1016 2804 1079 ὡς
2834 1014 2928 1068 καὶ
2958 1015 3060 1084 ἤδη
3092 1013 3192 1084 τὴν
3216 1010 3560 1082 φιλόχριστον
3593 1007 3754 1078 ὑμῶν

2174 1103 2494 1174 ἐδιδάξαμεν
2516 1102 2777 1174 κορυφὴν,
2797 1101 3196 1174 προσεύξασθαι
3223 1102 3382 1171 μόνον
3409 1101 3489 1162 είς
3516 1099 3575 1151 τὸ
3597 1099 3754 1166 ἅγιον

2177 1193 2912 1264 βουληθένταςἋποστόλιον,
2946 1194 3084 1264 μετὰ
3107 1193 3167 1244 τὸ
3188 1191 3443 1256 δέξασθαι
3474 1191 3543 1244 τὰ
3570 1190 3756 1258 πάσης

2175 1286 2457 1349 εὑσεϐείας
2485 1286 2725 1356 γέμοντα
2751 1287 3056 1356 γράμματα
3097 1284 3199 1354 τῆς
3237 1283 3509 1355 ὑμετέρας
3558 1283 3758 1353 ἡμερό-

2174 1395 2356 1448 τητος,
2385 1379 2446 1430 οὑ
2477 1379 2634 1447 μόνον
2657 1378 2959 1444 ἐκώλυσαν,
2993 1376 3128 1430 ἀλλὰ
3157 1377 3248 1430 καὶ
3271 1375 3625 1438 κατέλευσαν,
3654 1373 3757 1426 καὶ

2180 1469 2341 1539 μέχρι
2372 1468 2568 1522 πολλοῦ
2592 1469 2920 1533 κατεδίωξαν
2947 1511 2963 1536 ,
3000 1468 3073 1531 ὡς
3123 1471 3270 1538 φυγῇ
3305 1468 3400 1520 καὶ
3437 1466 3624 1537 δρόμῳ
3653 1465 3756 1536 τὴν

2180 1559 2452 1630 σωτηρίαν
2471 1560 2620 1629 ἡμᾶς
2650 1558 3000 1631 πορίσασθαι.

2249 1654 2443 1717 Αὑτοῖς
2468 1653 2525 1706 δέ
2554 1655 2662 1707 πᾶν
2687 1652 2866 1707 ὁτιοῦν
2890 1655 3062 1707 ποιεῖν
3082 1652 3284 1718 ἐξεῖναι
3312 1651 3643 1722 νομίζουσιν·
3671 1654 3757 1716 εἰς

2178 1746 2235 1800 δὲ
2274 1746 2546 1816 συνέδριον
2569 1745 2831 1800 εἰσελθεῖν
2864 1745 2963 1815 (1),
3001 1745 3096 1798 καὶ
3138 1743 3369 1814 βάσανον
3403 1745 3510 1798 τῶν
3558 1745 3756 1815 ζητου-

2185 1840 2360 1910 μένων
2390 1823 2868 1909 ποιήσασθαι,κώ
2898 1836 3037 1906 ὑπὲρ
3059 1836 3167 1889 τῶν
3193 1836 3486 1906 αίρετικῶν
3515 1837 3608 1889 τοῦ
3640 1838 3759 1889 Κυ-

2180 1931 2363 2003 ρίλλου
2389 1929 2699 1998 κεφαλαίων
2722 1929 3164 2000 ἀπολογήσασθαι
3186 1928 3285 1981 οὑκ
3302 1928 3610 1998 ἠνέσχοντο,
3627 1931 3761 1992 τοὺς

2179 2022 2474 2091 προφανεῖς
2504 2023 2606 2088 τῆς
2637 2022 2695 2071 ἐν
2723 2019 2904 2083 αὐτοῖς
2933 2017 3248 2080 δυσσεϐείας
3275 2017 3530 2088 ἐλέγχους
3553 2019 3762 2087 ἀπαγο-

2181 2108 2426 2180 ρεύοντες
2449 2125 2462 2138 ·
2509 2110 2652 2180 μέγα
2675 2111 2731 2163 δέ
2761 2109 3050 2180 φρονοῦσιν
3094 2111 3185 2163 ἐπὶ
3222 2110 3368 2180 μόνῳ
3407 2109 3484 2180 τῷ
3525 2109 3754 2180 θράσει*

2180 2199 2354 2253 καίτοι
2383 2217 2446 2270 γε
2485 2200 2548 2253 οὑ
2578 2201 2813 2271 θράσους
2839 2241 2854 2265 ,
2908 2201 3026 2255 ἀλλ’
3061 2202 3310 2273 ἡσυχίας,
3349 2201 3444 2254 καὶ
3476 2201 3756 2270 γνώσεως,

2179 2291 2272 2343 καὶ
2301 2291 2400 2360 τῆς
2438 2290 2547 2344 τῶν
2597 2292 2885 2362 δογμάτων
2928 2293 3222 2364 ἐμπειρίας
3249 2295 3281 2364 ή
3310 2293 3438 2364 περὶ
3483 2293 3594 2348 τῶν
3622 2310 3760 2364 προ-

2178 2385 2450 2454 κειμένων
2486 2384 2834 2449 συνεξέτασίς
2865 2387 3002 2439 ἐστι.

2249 2556 2452 2610 Τούτου
2511 2558 2672 2630 χάριν
2701 2561 3126 2634 ἠναγκάσθημεν
3187 2563 3616 2634 προπέμψασθαι
3673 2561 3756 2637 (Ξ)

2177 2649 2267 2701 τὶν
2300 2650 2879 2722 μεγαλοπρεπέστατον
2916 2653 3130 2724 κόμητα
3163 2655 3471 2724 Εἰρηναῖον,
3512 2655 3756 2708 καταλα-

2178 2741 2292 2794 ϐεῖν
2315 2743 2470 2812 ὑμῶν
2497 2743 2596 2812 τὴν
2621 2743 2922 2809 εὐσέϐειαν,
2959 2745 3051 2798 καὶ
3077 2745 3145 2798 τὰ
3185 2745 3279 2798 τοῦ
3319 2747 3638 2817 πράγματος
3671 2746 3756 2800 δι-

2178 2831 2369 2897 δάξαι·
2406 2833 2472 2886 τά
2527 2851 2582 2885 τε
2633 2834 2740 2905 γὰρ
2795 2835 3135 2906 γεγενημένα
3169 2835 3411 2906 ἀκριϐῶς
3442 2836 3757 2900 ἐπίσταται,

2179 2923 2273 2974 καὶ
2316 2923 2601 2994 μεμάθηκε
2638 2925 2769 2995 παρ’
2819 2925 2975 2995 ἡμῶν
3023 2925 3248 2989 πολλοὺς
3293 2926 3588 2996 θεραπείας
3629 2927 3758 2997 τρό-

2178 3030 2330 3075 πους,
2369 3012 2435 3064 δι’
2485 3007 2558 3065 ὧν
2604 3013 2826 3066 δυνατὸν
2853 3015 2914 3067 τὸ
2962 3017 3234 3086 ἀτάραχον
3268 3020 3389 3080 ταῖς
3431 3018 3609 3085 ἁγίαις
3658 3017 3755 3070 τοῦ

2178 3104 2314 3158 Θεοῦ
2355 3103 2705 3176 Ἐκκλησίαις
2739 3108 3154 3179 παρασχεθῆναι
3190 3109 3296 3177 (5)·
3319 3107 3412 3174 οὓς
3441 3108 3760 3180 ἱκετεύομεν

453 3223 458 3228 ·
481 3202 771 3271 patienter
796 3197 922 3255 illos
945 3199 1012 3254 ab
1040 3215 1106 3254 eo
1134 3209 1449 3270 cognoscat,
1483 3209 1537 3254 et
1562 3201 1706 3270 quod
1735 3209 1932 3255 vestrae
1954 3201 2074 3272 pie-

2178 3197 2516 3262 ἀνεξικάκως
2548 3199 2647 3270 τὴν
2677 3201 2947 3270 ὑμετέραν
2995 3202 3124 3272 παρ’
3174 3201 3338 3254 αὑτοῦ
3394 3201 3585 3273 μαθεῖν
3615 3203 3756 3272 ἡμε-

487 3288 594 3342 1ati
647 3289 825 3344 visum
869 3289 1056 3354 fuerit,
1115 3297 1319 3358 quanta
1363 3288 1479 3343 ﬁeri
1528 3291 1749 3358 poterit,
1799 3290 2079 3345 celeritate

485 3378 805 3448 praecipiat,
855 3393 923 3432 nc
948 3381 1085 3432 citra
1127 3393 1346 3433 omnem
1368 3378 1660 3434 utilitatem
1688 3387 1744 3434 et
1774 3379 2078 3435 necessita-

494 3475 608 3521 tem
647 3466 737 3520 hic
763 3481 1177 3521 consumamur.

481 3577 678 3632 :CLIX.
701 3580 791 3618 --⁶
811 3578 1054 3649 Epistula
1080 3580 1381 3633 earumdem
1409 3581 1479 3654 at!
1505 3582 1809 3651 prarfcclum
1834 3590 1882 3635 et
1913 3585 2080 3654 magi-

1092 3658 1264 3702 strum
1289 3668 1321 3704 a
1343 3653 1481 3719 pari.

566 3735 648 3789 Ad
673 3751 969 3800 summum,
1031 3745 1092 3791 ut
1121 3737 1229 3791 dici
1259 3739 1418 3803 solet,
1445 3740 1710 3792 malorum
1732 3739 2076 3806 devenimus,

491 3841 546 3886 et
595 3843 718 3881 cum
766 3829 1026 3882 extremis
1072 3828 1338 3897 periculis
1383 3830 1696 3894 luctamur,
1741 3847 1803 3885 ac
1846 3840 2075 3887 mortem

495 3919 746 3990 quotidie
779 3919 940 3973 nobis
974 3920 1046 3973 ob
1077 3921 1270 3973 oculos
1291 3931 1604 3975 versantem
1632 3923 1900 3975 videmus.
1941 3923 2075 3977 Nam

495 4026 618 4080 qua;
642 4025 671 4062 a
691 4010 894 4079 Cyrillo
922 4019 979 4063 et
1010 4009 1298 4062 Memnone
1336 4013 1663 4080 caaterisque
1689 4011 1940 4066 factionis
1958 4013 2079 4065 illo-

497 4116 618 4154 rum
649 4099 1003 4154 consortibus
1037 4099 1094 4153 in
1123 4114 1226 4155 nos
1250 4101 1515 4154 audacter
1534 4102 1973 4167 committuntur,
2011 4119 2076 4157 ea

405 4253 413 4260 ⁸
493 4205 713 4245 omnem
740 4191 1092 4246 barbaricum
1121 4190 1364 4246 furorem
1392 4192 1702 4256 excedunt,
1752 4195 2074 4264 nullumque

493 4279 802 4352 tyrannidis
818 4295 992 4350 genus
1007 4281 1075 4334 ab
1092 4281 1172 4335 eis
1189 4282 1618 4350 praetermissum
1637 4289 1739 4336 est.
1759 4282 2072 4349 Continuis,

491 4378 661 4438 prout
695 4371 751 4423 in
776 4370 920 4424 bello
951 4369 1069 4424 ﬁeri
1096 4371 1254 4432 solet,
1291 4371 1590 4424 insultibus
1619 4371 1880 4425 audacter
1901 4372 2076 4441 impe-

492 4459 661 4513 timur
703 4477 717 4512 :
755 4460 903 4514 :edes
925 4469 1143 4514 nostras
1169 4462 1278 4530 jam
1306 4461 1392 4514 bis
1417 4461 1835 4530 inscripserunt,
1871 4477 2067 4532 nempe

493 4557 553 4602 ut
601 4548 711 4602 illis
742 4549 853 4603 sint
892 4550 1195 4604 manifestae
1222 4557 1280 4603 et
1303 4551 1624 4620 designatas,
1676 4552 1768 4620 qui
1801 4552 2067 4621 impetum

489 4637 688 4694 lactari
714 4647 862 4694 sunt.
911 4640 1084 4694 Omne
1117 4641 1380 4709 templum
1412 4641 1574 4694 nobis
1604 4643 1929 4709 pragclusum
1957 4651 2069 4708 est;

491 4730 690 4783 morbo
737 4731 1072 4798 consumpti,
1128 4745 1190 4783 ac
1239 4731 1324 4783 vel
1370 4731 1588 4785 modico
1619 4733 1757 4786 ccelo
1796 4732 1902 4786 frui
1925 4733 2073 4788 desi-

491 4817 768 4881 derantes,
793 4817 1006 4886 1329
1028 4818 1310 4887 obliquato
1327 4819 1504 4886 capite
1521 4819 1832 4889 prospicere
1847 4836 1955 4874 non
1979 4837 2076 4874 au-

449 4973 454 4979 .
490 4908 705 4972 demus,
732 4909 1072 4962 contribules
1096 4924 1204 4963 non
1227 4925 1387 4964 secus
1404 4926 1467 4965 ac
1485 4911 1868 4966 infestissimos
1889 4912 2075 4967 hostes

451 4991 459 4998 ’
489 4999 931 5053 extimescentcs.
949 4998 1272 5054 Sanctorum
1288 5002 1508 5056 Patrum
1523 5005 2073 5058 cauonesconculcati

489 5100 640 5152 sunt,
673 5093 1129 5147 excommunicati
1169 5103 1225 5148 et
1264 5094 1603 5148 exauctorati
1647 5095 1820 5149 sacris
1857 5097 2074 5165 operari

489 5182 628 5236 nihil
659 5191 942 5246 verentur,
980 5185 1146 5254 impia
1184 5201 1283 5239 sua
1309 5185 1561 5255 dogmata
1589 5186 1811 5254 copiose
1851 5186 1952 5241 Dei
1978 5203 2076 5258 po-

489 5275 620 5344 pulo
669 5273 1073 5343 profundentes
1094 5315 1108 5340 ,
1158 5283 1215 5329 et
1259 5291 1360 5330 nos
1393 5277 1613 5331 interim
1646 5277 1841 5332 inclusi
1874 5280 2074 5335 misere

490 5366 581 5420 hic
624 5381 854 5430 sumus,
918 5367 1338 5436 invasionesqne
1392 5369 1921 5437 circumspectamus
1969 5371 2074 5426 im-

489 5457 783 5511 mincntcs.

596 5547 640 5618 l)
679 5547 949 5600 συνελθεῖν
980 5547 1048 5600 Μ.
1077 5548 1423 5618 ἰηίιηοτεζίηε.

585 5617 638 5688 r:2)
671 5618 1073 5688 προτρέψασθαι
1103 5617 1168 5688 Μ.
1197 5620 1250 5670 in
1280 5617 1543 5688 margine.

581 5685 633 5756 '5)
669 5690 970 5756 παρασχεῖν
1004 5685 1082 5756 Μ.
1107 5685 1458 5756 inmargin'e.

596 5548 640 5614 Ι)
679 5548 949 5600 συνελθεῖν
980 5548 1048 5600 Μ.
1077 5548 1129 5600 in
1161 5550 1423 5618 margine.

585 5617 638 5686 "2)
671 5618 1073 5685 προτρέψασθαι
1103 5617 1168 5669 Μ.
1197 5620 1250 5670 in
1280 5623 1437 5688 marg"

581 5692 633 5752 ο)
669 5690 970 5753 παρασχεῖν
1004 5685 1072 5738 Μ.
1117 5687 1168 5737 in
1197 5689 1435 5756 margine

586 5755 638 5820 ιι)
675 5743 1044 5824 συντριϐῶμεν
1074 5755 1141 5806 Μ.
1179 5755 1232 5808 in
1267 5772 1437 5827 marg.

2182 3289 2406 3360 ρότητα,
2441 3290 2535 3343 καὶ
2564 3290 2624 3342 τὸ
2652 3290 2842 3343 δοκοῦν
2874 3294 2940 3361 τῇ
2979 3293 3223 3363 ὑμετέρα
3271 3292 3524 3364 εὐσεϐείᾳ
3561 3293 3758 3348 θᾶττον

2179 3381 2436 3435 κελεῦσαι
2487 3382 2774 3450 γενέσθαι,
2810 3383 2899 3436 ἵνα
2943 3383 3016 3454 μὴ
3053 3385 3132 3446 είς
3174 3383 3326 3437 οὐδὲν
3356 3383 3474 3437 δέον
3521 3383 3758 3440 ἐνταῦθα

2181 3472 2597 3543 συντριϐὠμεθα
2631 3475 2729 3543 (4).

2178 3586 2350 3638 PNG’.
2395 3616 2465 3625 —
2503 3587 2832 3660 Ἐπιστολὴ
2877 3587 2993 3660 τῶν
3023 3589 3221 3642 αὐτῶν
3262 3591 3412 3657 πρὸς
3440 3591 3545 3644 τὸν
3569 3591 3759 3660 ἔπαρ-

2391 3673 2521 3723 χον,
2553 3659 2649 3710 καὶ
2687 3656 2793 3709 τὸν
2822 3658 3155 3727 μᾰγιστρον
3188 3656 3398 3728 ὁμοίως
3566 3701 3582 3713 .

2249 3743 2344 3806 Εἰς
2370 3744 2595 3814 ἔσχατον
2625 3746 2792 3799 κακὸν
2824 3746 2922 3817 (6),
2950 3747 3009 3798 τὸ
3037 3747 3099 3818 δὴ
3132 3748 3452 3819 λεγόμενον,
3483 3750 3757 3821 ἐληλάκα-

2139 3887 2150 3896 _
2181 3849 2302 3903 μεν,
2331 3835 2424 3888 καὶ
2451 3835 2643 3898 δεινοῖς
2669 3838 3115 3908 προσπαλαίομεν
3140 3841 3481 3908 ἀνηκέστοις,
3510 3842 3604 3894 καὶ
3629 3843 3754 3895 καθ’

2177 3923 2438 3995 ἑκάστην,
2464 3926 2538 3988 ὡς
2567 3928 2760 3989 εἰπεῖν,
2788 3927 2882 3998 τὴν
2910 3929 3121 4000 ἡμέραν
3141 3931 3218 4001 (7)
3238 3930 3326 3984 τὸν
3349 3931 3575 3985 θάνατον
3593 3935 3754 4004 ἡμῶν

2179 4015 2290 4086 πρὸ
2349 4016 2643 4088 ὀφθαλμῶν
2685 4019 2977 4088 βλέπομεν.
3027 4023 3213 4075 Πᾶσαν
3247 4022 3355 4093 γὰρ
3408 4023 3754 4098 βαρϐαρικὴν

2177 4108 2496 4180 ὑπερϐαίνει
2549 4111 2743 4180 μανίαν
2785 4112 2850 4166 τὰ
2880 4113 2984 4166 ὑπὸ
3024 4113 3293 4184 Κυρίλλου
3324 4116 3413 4169 καὶ
3443 4118 3748 4186 Μέμνονος,

2175 4201 2394 4253 καὶτῶν
2423 4203 2518 4254 σὺν
2545 4203 2748 4267 αὐτοῖς,
2773 4204 2894 4257 καθ’
2920 4207 2953 4275 ἡ
2964 4206 3078 4276 μῶν
3096 4204 3444 4277 τολμώμενα,
3475 4209 3568 4264 καὶ
3599 4211 3750 4266 οὐδὲν

2176 4288 2314 4356 εἶδος
2349 4293 2532 4356 αὑτοῖς
2565 4296 2995 4366 παραλέλειπται
3029 4300 3366 4370 τυραννίδος.
3401 4301 3617 4370 Ἐφοδοι
3649 4304 3750 4375 μὲν

2175 4383 2283 4454 γὰρ
2317 4388 2565 4454 συνεχεῖς
2589 4427 2603 4451 ,
2638 4387 2715 4450 ὡς
2755 4389 2810 4440 ἐν
2842 4389 3062 4461 πολέμῳ
3085 4432 3098 4458 ,
3138 4392 3464 4462 τολμῶνται,
3490 4397 3548 4447 αἱ
3582 4396 3748 4448 οἰκίαι

2174 4473 2331 4543 ἡμῶν
2360 4474 2457 4544 ἤδη
2491 4475 2572 4538 δίς
2626 4477 3018 4548 ἐπεγράφησαν
3043 4522 3057 4546 ,
3093 4480 3232 4534 ὥστε
3274 4482 3438 4553 δήλας
3484 4479 3624 4537 εἶναι
3655 4483 3751 4536 καὶ

2175 4567 2484 4637 ἐπισήμους
2529 4570 2647 4630 τοῖς
2695 4569 2906 4624 ἐπιέναι
2950 4572 3222 4641 μέλλουσι.
3267 4575 3382 4636 Πᾶς
3435 4570 3582 4638 οἶκος
3619 4577 3748 4646 ἡμῖν

2174 4661 2464 4732 εὑκτήριος
2493 4663 2943 4718 ἁποκέκλεισται-
2973 4667 3112 4736 νόσῳ
3149 4666 3607 4739 διαφθειρόμενοι,
3652 4669 3748 4723 καὶ

2178 4752 2415 4821 σμικροῦ
2445 4754 2605 4824 ἀέρος
2633 4754 2943 4808 ἀπολαῦσαι
2972 4755 3283 4823 ποθοῦντες,
3317 4759 3656 4829 προκύπτειν
3683 4761 3745 4813 οὑ

2175 4840 2510 4913 θαρροῦμεν,
2541 4845 2616 4907 ὡς
2650 4844 2957 4916 βαρϐάρους
2985 4850 3111 4912 τοὺς
3143 4849 3446 4919 ὁμοφύλους
3477 4850 3751 4921 φοϐούμε-

2176 4950 2277 4988 νοι.
2314 4937 2375 4988 Οί
2406 4936 2511 4988 τῶν
2540 4936 2707 5004 ἁγίων
2731 4938 2990 5010 Πατέρων
3027 4941 3248 5004 κανόνες
3284 4943 3652 5012 πεπάτηνται·
3699 4945 3747 4997 οί

2177 5024 2547 5096 καοῃρημένοι
2587 5027 2682 5079 καὶ
2733 5028 3084 5100 άκοινὼνητοι
3131 5031 3438 5102 ἱερουργίας
3486 5035 3750 5085 κατατολ-

2182 5116 2347 5184 μῶσι,
2404 5117 2473 5170 τὰ
2505 5116 2742 5188 δυσσεϐῆ
2783 5119 2964 5173 αὐτῶν
3013 5121 3299 5191 ἐκχέοντες
3345 5122 3422 5193 τῷ
3471 5123 3583 5195 λαῷ
3615 5125 3747 5178 θεοῦ
3813 5103 3818 5145 'i

2176 5204 2480 5274 διδάγματα
2500 5223 2513 5236 ο
2545 5207 2707 5276 ἡμεῖς
2741 5224 2800 5260 τε
2829 5207 3218 5280 καθειργμένοι
3249 5210 3624 5282 διατελοῦμεν,
3656 5214 3752 5268 καὶ

2175 5297 2273 5360 τὰς
2298 5297 2522 5365 ἐφόδους
2549 5299 3007 5369 περισκοποῦμεν.

2243 5561 2321 5638 (ξ)
2358 5563 2426 5638 _V.
2455 5561 2626 5616 Mansi
2669 5562 3191 5638 Cpllect._eoncil._l.
3225 5582 3297 5634 c.,
3333 5583 3386 5638 p.
3431 5567 3588 5624 1584.

2245 5631 2320 5771 (6)
2355 5631 2558 5701 ἔσχατα
2593 5633 2774 5685 κακῶν
2802 5633 2870 5686 Μ.
2901 5634 2953 5688 in
2979 5635 3242 5706 margine.

2270 5702 2322 5771 7)
2359 5701 2506 5771 ὥραν
2538 5702 2606 5756 Μ.
2635 5703 2690 5756 in
2720 5718 2891 5771 marg.

2270 5702 2322 5771 7)
2359 5702 2506 5771 ὥραν
2538 5702 2606 5756 Μ.
2635 5703 2690 5756 in
2720 5718 2891 5773 marg.
