4072 6466
322 460 345 524 1
358 452 462 520 45⁸1

1663 451 2025 515 EPISTOLA
2068 453 2262 511 CLXI.

3436 448 3590 514 1438‘

390 559 636 642 Δεόμεθα
656 524 837 613 τοίνύν
860 559 951 613 καὶ
974 558 1290 629 ἱκετεύομεν
1313 559 1411 630 τὴν
1433 561 1705 633 ὑμετέραν
1735 579 1896 632 μεγα-

2068 558 2435 614 Obsecramus
2482 556 2717 627 proinde
2780 563 3020 611 vestram
3071 557 3541 628 magniﬁcentiam
3569 602 3582 623 ,

316 654 674 725 λοπρέπειαν,
703 650 777 722 μὴ
802 651 1048 722 παριδεῖν
1077 652 1225 722 ἡμᾶς
1245 653 1302 703 ἐν
1322 652 1479 722 μέσῳ
1508 651 1615 705 τῶν
1641 651 1897 706 τοιούτων

317 741 765 813 ἀπειλημμένους
799 739 1008 804 κακῶν,
1044 740 1160 794 ἀλλ’
1194 741 1502 810 ἐξαρπάσαι
1535 744 1683 812 ἡμᾶς
1718 742 1795 812 (8)
1822 742 1899 805 ὡς

315 835 552 904 τάχιστα
574 833 667 885 τοῦ
699 831 939 884 ὑπόπτου
963 830 1217 896 Θανάτου,
1241 832 1335 885 καὶ
1363 835 1778 903 παρασκευάσαι
1800 833 1899 904 τὴν

323 923 575 993 βασιλίδα
621 923 778 977 πόλιν
827 922 1176 989 καταλαϐεῖν,
1205 924 1299 977 καὶ
1335 924 1519 978 δοῦναι
1566 924 1722 994 λόγον
1752 926 1899 994 ἡμᾶς

319 1015 466 1082 ὑπὲρ
492 1015 591 1085 τῆς
615 1014 872 1079 πίστεως,
904 1014 1002 1068 καὶ
1033 1013 1312 1083 ἐξελέγξαι
1351 1018 1459 1069 τῶν
1487 1017 1900 1088 προειρημένων

321 1104 532 1176 ἀνδρῶν
559 1105 662 1175 τήν
687 1122 746 1157 τε
769 1105 1052 1176 αἱρετικὴν
1083 1105 1429 1170 κακοδοξίαν,
1481 1108 1572 1160 καὶ
1605 1107 1703 1177 τὴν
1735 1109 1903 1178 ὑπερ-

320 1196 627 1250 ϐάλλουσαν
677 1195 1057 1268 παρανομίανο
1107 1196 1156 1248 εί
1201 1197 1309 1268 γὰρ
1341 1196 1418 1268 μὴ
1461 1196 1617 1250 τοῦτο
1667 1197 1900 1265 γένοιτο,

322 1285 603 1346 παντελῶς
632 1284 999 1356 ἀπολούμεθα,
1032 1286 1125 1338 καὶ
1151 1284 1531 1357 παρανάλωμα
1550 1285 1650 1356 τῆς
1678 1287 1904 1342 ἐκείνων

324 1377 527 1447 μανίας
560 1375 816 1445 ἐσόμεθα.

397 1466 566 1520 Πάλιν
595 1468 774 1520 τοίνυν
806 1467 1038 1537 δεόμεθα
1057 1507 1073 1532 ,
1108 1467 1205 1520 καὶ
1233 1468 1565 1540 ἐνορκοῦμεν
1609 1470 1747 1540 πρὸς
1771 1470 1903 1524 παί-

321 1556 452 1620 δων,
484 1558 620 1628 πρὸς
648 1556 757 1609 τῶν
786 1557 1081 1626 φιλτάτων,
1112 1558 1252 1630 πρὸς
1280 1560 1381 1630 τῆς
1408 1559 1623 1624 δικαίας
1646 1561 1738 1614 τοῦ
1765 1561 1901 1615 Θεοῦ

321 1648 582 1718 κρίσεως,
627 1649 701 1720 μὴ
730 1648 1087 1721 περιοφθῆναι
1120 1652 1270 1723 παρά
1310 1651 1411 1721 τῆς
1437 1652 1710 1722 ὑμετέρας
1741 1669 1902 1720 μεγαα

320 1738 678 1809 λοπρεπείας,
720 1740 834 1793 ἀλλ’
860 1741 936 1803 ὡς
963 1740 1194 1811 τάχιστα
1219 1741 1468 1796 ἐντεῦθεν
1499 1743 1900 1815 ἀπαλλαγῆναι,

320 1829 425 1882 καὶ
450 1829 731 1902 ἐλεύθερον
763 1830 901 1904 ἀέρα
931 1832 1249 1888 θεάσασθαι.

2004 649 2314 719 obnixeque
2369 649 2619 703 eamdem
2648 662 2935 719 rogamus,
2991 663 3063 703 ne
3100 663 3205 703 nos
3243 650 3409 705 tantis
3434 650 3587 706 hisce

2005 742 2163 796 malis
2203 741 2451 811 undique
2494 741 2727 805 cinctos,
2760 739 2857 795 sed
2890 739 3135 795 evidenti
3166 740 3363 795 mortis
3385 740 3589 797 discri-

2005 831 2175 896 mine,
2205 840 2406 901 quanta
2436 829 2554 885 ﬁeri
2579 838 2760 900 potest
2782 829 3086 893 celeritate,
3113 828 3339 894 eximat,
3365 829 3589 885 eﬁiciat-

2004 937 2112 992 que
2153 930 2214 976 ut
2262 921 2331 975 ad
2353 921 2558 992 regiam
2583 920 2861 975 civitatem
2891 919 3085 975 accitis
3115 918 3239 975 ﬁdei
3264 928 3467 975 nostrae
3497 934 3587 974 ra-

2004 1013 2214 1068 tionem
2260 1012 2512 1077 reddere,
2549 1027 2614 1067 ac
2640 1010 3028 1081 praedictorum
3063 1010 3308 1065 virorum
3350 1009 3587 1064 haeresin

2006 1103 2501 1172 incredibilemque
2522 1101 2873 1172 iniquitatem
2915 1102 3081 1156 liceat
3111 1109 3543 1157 commonstrare
3569 1119 3585 1156 :

2006 1211 2155 1260 nam,
2194 1196 2301 1250 nisi
2337 1195 2443 1249 hoc
2467 1192 2579 1259 ﬁat,
2618 1193 2926 1263 peribimus
2956 1192 3224 1256 funditus,
3277 1200 3439 1263 atque
3467 1193 3586 1249 illo-

2009 1303 2133 1342 rum
2152 1286 2314 1342 furiis
2334 1286 2596 1357 pabulum
2620 1284 2796 1339 futuri
2821 1299 3034 1339 sumus.

2079 1478 2271 1533 Denuo
2316 1478 2505 1547 itaque
2554 1492 2776 1533 oramus
2826 1485 2883 1533 et
2930 1493 3028 1549 per
3064 1478 3290 1543 liberos,
3326 1486 3383 1533 et
3406 1494 3506 1549 per
3524 1496 3589 1535 ea

2010 1584 2133 1640 quae
2159 1569 2319 1625 vobis
2349 1578 2479 1624 sunt
2507 1569 2852 1636 charissima,
2890 1586 2954 1625 ac
2983 1585 3085 1641 per
3099 1571 3307 1640 justum
3329 1571 3425 1626 Dei
3441 1571 3592 1642 judi-

2010 1661 2157 1715 cium
2179 1661 2543 1725 obtestamur,
2567 1677 2637 1715 ne
2662 1676 2693 1715 a
2715 1667 2898 1715 vestra
2919 1660 3323 1731 magniﬁcentia
3353 1663 3588 1733 neglecti

2012 1749 2409 1819 relinquemur,
2438 1750 2535 1805 sed
2566 1758 2627 1804 ut
2655 1762 2818 1820 quam
2842 1749 3130 1807 celerrime
3155 1742 3286 1805 hinc
3304 1766 3587 1819 eruamur,

2010 1850 2066 1894 et
2095 1840 2331 1895 liberum
2355 1855 2539 1896 aerem
2562 1841 2897 1896 intueamur.

324 1940 453 1995 PE'.
476 1971 548 1983 —
585 1943 905 2028 Ἐπιστρλῇ
950 1941 1070 1998 τῶν
1109 1945 1307 2028 αὐτῶν
1337 1947 1498 2028 πρὸς.
1519 1948 1626 2028 τόν
1650 1949 1901 2028 ,κραιπά-

2013 1950 2261 2007 CLX.—'
2277 1951 2521 2024 Epistola
2542 1955 2841 2028 eornmdem
2866 1956 2936 2008 ad
2957 1957 3297 2028 praepositum
3317 1965 3364 2012 et
3384 1957 3591 2013 schola-

470 2026 667 2077 σιτον,
704 2013 803 2066 καὶ
835 2015 943 2069 τὸν
978 2013 1395 2083 σχολαστικὸν
1429 2020 1504 2088 (9)
1526 2013 1759 2088 ὁμοίως.

399 2101 565 2155 Οὐδὲν
615 2103 874 2166 ἀπονοίας
911 2105 968 2157 ἐν
1006 2105 1441 2178 πλημμελήμασι
1483 2108 1900 2183 χαλεπώτερον

321 2190 467 2262 αῦτη
507 2192 615 2263 γάρ
645 2195 738 2248 ἐπὶ⁵
786 2194 962 2250 πάντα
990 2197 1108 2249 ἐστὶ
1138 2196 1206 2251 τά
1238 2198 1417 2252 ἄτοπα
1460 2199 1707 2270 ἡγεμών.
1769 2203 1905 2257 Ὑπὸ

323 2280 531 2353 ταύτης
557 2285 607 2337 οἱ
638 2287 927 2353 Αἰγύπτιοι
957 2287 1052 2340 καὶ
1071 2288 1120 2341 oi
1147 2288 1246 2341 σύν
1282 2288 1465 2353 αὐτοῖς
1495 2292 1907 2365 στρατηγούμε-

324 2389 411 2428 νοι
452 2375 562 2429 τῶν
598 2394 660 2431 τε
711 2377 1178 2448 ἐκκλησιαστικῶν
1221 2382 1622 2453 καταφρονοῦσι
1662 2383 1901 2455 θεσμῶν,

324 2464 428 2519 καὶ
464 2464 535 2519 τά
585 2466 781 2539 εὐσεϐῆ
826 2469 937 2523 τῶν
966 2468 1395 2539 θεοφιλεστάτων
1433 2473 1593 2544 ήμῶν
1638 2474 1904 2545 βασιλέων

327 2556 565 2611 πατοῦσι
601 2559 964 2631 θεσπίσματα.
994 2561 1133 2615 Οὐτε
1158 2562 1268 2633 γὰρ
1308 2562 1378 2617 τά
1421 2563 1634 2635 πρῶτα,
1668 2566 1794 2620 οὔτε
1835 2567 1905 2623 τά

325 2649 579 2722 δεύτερα,
619 2651 743 2705 οὐτε
772 2653 841 2706 τὰ
875 2654 1038 2725 τρίτα
1082 2655 1279 2718 αὐτοὺς
1330 2660 1627 2727 σωφρονεῖν
1659 2659 1907 2725 ἐδίδαξαν

330 2742 659 2812 γράμματα.
703 2742 839 2797 Οὑτε
876 2747 908 2816 ἡ
944 2747 1184 2816 ἐννόμως
1218 2747 1402 2811 αὐτοῖς
1430 2750 1520 2818 ὑφ’
1553 2751 1711 2821 ἡμῶν
1745 2755 1905 2807 ἐπεν-

328 2831 554 2902 εχθεῖσα
584 2833 905 2904 καθαίρεσις
947 2836 1170 2892 ἔσϐεσεν
1211 2839 1391 2892 αὐτῶν
1436 2841 1536 2910 τὴν
1568 2841 1904 2913 θρασύτητα.

344 2923 486 2977 Ἀλλ’
522 2924 862 2996 ἀθροίζονται
912 2927 1011 2996 μὲν
1044 2931 1124 2993 είς
1176 2930 1304 2993 τοὺς
1357 2931 1680 3003 εὐκτηρίους
1729 2936 1909 2999 οἴκους

331 3016 689 3086 παρανόμως,
738 3016 1049 3072 ἐπιτελοῦσι
1078 3021 1136 3073 δὲ
1179 3022 1427 3088 συνάξεις
1474 3024 1770 3098 ἀθέσμους,
1815 3030 1910 3084 καί

333 3123 420 3161 τοι
448 3122 513 3175 γε
534 3108 642 3164 τῶν
672 3109 815 3163 λαῶν
842 3109 1067 3177 ταύταις
1093 3112 1154 3166 οὐ
1188 3115 1633 3185 παραϐαλόντων.
1658 3121 1828 3175 Παντί
1852 3140 1910 3175 τε

333 3198 465 3270 θείῳ
493 3199 630 3271 οἴκῳ
656 3203 923 3274 φρουροὺς
948 3206 1363 3277 ἐπιστήσαντες,
1399 3210 1591 3264 οὐδένα
1637 3213 1777 3282 πλὴν
1811 3216 1911 3267 αὐ-

332 3290 446 3345 τῶν
475 3293 702 3346 είσιέναι
734 3293 1101 3366 συγχωροῦσι.
1128 3292 1243 3350 ΔΚαὶ
1276 3298 1449 3353 ταῦτα
1470 3300 1571 3372 ἢδη
1599 3301 1687 3355 διὰ
1729 3320 1911 3375 γραμ-

338 3383 527 3454 μάτων
551 3385 752 3456 ἐτέρων
775 3387 874 3457 τὴν
899 3387 1172 3458 ὑμετέραν
1201 3388 1518 3462 ἐδιδάξαμεν
1568 3394 1909 3467 μεγαλοπρέ-

335 3493 530 3543 πειαν,
576 3480 724 3544 ὅπως
767 3480 1219 3551 ἐκινδυνεύσαμεν
1260 3482 1660 3553 προσεύξασθαι
1715 3486 1911 3559 βουλη-

335 3568 525 3633 θέντες
570 3571 651 3633 είς
692 3572 753 3624 τὸ
802 3570 956 3640 ἅγιον
998 3571 1362 3637 Ἀποστόλιον,
1398 3573 1538 3641 μετὰ
1566 3575 1626 3627 τὸ
1654 3575 1910 3644 δέξασθαι

334 3659 408 3714 τὰ
433 3660 520 3714 διά
546 3661 641 3715 τοῦ
673 3660 1124 3733 θαυμασιωτάτου
1156 3663 1449 3718 Παλλαδίου
1471 3667 1566 3720 τοῦ
1592 3684 1912 3741 μαγιστρια-

335 3749 432 3805 νοῦ
462 3752 768 3822 γράμματα
803 3753 910 3806 τῶν
934 3754 1338 3809 εὐσεϐεστάτων
1375 3757 1532 3827 ἡμῶν
1553 3758 1648 3812 καὶ⁵
1672 3759 1915 3833 φιλοχρί-

338 3856 483 3894 στων
512 3841 793 3912 βασιλέων.
830 3843 904 3896 Οὐ
945 3844 1053 3914 γὰρ
1094 3844 1254 3915 μόνον
1294 3845 1646 3919 ἐκωλύθημεν
1677 3852 1915 3921 προσεύ-

338 3931 557 3999 ξασθαι,
588 3934 723 3988 ἀλλά
751 3934 845 3988 καὶ
875 3935 1332 4002 καταλευσθέντες
1366 3938 1527 4010 μέχρι
1556 3939 1752 3995 πολλοῦ
1782 3959 1915 3996 κατ-

337 4023 572 4097 εδιώχθη
581 4043 699 4095 μεν.

423 4117 642 4187 Ἐπειδὴ
667 4117 848 4172 τοίνυν
872 4119 967 4173 καὶ
992 4119 1093 4190 τῆς
1120 4120 1401 4185 εὐσεϐείας
1424 4122 1700 4195 ὑπάρχετε
1726 4126 1919 4196 τρόφι-

341 4225 460 4280 μοι,
488 4210 581 4262 καὶ
608 4210 667 4263 ἐν
691 4210 858 4282 ἀρετῇ
885 4210 1283 4282 διαλάμποντες
1319 4215 1469 4287 πάσῃ
1490 4255 1504 4278 ,
1537 4214 1614 4279 ὡς
1651 4215 1751 4288 τὴν
1782 4218 1916 4289 ὑμε-

337 4296 506 4369 τέραν
526 4296 776 4352 εὔκλειαν
802 4301 858 4353 ἐν
885 4302 995 4364 τοῖς
1019 4300 1272 4354 ἁπάντων
1297 4303 1691 4374 περιφέρεσθαι
1714 4306 1919 4377 στόμα-

341 4404 418 4453 σι,
450 4387 667 4456 καὶτῆς
693 4387 854 4456 ἁγίας
893 4389 1224 4459 Ἐκκλησίας
1250 4389 1504 4459 ἐκθύμως
1532 4389 1645 4459 (10)
1668 4392 1917 4463 ὑπερμαα

340 4481 511 4551 χεῖτε,
546 4482 727 4534 πᾶσαν
752 4480 1062 4550 ποιούμενοι
1087 4480 1451 4551 προμήθειαν,
1487 4479 1628 4535 ὥστε
1651 4481 1917 4553 διηνεκῶς

2590 2025 2780 2077 sticum
2805 2041 2838 2078 a
2862 2025 3002 2096 pari.

2079 2113 2227 2168 Inter
2253 2113 2455 2170 delicta
2483 2114 2625 2169 nihil
2651 2123 2737 2169 est
2762 2116 3015 2186 gravius,
3048 2118 3189 2173 nihil
3218 2118 3593 2190 perniciosius

2010 2203 2319 2273 arrogantia
2368 2220 2382 2257 :
2433 2218 2497 2258 ea
2531 2203 2679 2258 enim
2724 2204 2793 2257 ad
2822 2204 3061 2260 absurda
3082 2221 3313 2277 quaeque
3340 2207 3587 2262 deducit.

2011 2291 2124 2346 Hac
2147 2290 2408 2362 Egyptii,
2464 2301 2519 2347 et
2570 2293 2667 2362 qui
2719 2307 2845 2347 cum
2875 2292 2985 2349 illis
3036 2309 3135 2350 ceu
3167 2296 3271 2351 sub
3294 2296 3463 2368 signis
3492 2298 3596 2351 mi-

2009 2382 2189 2450 litant,
2216 2384 2345 2448 acti,
2381 2384 2787 2441 ecclesiasticas
2808 2385 2958 2457 leges
2984 2395 3369 2457 aspernantur,
3393 2389 3594 2459 piaque

2010 2473 2110 2528 Dei
2136 2473 2642 2530 amantissimorum
2690 2474 2904 2546 1330
2945 2477 3341 2546 imperatorum
3370 2487 3593 2534 nostro-

2010 2578 2135 2617 rum
2171 2563 2352 2618 edicta
2382 2556 2733 2620 conculcaht.
2788 2564 2926 2620 Nam
2970 2582 3150 2637 neque
3177 2568 3375 2639 prima,
3412 2584 3594 2640 neque

2011 2651 2275 2716 secunda,
2324 2666 2508 2721 neque
2542 2653 2704 2707 tertia
2737 2653 3135 2724 imperatorum
3160 2657 3393 2728 epistola
3414 2658 3483 2712 ad
3503 2673 3591 2713 sa-

2013 2742 2227 2796 niorem
2272 2753 2513 2798 mentem
2565 2760 2665 2801 eos
2710 2762 2973 2803 revocare
3015 2748 3215 2818 potuit.
3272 2749 3380 2805 Sed
3414 2765 3593 2820 neque

2012 2831 2260 2902 legitima
2317 2848 2420 2903 per
2461 2848 2565 2890 nos
2614 2834 2671 2890 in
2700 2850 2798 2891 eos
2819 2839 3200 2895 exauctoratio
3227 2839 3337 2895 lata
3370 2840 3594 2896 illorum

2014 2924 2276 2978 exstinxit
2299 2925 2609 2982 audaciam.
2667 2927 2776 2983 Sed
2808 2936 2866 2984 et
2895 2929 2953 2984 in
2975 2932 3236 2987 oratoriis
3265 2941 3449 3003 spreta
3472 2934 3594 3005 lege

2017 3015 2385 3082 conveniunt,
2441 3026 2499 3072 et
2543 3012 2802 3088 profanas
2844 3036 3105 3093 synaxes,
3156 3024 3372 3079 etiamsi
3405 3024 3605 3095 populi

2018 3106 2085 3161 ad
2112 3121 2206 3162 eas
2235 3123 2347 3162 non
2371 3109 2617 3173 veniant,
2649 3111 2913 3168 scelerate
2938 3113 3242 3181 celebrant,
3269 3117 3600 3173 etomnibus

2020 3198 2191 3252 sacris
2211 3198 2423 3253 aedibus
2446 3201 2725 3265 custodes,
2759 3203 2854 3271 qui
2876 3203 3089 3258 nullum
3116 3205 3223 3259 nisi
3247 3205 3394 3276 ipsos
3417 3208 3598 3278 ingre-

2016 3287 2071 3340 di
2120 3288 2324 3353 sinant,
2372 3289 2766 3345 adhibuerunt.
2824 3292 2893 3346 Et
2932 3295 3156 3364 quidem
3184 3295 3295 3366 jam
3328 3303 3455 3351 ante
3497 3313 3599 3371 per

2013 3376 2149 3431 alias
2189 3377 2405 3432 litteras
2454 3388 2652 3435 vestrae
2694 3380 3113 3451 magniﬁcentiae
3155 3384 3458 3440 indicatum
3489 3393 3595 3453 est,

2012 3476 2281 3537 quantum
2326 3470 2634 3539 periculum
2678 3471 3047 3541 adiverimus,
3103 3476 3325 3546 quando
3360 3477 3596 3546 pientis~

2012 3558 2285 3613 simorum
2310 3558 2627 3631 Christique
2647 3564 2949 3618 amantium
2969 3565 3362 3635 imperatorum
3382 3575 3600 3621 nostro-

2012 3664 2137 3704 rum
2164 3650 2364 3707 litteris
2389 3667 2490 3722 per
2510 3653 2817 3709 Palladium
2836 3655 3094 3710 comitem
3116 3656 3600 3726 prteclarissimum

2006 3742 2121 3813 jam
2144 3744 2407 3812 acceptis,
2431 3744 2499 3799 ad
2523 3754 2767 3800 sanctam
2792 3744 3043 3816 Apostoli
3063 3746 3347 3803 basilicam
3369 3747 3600 3804 adorare

2014 3833 2463 3891 instituebamus.
2517 3837 2739 3893 Etenim
2781 3854 2895 3894 non
2917 3841 3082 3896 modo
3126 3840 3196 3896 ab
3223 3826 3472 3896 oratione
3493 3841 3607 3896 fui-

2015 3942 2140 3982 mus
2187 3928 2492 3999 prohibiti,
2543 3945 2741 3987 verum
2778 3933 2946 3988 etiam
3001 3933 3278 4004 lapidibus
3325 3933 3610 4004 impetiti,

2016 4018 2318 4090 hostilique
2345 4021 2708 4078 insectatione
2742 4024 2901 4094 longe
2924 4024 3126 4080 abacti.

2085 4108 2227 4165 Cum
2254 4110 2441 4180 itaque
2474 4112 2698 4181 pietatis
2724 4113 2931 4168 alumni
2962 4113 3106 4179 sitis,
3136 4115 3398 4185 omnique
3427 4115 3603 4170 virtu-

2014 4208 2134 4255 tum
2183 4215 2389 4271 genere
2433 4202 2833 4274 pmfulgeatis,
2873 4204 3013 4260 adeo
3043 4215 3106 4262 ut
3130 4215 3316 4261 vestra
3340 4207 3511 4277 gloria
3541 4207 3600 4262 in

2016 4291 2265 4346 omnium
2314 4307 2412 4347 ore
2453 4302 2731 4360 versetur,
2773 4302 2830 4350 et
2871 4302 3118 4352 sanctam
3158 4298 3461 4353 Ecclesiam
3490 4299 3602 4353 ala-

2014 4383 2184 4439 criter
2212 4384 2596 4455 propugnetis,
2626 4401 2848 4440 omnem
2871 4386 3234 4458 diligentiam,
3257 4395 3319 4442 ut
3340 4387 3601 4442 secundis

2016 4487 2288 4551 perpetuo
2315 4481 2499 4535 ventis
2530 4479 2759 4549 feratur,
2799 4481 3147 4548 adhibentes,
3179 4480 3598 4553 amplitudinem

339 4570 513 4642 αὑτὴν
542 4569 601 4635 ἐξ
640 4572 839 4644 οὐρίων
879 4571 1179 4643 φέρεσθαι,
1216 4570 1643 4643 παρακαλοῦμεν
1673 4572 1828 4643 ὑμῶν
1856 4573 1910 4627 τό

2021 4582 2259 4629 vestram
2307 4574 2653 4630 obtestamur
2680 4617 2696 4640 ,
2772 4583 2835 4630 ut
2886 4575 3233 4646 pientissimo
3281 4574 3602 4645 Christique

345 4662 597 4733 μέγεθος,
624 4665 719 4717 καὶ
744 4664 812 4717 τά
837 4664 1081 4735 ἡμέτερα
1101 4663 1402 4735 γράμματα
1430 4664 1814 4746 ὑπαναγνῶναι
1838 4663 1917 4737 τῷ

342 4754 719 4826 εὐσεϐεστάτῳ
750 4756 843 4809 καὶ
870 4756 1201 4828 φιλοχρίστῳ
1229 4757 1384 4829 ήμῶν
1414 4756 1655 4828 βασιλεῖ,
1686 4759 1782 4813 καὶ
1810 4760 1918 4813 πᾶ-

345 4861 447 4900 σαν
472 4848 793 4917 ὑπενεγκεῖν
832 4849 943 4919 (11)
976 4849 1233 4920 σπουδὴν,
1283 4851 1358 4914 ὡς
1386 4849 1484 4920 τὴν
1513 4850 1610 4922 μὲν
1636 4850 1921 4923 παροῦσαν
1972 4861 1983 4874 '

342 4939 618 5010 παυθῆναι
648 4940 761 5008 (12)
792 4940 1074 5009 σύγχυσιν,
1126 4941 1418 5012 ἀταράχως
1450 4944 1508 4997 δέ
1552 4945 1647 4998 καὶ
1687 4943 1919 5018 θορύϐου

343 5032 546 5096 παντὸς
578 5033 746 5104 χωρὶς
771 5031 831 5085 τὸ
860 5032 1037 5084 κοινὸν
1069 5033 1322 5099 γενέσθαι
1352 5036 1649 5107 συνέδριον,
1679 5041 1776 5093 καὶ
1808 5043 1922 5104 τοῖς

342 5124 881 5197 ἀμφισϐητουμένοις
911 5123 1141 5177 ἕκαστον
1173 5124 1341 5197 μέρος
1376 5124 1486 5179 τῶν
1513 5127 1923 5200 ἀμφισϐητούν-

341 5235 454 5272 των
485 5234 772 5288 συστηναι.

345 5307 517 5365 ΡΞΑ¹.
545 5339 616 5352 -
656 5307 949 5378 Ἀναφορὰ
989 5306 1141 5373 πρὸς
1183 5306 1291 5378 τὸν
1315 5307 1586 5378 ,βασιλέα
1640 5309 1922 5367 Ἰωάννου

414 5376 893 5450 ἀρχιεπισκόπου
958 5377 1321 5501 Ἀντιεξιείας
1357 5376 1457 5434 καὶ
1497 5376 1616 5433 τῶν
1649 5379 1774 5433 σὺν
1812 5384 1921 5435 αὑ.

419 5450 522 5501 τῶ.
550 5449 631 5501 ἣν
653 5448 1038 5501 ἀντέγραψαν
1073 5446 1111 5499 δ
1199 5448 1545 5501 Παλλαδίου
1577 5464 1921 5501 μαγίσι-οια-

550 5448 1038 5593 ἶιὲςὶντέγραψαν
1073 5446 1171 5501 διὰ
1199 5448 1545 5503 Παλλαδίου
1571 5464 1921 5521 μαγιστρια-

415 5535 527 5575 νου
673 5560 688 5574 .

417 5610 609 5678 Τοῦτο,
633 5610 877 5676 εὐσεϐεῖς
901 5610 1141 5683 βασιλεῖς
1162 5652 1179 5673 ,
1210 5608 1369 5664 τοῦτο
1391 5609 1702 5683 όρθοδοξίας
1721 5611 1921 5667 σύστα-

445 5726 1393 5812 Si)mh:-mmtaaﬂditﬁans;
1465 5794 1481 5812 .
1546 5810 1558 5812 μ
1658 5810 1679 5812 ,_

445 5794 1003 5881 ﬁl‘fsy‘dttsvov'gdd’it
1033 5794 1117 5881 Μ.
1149 5794 1211 5875 in
1243 5809 1438 5881 marg.,
1465 5794 1504 5851 1.
1534 5810 1607 5862 c.,
1653 5810 1708 5866 p.
1756 5794 1914 5852 1385.

420 5726 498 5786 l8)
520 5729 620 5786 ἠμ.
645 5755 714 5766 -
738 5741 982 5786 παρασκ.
1012 5723 1165 5779 addit
1199 5722 1369 5780 Mans.

423 5793 499 5934 $9)
534 5793 835 5881 γενόμενον
850 5794 1003 5876 addit
1033 5794 1105 5850 Μ.
1149 5794 1211 5875 in
1243 5809 1308 5848 m:

452 5868 534 5937 10)
558 5866 806 5938 εὐθύμως
840 5864 907 5921 Μ.
943 5880 1001 5921 ιιι
1044 5879 1308 5935 margine.

2022 4665 2230 4721 amanti
2278 4666 2598 4736 imperatori
2649 4674 2843 4722 nostro
2890 4667 3104 4723 litteras
3135 4675 3355 4723 nostras
3382 4667 3600 4738 legatis,

2023 4758 2285 4829 omnique
2310 4757 2495 4813 studio
2525 4758 2595 4813 ad
2623 4759 2731 4814 hoc
2759 4759 3114 4825 incumbatis,
3140 4768 3203 4813 ut
3220 4773 3464 4830 praesens
3483 4758 3606 4829 qui-

2025 4847 2151 4903 dem
2174 4847 2425 4903 conl‘usio
2451 4854 2857 4919 compescatur,
2898 4848 3161 4918 omnique
3186 4847 3603 4918 perturbatione

2025 4954 2091 4994 ac
2142 4939 2382 4994 tumultu
2439 4954 2471 4993 e
2514 4939 2699 4994 medio
2742 4939 2984 5004 sublato,
3021 4938 3331 4994 communis
3363 4935 3605 5009 synodus

2026 5026 2340 5081 celebretur
2362 5066 2377 5089 ,
2430 5034 2488 5080 et
2526 5027 2788 5095 quaelibet
2820 5027 3245 5097 disceptantium
3274 5042 3401 5099 pars
3434 5025 3611 5082 rebus

2024 5118 2398 5173 controversis
2430 5118 2671 5173 assistat.

2031 5293 2238 5364 1331
2271 5292 2451 5349 CLXI.
2490 5323 2564 5333 —-
2595 5292 2839 5367 flammis
2886 5293 3262 5367 archiepiscopi
3279 5292 3605 5367 ΔΑιιιῐοείρειιὶ

2096 5372 2504 5434 ceterorumque
2521 5364 2613 5434 qui
2642 5363 2723 5418 illi
2740 5363 3098 5434 adhaerebant,
3132 5363 3322 5434 relatio
3346 5363 3602 5432 rescripta

2099 5433 2169 5488 ad
2200 5433 2570 5504 imperatorem
2604 5450 2697 5505 per
2726 5433 3038 5489 Palladium
3065 5433 3490 5505 magistrianum.

2097 5612 2232 5677 Hoc,
2268 5611 2345 5682 pii
2372 5613 2755 5681 imperatores,
2784 5611 2891 5666 hoc
2913 5608 3231 5664 orthodoxa:
3270 5603 3397 5664 ﬁdei
3436 5603 3599 5663 fulci-

2130 5791 2213 5860 1‘2)
2258 5792 2483 5860 ποθῆναι
2515 5791 2680 5846 Garn.
2711 5791 2910 5859 inepte.

2127 5724 2214 5790 ll)
2242 5723 2570 5789 εἰσενεγκεῖν
2594 5721 2666 5775 Μ.
2695 5722 2751 5775 in
2786 5719 3052 5790 margine.

2127 5725 2185 5776 -Η
2242 5725 2570 5789 εἰσενεγκεῖν
2595 5725 2666 5775 Μ.
2695 5725 2751 5775 in
2786 5725 3052 5790 margine.

2130 5727 2214 5862 νέξ
2258 5792 2483 5860 ποθῆναι
2515 5791 2680 5846 Garn.
2711 5791 2910 5859 inepte.

2103 5725 2214 5932 3:3)
2243 5862 2398 5932 Apud
2431 5860 2601 5917 Mansi
2626 5869 2801 5916 exstat
2829 5860 2867 5914 l.
2903 5874 2976 5925 c.,
3006 5875 3060 5929 p.
3102 5855 3237 5913 i379
3272 5869 3389 5924 seq.
