4072 6424
445 1358 452 1386 1

490 390 635 456 1459

1481 388 1968 449 TIIEODORETI
1991 390 2331 450 EPISCOPI
2358 391 2720 452 CYRENSIS

3620 385 3759 450 1460

485 506 737 554 mentum
767 506 873 561 est,
911 497 1093 551 omnia
1123 497 1190 551 ab
1221 496 1330 551 illis
1359 496 1642 567 illegitime
1668 507 1789 552 acta
1819 506 2058 552 evertere

2175 517 2279 565 σις,
2307 499 2368 552 τὸ
2399 500 2556 553 λῦσαι
2585 499 2765 554 πάντα
2799 497 2867 552 τά
2898 497 3156 569 ἀθέσμως
3202 497 3295 550 ὐπ’
3327 496 3552 552 ἐκείνων
3593 514 3756 566 γεγε-

483 597 542 646 et
563 589 874 658 antiquare,
919 605 1039 658 qua-
1080 589 1244 642 etiam
1293 604 1393 658 per
1419 586 1716 642 canonicas
1755 588 2070 643 sanctiones

479 685 595 752 jam
649 691 778 737 ante
819 696 1012 736 eversa
1055 689 1110 735 et
1158 679 1440 750 antiquata
1481 688 1658 744 erant,
1700 679 2070 750 universaque

485 769 696 841 synodo
747 768 908 824 simul
961 777 1310 839 congregata,
1355 769 1535 837 primo
1573 768 1696 822 loco
1751 767 2069 838 dogmatum

485 859 952 914 examinationem
1008 858 1406 914 instituendam
1463 859 1730 914 indicere.
1755 858 1898 915 Sane
1943 876 2070 914 cum

487 952 710 1007 decreta
743 960 927 1006 vestra
975 951 1225 1021 proxime
1266 951 1428 1006 allata
1475 966 1587 1005 non
1623 951 1829 1022 absque
1876 967 2071 1022 magna

484 1041 708 1096 laudum
755 1041 1143 1111 przedicatione
1187 1041 1533 1110 legissemus,
1568 1042 1757 1096 orbem
1797 1051 2068 1096 terrarum

484 1135 708 1188 beatum
752 1133 1146 1204 indicavimus,
1177 1132 1267 1186 cui
1313 1132 1515 1187 talibus
1538 1132 1763 1188 subesse
1810 1134 2068 1202 sceptris,

487 1226 693 1294 talique
727 1223 1025 1294 gubernari
1056 1222 1353 1292 contigerit
1386 1223 1640 1293 imperio.

556 1317 764 1370 Verum
811 1325 874 1370 ut
918 1315 1056 1378 ista,
1097 1328 1438 1384 quaacunque
1488 1313 1808 1378 mandastis,
1849 1328 2069 1367 onmem

486 1407 908 1462 admirationem
932 1407 1094 1472 longe
1118 1406 1412 1469 excedunt,
1429 1405 1789 1474 imperatores
1810 1406 2066 1476 piissimi,

421 1491 424 1498 ’
483 1501 565 1554 ita
594 1499 756 1556 nobis
794 1512 1017 1568 quoque
1044 1497 1418 1552 necessarium
1466 1496 1601 1550 illud
1645 1503 1750 1561 est,
1779 1505 1841 1550 ut
1872 1507 2069 1553 vestrae

486 1591 756 1663 majestati
803 1590 1074 1645 rationem
1125 1588 1437 1650 reddamus,
1468 1601 1567 1640 cur
1593 1587 1649 1641 in
1699 1588 2066 1657 Ephesiorum

412 1662 420 1672 ’
483 1662 777 1751 metropoli
832 1678 1142 1743 constituti,
1203 1677 1683 1733 condemnationis
1736 1679 2070 1738 sententiam

484 1775 542 1828 in
572 1788 670 1829 eos
707 1773 854 1828 ferre
882 1771 1152 1842 compulsi
1183 1768 1474 1834 fuerimus,
1509 1769 1605 1839 qui
1639 1769 1708 1824 ab
1735 1771 1855 1841 ipso
1881 1776 2068 1829 statim

481 1864 711 1919 exordio
737 1873 919 1919 vestra
947 1863 1170 1918 decreta
1192 1861 1676 1931 proculcaverunt,
1709 1863 1804 1927 qui
1832 1868 2069 1936 propria:

481 1955 834 2010 conscientiae
890 1953 1130 2009 stimulis
1183 1953 1393 2023 agitati,
1449 1951 1775 2022 Apollinarii
1833 1967 1890 2010 et
1952 1956 2067 2010 Arii

477 2049 734 2120 dogmata
778 2057 970 2104 contra
1020 2047 1280 2119 pietatem
1329 2046 1659 2103 conﬁrmare
1702 2056 1759 2103 et
1803 2048 2067 2104 innovare

477 2143 796 2208 voluerunt,
847 2157 946 2212 per
977 2156 1066 2206 ea,
1106 2155 1229 2211 quae
1254 2138 1494 2211 Cyrillus
1541 2141 1672 2197 olim
1721 2141 2066 2197 Alexandriae

478 2234 772 2304 episcopus
822 2249 1012 2304 nuper
1057 2234 1237 2304 capita
1293 2231 1548 2289 scribens
1589 2249 1716 2290 cum
1752 2235 2069 2290 anathema-

479 2326 658 2381 tismis
702 2327 866 2381 omni.
896 2326 1293 2396 superstitione
1345 2327 1578 2392 referta,
1612 2327 1680 2382 ad
1729 2328 1926 2383 urbem
1976 2345 2066 2384 re-

476 2419 624 2487 giam
660 2417 811 2474 misit
843 2417 974 2488 :qui
1007 2417 1333 2492 priusquam
1367 2420 1533 2475 ullam
1574 2419 1889 2474 divinorum
1935 2419 2068 2491 dog-

476 2516 686 2562 matum
723 2507 1120 2566 scrutationem
1163 2510 1505 2582 attigissent,
1546 2509 1615 2564 ad
1650 2509 1837 2564 odium
1877 2520 1933 2564 et
1962 2510 2066 2564 ini-

475 2598 715 2657 micitias
744 2614 867 2658 sese
891 2609 1198 2667 verterunt,
1223 2617 1374 2666 cum,
1399 2600 1548 2656 nulla
1580 2600 1797 2671 piarum
1826 2601 2066 2656 sanctio-

475 2704 607 2747 num
637 2707 949 2749 vestrarum
989 2692 1202 2748 ratione
1224 2692 1434 2759 habita,
1472 2690 1720 2760 iniquam
1755 2692 1892 2746 adeo
1937 2707 2063 2747 sen-

475 2786 704 2839 tentiam
745 2785 956 2855 1332
998 2785 1264 2840 adversus
1307 2793 1517 2839 tantam
1561 2784 2066 2854 Constantinopolis

477 2875 846 2944 imperatricis
871 2876 1156 2931 civitatum
1202 2875 1389 2931 sedem
1435 2882 1644 2930 temere
1677 2875 1927 2945 proferre
1953 2891 2064 2932 non

482 2963 828 3018 dubitarunt.

549 3052 738 3122 itaque
763 3053 983 3107 illorum
1012 3053 1221 3109 insania
1252 3062 1307 3110 et
1346 3056 1638 3110 insolentia
1691 3074 1792 3128 per
1827 3059 2060 3128 seipsam

2175 591 2383 661 νημένα
2410 629 2427 654 ,
2475 593 2567 644 καὶ
2601 593 2713 654 τοῖς
2753 591 2979 658 ,κανόσιν
3013 590 3114 661 ἤδη
3159 589 3561 660 προλελυμένα,
3608 589 3670 643 τὸ
3703 592 3763 644 ἐν

2179 683 2371 754 πρώτῃ
2403 682 2554 748 τάξει
2585 681 2886 753 προστάξαι
2916 682 3013 754 τὴν
3045 681 3292 748 ἐξέτασιν
3322 681 3428 737 τῶν
3464 681 3754 751 δογμάτων

2174 776 2231 827 ἐν
2253 775 2317 843 τῇ
2354 773 2690 847 συνελθούσῃ
2736 773 2938 843 συνόδῳ
2970 771 3244 840 γενέσθαι.
3311 772 3763 842 Ἐμακαρίσαμεν

2171 864 2270 934 τὴν
2291 862 2620 933 οἰκουμένην
2650 863 2721 916 τὰ
2748 862 3059 933 πρόσφατον
3081 864 3212 933 ἡμῖν
3239 878 3302 916 κο
3313 861 3574 932 μισθέντα
3605 862 3763 931 ὐμῶν

2173 955 2522 1026 θεσπίσματα
2560 957 2656 1009 σὺν
2705 955 2950 1018 ἐπαίνοις
3002 955 3218 1026 μυρίοις
3273 955 3634 1022 ἀναγνόντες,
3671 955 3762 1022 ἐφ’

2173 1047 2305 1110 οἵοις
2353 1047 2692 1118 σκήπτροις,
2736 1045 2830 1100 καὶ
2877 1047 2960 1114 ἐφ’
3000 1046 3090 1116 οἵᾳ
3129 1044 3374 1116 βασιλείᾳ
3406 1044 3766 1115 διακυϐερνᾶ-

2170 1157 2281 1197 ται.

2256 1318 2396 1373 Ἀλλ’
2419 1320 2608 1390 ὥσπερ
2625 1320 2794 1373 ταῦτα
2814 1320 3007 1381 παντὸς
3023 1319 3297 1389 Θαύματός
3314 1321 3462 1370 ἐστιν
3477 1318 3759 1381 ἐπέκεινα,

2169 1411 2272 1464 ὅσα
2337 1411 2776 1480 προστετάχατε,
2841 1408 3216 1462 εὐσεϐέστατοι
3278 1408 3554 1478 βασιλεῖς,
3613 1409 3758 1462 οὕτω

2168 1503 2266 1558 καὶ
2292 1505 2423 1575 ἡμῖν
2450 1502 2730 1571 ἀναγκαία
2755 1501 2904 1554 ἐστὶν
2941 1503 2974 1571 ἡ
3009 1501 3144 1572 πρὸς
3183 1501 3242 1553 τὸ
3263 1501 3529 1571 ὑμέτερον
3553 1503 3757 1573 κράτος

2169 1594 2459 1663 ἀπολογία,
2489 1593 2617 1664 περὶ
2638 1587 2711 1646 ὧν
2734 1592 3112 1662 συνηλάθημεν
3134 1594 3191 1645 ἐν
3212 1595 3276 1662 τῇ
3304 1592 3568 1660 Ἐφεσίων
3596 1594 3755 1661 γενό-

2177 1705 2328 1758 μενοι
2355 1687 2506 1741 πόλει
2530 1685 3010 1755 καταψηφίσασθαι
3039 1685 3126 1736 καὶ
3158 1688 3486 1757 κατακρῖναι
3525 1686 3652 1750 τοὺς
3687 1688 3756 1738 ἐκ

2174 1781 2476 1852 προοιμίων
2536 1779 2605 1832 τὰ
2659 1777 2901 1847 ὑμέτερα
2958 1776 3306 1846 πατήσαντας
3358 1775 3750 1847 θεσπίσματα⁶

2101 1851 2140 1905 Β
2170 1851 2318 1934 τοὺς,
2354 1868 2542 1939 ἐπειδὴ
2587 1867 2693 1922 ὑπὸ
2724 1866 2818 1920 τοῦ
2848 1864 3048 1918 οἰκείου
3098 1866 3395 1929 συνειδότος
3433 1865 3754 1936 ἠλαύνοντο,

2173 1960 2418 2030 κυρῶσαι
2447 1961 2778 2031 θελήσαντας
2803 1962 2894 2014 καὶ
2923 1959 3226 2013 άνανεῶσαι
3269 1959 3338 2012 τά
3373 1959 3750 2028 Ἀπολιναρίου

2172 2056 2266 2107 καὶ
2311 2053 2519 2124 ’Δρείου
2541 2053 2786 2124 δόγματα
2812 2053 2953 2106 κατὰ
2979 2053 3077 2122 τῆς
3101 2051 3401 2117 εὐσεϐείας,
3433 2053 3489 2104 ὲν
3519 2049 3602 2115 οἷς
3632 2051 3751 2104 Κύ-

2174 2145 2351 2216 ριλλος
2379 2149 2406 2199 ὁ
2436 2145 2844 2216 Ἀλεξανδρείας
2871 2145 3064 2216 πρώην
3094 2148 3172 2208 εἰς
3191 2146 3290 2216 τὴν
3318 2143 3564 2214 βασιλίδα
3591 2143 3751 2197 πόλιν

2171 2238 2445 2308 κεφάλαιά
2472 2256 2592 2291 τινα
2633 2238 2773 2310 μετὰ
2816 2237 3276 2309 ἀναθεματισμῶν
3322 2237 3434 2308 (14)
3470 2235 3747 2305 ἐξέπεμψε

2172 2329 2310 2399 μετά
2348 2330 2526 2399 πάσης
2555 2329 3024 2401 ὲθελοθρησκείας·
3050 2330 3197 2393 τοὺς,
3222 2329 3349 2398 πρὶν
3369 2327 3611 2397 ἅψωνται
3630 2327 3744 2395 (15)

2167 2423 2266 2492 τῆς
2303 2421 2412 2474 τῶν
2459 2421 2620 2474 θείων
2648 2420 2936 2491 δογμάτων
2979 2419 3226 2490 ἐρεύνης,
3262 2418 3398 2489 πρὸς
3420 2417 3620 2488 ἔχθραν
3649 2418 3746 2471 καὶ

2167 2512 2463 2583 ἀπέχθειαν
2490 2512 2717 2574 ἰδόντας,
2749 2513 2806 2564 ὲν
2837 2505 2918 2574 οἷς
2938 2511 3243 2581 ἐτόλμησαν
3278 2509 3427 2579 παρά
3454 2509 3523 2562 τὰ
3553 2509 3747 2578 ὑμέτε-

2172 2622 2240 2674 ρα
2271 2602 2472 2673 εὐσεϐῆ
2503 2603 2871 2673 θεσπίσματα,
2897 2602 3076 2670 ψῆφον
3112 2600 3284 2663 οὕτως
3315 2601 3498 2654 ἄδικον
3527 2599 3748 2666 ἐξενεγ-

2167 2696 2283 2748 κεῖν
2315 2696 2455 2747 κατά
2475 2693 2729 2746 τοσούτου
2757 2691 2949 2764 θρόνου
2978 2692 3080 2762 τῆς
3111 2691 3377 2762 βασιλίδος
3397 2690 3509 2745 τῶν
3535 2689 3744 2744 πόλεων

2166 2785 2580 2838 Κωνσταντινου
2588 2783 2817 2848 πόλεως.

2251 3049 2313 3100 Ἥ
2369 3049 2465 3117 μὲν
2500 3043 2595 3100 οὖν
2627 3045 2833 3098 τούτων
2868 3045 3123 3118 παροινία
3175 3045 3400 3100 αὐτόθεν
3451 3047 3615 3100 πᾶσιν
3641 3047 3743 3099 ἀν-

477 3140 770 3196 manifesta
809 3151 894 3196 est
926 3143 1208 3208 omnibus,
1234 3154 1461 3214 propter
1493 3147 1640 3215 quod
1673 3148 1838 3203 etiam
1869 3157 2056 3204 sancta

2165 3140 2404 3212 θρώποις
2429 3139 2558 3210 δήλη
2581 3139 2758 3191 ἐστίν’
2785 3131 2924 3211 ἐφ’ᾖ
2962 3138 3053 3190 καὶ
3087 3139 3120 3208 ἡ
3150 3139 3280 3207 ἁγία
3309 3138 3550 3203 σύνοδος,
3593 3139 3747 3209 ὀρθῷ

478 3232 720 3302 synodus
765 3240 919 3288 recto
957 3234 1126 3289 animi
1177 3251 1367 3302 sensu,
1406 3238 1706 3309 divinoque
1754 3240 1872 3296 zelo
1929 3257 2055 3310 per-

475 3330 622 3379 mota
675 3332 732 3380 et
775 3326 981 3382 sanctis
1015 3327 1278 3384 Ecclesiis
1327 3332 1626 3388 consulens
1654 3372 1667 3396 ,
1723 3333 2058 3388 condemna-

475 3414 645 3470 tionis
696 3418 1026 3472 sententiam
1092 3419 1148 3473 in
1195 3435 1313 3485 eos.
1364 3421 1458 3491 qui
1499 3437 1602 3477 suo
1651 3424 1765 3493 jam
1803 3432 1930 3478 ante
1963 3424 2054 3494 jn-

474 3507 618 3562 dicio
649 3507 997 3564 condemnati
1053 3519 1232 3574 erant,
1256 3512 1488 3581 protulit
1517 3514 1694 3568 :nihil
1748 3514 2052 3583 culpabile,

474 3597 650 3657 absit.
684 3599 772 3654 vel
808 3601 1183 3664 temerarium,
1217 3602 1364 3671 quod
1395 3603 1669 3674 quispiam
1695 3604 1920 3668 dixerit,
1953 3605 2054 3660 hac

474 3690 529 3743 in
559 3705 619 3745 re
651 3691 1032 3757 committens;
1058 3691 1157 3747 sed
1215 3694 1444 3763 pietati,
1469 3711 1594 3765 qua:
1645 3695 1700 3749 in
1745 3697 2054 3765 periculum

473 3782 711 3838 adducta
731 3783 1040 3845 videbatur,
1067 3792 1195 3840 ante
1215 3787 1399 3841 omnia
1431 3787 1798 3858 prospiciens.

543 3874 723 3943 Atque
760 3875 874 3930 haec
907 3884 1156 3932 actorum
1186 3885 1505 3933 nostrorum
1536 3879 1681 3948 apud
1712 3881 2052 3950 majestatem

471 3972 708 4018 vestram
743 3965 1046 4036 justissima
1090 3967 1162 4022 sit
1190 3965 1461 4021 defensio.
1488 3969 1504 3986 ⁹
1546 3966 1736 4037 Neque
1765 3967 1911 4022 enim
1957 3977 2054 4023 aut

471 4056 644 4125 gratia
676 4064 772 4110 aut
805 4056 932 4111 odio
955 4056 1106 4112 ducti
1131 4057 1472 4122 sumus;sed
1503 4057 1608 4112 hoc
1631 4074 1802 4112 unum
1835 4071 2049 4130 specta-

469 4146 670 4209 vimus,
701 4154 762 4199 ut
810 4147 954 4215 piam
983 4145 1146 4203 ﬁdem
1186 4146 1544 4202 ﬂuctuantem
1581 4146 1649 4202 ab
1696 4148 1764 4203 iis
1801 4152 1956 4220 quasi
1993 4152 2049 4206 in

469 4238 701 4292 salutem
729 4223 1169 4304 vindicaremus,
1205 4238 1299 4308 qui
1334 4238 1538 4308 scripta
1568 4253 1665 4292 sua
1693 4240 1748 4294 in
1779 4257 2050 4296 summam

469 4329 688 4384 illorum
737 4328 1127 4383 contumeliam
1182 4337 1239 4383 et
1296 4329 1773 4386 labefactationem
1833 4334 2047 4388 munire

468 4420 818 4482 studuerunt,
846 4435 968 4490 quae
993 4420 1191 4475 Petrus
1229 4419 1509 4490 professus
1541 4429 1645 4486 est,
1677 4437 1798 4491 quae
1839 4423 1907 4478 de
1935 4424 2047 4477 Deo

2160 3235 2237 3306 τῷ
2266 3235 2576 3305 φρονήματι
2629 3232 2723 3286 καὶ¹
2763 3231 2910 3304 ζήλῳ
2957 3231 3101 3286 κατὰ
3143 3231 3277 3285 Θεὸν
3305 3233 3612 3302 κινηθεῖσα,
3643 3233 3742 3284 καὶ

2160 3327 2332 3395 φειδοῖ
2362 3325 2471 3378 τῶν
2507 3323 2676 3392 ἁγίων
2705 3323 3065 3394 Ἐκκλησιων,
3099 3323 3418 3394 κατέκρινεν
3441 3323 3745 3380 αὐτοκατα-

2160 3418 2380 3488 κρίτους
2402 3416 2562 3479 ὄντας
2581 3433 2594 3447 ·
2627 3416 2687 3468 οὐ
2722 3415 2973 3486 μεμπτόν
3001 3433 3074 3480 τι,
3109 3415 3184 3486 μὴ
3207 3413 3442 3482 γένοιτο,
3471 3413 3592 3466 οὐδὲ
3616 3415 3742 3485 θερ-

2161 3508 2280 3578 μὸν,
2312 3507 2387 3570 ὡς
2416 3507 2481 3561 ἀν
2517 3524 2598 3570 τις
2625 3507 2789 3568 εἴποι,
2823 3507 3170 3576 πράττουσα,
3203 3506 3338 3560 ἀλλὰ
3379 3508 3445 3576 τῇ
3485 3504 3740 3576 εὐσεϐείᾳ

2158 3597 2541 3669 κινδυνευούσῃ
2571 3597 2677 3667 πρὸ
2710 3596 2925 3650 πάντων
2955 3596 3256 3667 ἀμύνουσα.

2230 3871 2376 3940 Αὕτη
2412 3871 2550 3940 ὑπὲρ
2595 3869 2702 3923 τῶν
2753 3873 2881 3941 παρ’
2905 3870 3063 3940 ἡμῶν
3096 3869 3502 3941 πεπραγμένων
3532 3869 3738 3923 δικαιο-

2155 3964 2289 4033 τάτη
2322 3964 2456 4034 πρὸς
2479 3964 2538 4016 τὸ
2567 3963 2829 4033 ὑμέτερον
2876 3963 3078 4031 κράτος
3124 3962 3266 4014 ἔστω
3299 3961 3410 4032 (16)
3443 3960 3730 4027 ἀπολογία·

2155 4057 2311 4127 ἡμῶν
2345 4057 2442 4126 μὲν
2497 4057 2634 4125 μήτε
2669 4054 2804 4126 πρὸς
2849 4055 3028 4124 χάριν,
3077 4055 3213 4123 μήτε
3261 4052 3398 4123 πρὸς
3436 4051 3734 4121 ἀπέχθειαν

2159 4146 2485 4217 βλεπόντων,
2514 4146 2628 4200 ἀλλ’
2653 4146 2769 4207 ἑνὶς
2796 4145 2964 4198 ὄντων
3000 4145 3135 4213 (17),
3171 4145 3264 4198 τοῦ
3287 4144 3386 4215 τὴν
3406 4142 3604 4208 εὐσεϐῆ
3638 4143 3733 4194 πί-

2154 4255 2270 4291 στιν
2296 4237 2716 4308 κυματουμὲνην
2743 4235 2930 4304 ὥσπερ
2960 4234 3221 4286 διασῶσαι
3249 4233 3354 4286 ὐπὸ
3391 4233 3499 4285 τῶν
3518 4231 3588 4284 τὰ
3610 4232 3734 4284 ἐαυ-

2153 4330 2259 4383 τῶν
2285 4328 2696 4398 συγγράμματα
2727 4325 2985 4397 αὐθαδείᾳ
3029 4324 3398 4396 βουληθέντων
3435 4323 3732 4394 κρατῦναι,

2153 4420 2239 4473 ἐπ’
2266 4421 2520 4492 ἀθετήσει
2544 4419 2637 4472 καὶ
2663 4417 2838 4489 ὕϐρει.
2878 4411 2953 4470 ὧν
2997 4417 3200 4485 Πέτρος
3232 4416 3603 4487 ὡμολόγησεν,
3653 4408 3733 4466 ὧν

465 4513 684 4568 locutus
706 4520 790 4568 est
819 4512 1078 4577 Joannes,
1109 4527 1232 4582 qua;
1275 4513 1563 4567 Matthaaus
1590 4520 1646 4567 et
1673 4514 1765 4568 alii
1809 4530 2046 4585 cvange-

2166 4511 2418 4580 Ἰωάννης
2450 4509 2822 4582 ὲθεολόγησεν,
2857 4503 2931 4562 ὧν
2967 4509 3245 4570 Ματθαῖος
3273 4506 3506 4578 ἐκήρυξε
3556 4507 3650 4558 καὶ
3679 4509 3730 4559 οἱ

465 4601 606 4656 listae
629 4602 1165 4671 praedicarunt,qu:e
1210 4601 1413 4657 Paulus
1458 4601 1668 4672 Spiritu
1719 4612 2045 4673 suggerente

466 4691 675 4757 docuit,
730 4708 852 4762 quae
909 4707 1102 4746 omnes
1154 4691 1445 4746 orthodoxi
1507 4691 1712 4760 ubique
1771 4702 2042 4747 terrarum

463 4782 853 4851 praedicatione
910 4782 1291 4852 divulgantes,
1333 4782 1479 4851 piam
1538 4781 1698 4836 ﬁdem
1761 4783 2046 4852 plantave-

464 4884 613 4930 PUDL

535 4966 718 5032 Quare
775 4974 1015 5022 vestram
1057 4965 1315 5034 pietatem
1363 4966 1814 5036 maiestatemque
1850 4968 1904 5021 in
1955 4985 2044 5023 or-

463 5054 703 5109 thodoxa
745 5053 994 5109 doctrina
1024 5054 1310 5108 educatam
1344 5055 1546 5111 obnixe
1571 5072 1846 5128 rogamus,
1872 5075 2044 5130 quan-

464 5155 582 5200 tum
621 5160 815 5217 rogare
857 5160 1179 5214 possumus,
1209 5154 1270 5200 ut
1307 5146 1449 5201 hanc
1482 5148 1842 5204 orthodoxam
1879 5151 2042 5206 ﬁdem

463 5238 702 5294 retineat
730 5238 963 5293 ﬁrmiter
991 5253 1055 5292 ac
1100 5249 1429 5310 propugnet,
1451 5249 1508 5294 et
1552 5241 1883 5297 incolumem
1908 5260 2043 5298 con-

461 5336 666 5394 servet,
693 5344 816 5383 cum
858 5329 913 5381 in
951 5328 1037 5382 his
1058 5343 1270 5384 summa
1306 5347 1496 5385 rerum
1525 5347 1651 5401 spes
1681 5333 1836 5387 vobis
1865 5335 2041 5402 posita

461 5425 551 5479 sit.
575 5424 688 5478 Nos
720 5429 904 5477 autem
933 5429 989 5476 et
1031 5429 1188 5476 antea
1217 5431 1272 5477 et
1312 5439 1460 5479 nunc
1489 5440 1710 5493 quoque
1735 5425 1920 5478 animo
1943 5443 2039 5495 pa-

463 5515 564 5575 rati
620 5529 831 5576 sumus,
871 5513 1026 5585 juxta
1061 5513 1285 5582 pietatis
1338 5523 1536 5569 vestra:
1580 5515 1824 5580 decreta,
1855 5532 2038 5586 neque

534 5666 645 5800 mg
681 5667 980 5737 δεκατριῶν
1007 5667 1158 5720 addit
1183 5667 1354 5722 Mans.
1393 5667 1446 5721 in
1470 5683 1640 5738 marg.

534 5738 624 5798 (l5
669 5737 909 5800 ἆψαντας
943 5736 1012 5789 Μ.
1040 5737 1092 5788 in
1120 5737 1380 5800 margine.

534 5736 643 5800 (l5)
669 5736 909 5805 ᾆψαντας
943 5736 1012 5789 Μ.
1040 5737 1092 5788 in
1120 5737 1380 5805 margine.

536 5806 641 5870 (16)
680 5804 824 5864 ἐσται
856 5805 905 5859 Μ
951 5806 1003 5858 in
1041 5804 1305 5874 margine.

2153 4603 2329 4654 λοιποὶ
2381 4599 2784 4666 εὐαγγελισταὶ,
2832 4591 2906 4652 ὧν
2953 4597 3163 4660 Παῦλος
3193 4599 3258 4668 τῇ
3287 4597 3379 4651 τοῦ
3412 4596 3731 4666 Πνεύματος

2154 4694 2404 4764 ἐνεργείᾳ
2440 4691 2696 4758 ἐδίδαξεν,
2727 4684 2801 4743 ὧν
2835 4691 3073 4752 ἅπαντες
3105 4690 3155 4742 oi
3199 4688 3466 4760 ὀρθόδοξοι
3518 4704 3729 4741 παντα-

2153 4788 2249 4859 χοῦ
2274 4787 2371 4856 τῆς
2401 4784 2728 4855 οἰκουμένης
2751 4781 2811 4833 τὸ
2839 4781 3101 4851 κήρυγμα
3138 4779 3463 4849 ἐκφέροντες
3505 4781 3606 4849 τὴν
3638 4779 3731 4831 εὐ-

2153 4880 2282 4948 σεϐῆ
2309 4879 2489 4931 πίστιν
2519 4876 2841 4948 ἐρῤίζωσαν.

2223 4971 2439 5040 Ταύτης
2465 4970 2562 5036 τῆς
2588 4967 2867 5038 ὀρθοδόξου
2900 4968 3132 5030 πίστεως
3181 4969 3483 5039 εὐχόμεθα,
3512 4971 3612 5038 ὅση
3643 4986 3733 5030 τις

2149 5063 2315 5134 εὐχῆς
2355 5063 2485 5132 ἡμῖν
2519 5059 2769 5130 δύναμις,
2796 5059 2892 5129 τὴν
2923 5061 3194 5131 ὑμετέραν
3221 5061 3518 5123 εὐσέϐειαν,
3549 5062 3646 5114 καὶ
3668 5061 3734 5113 τὸ

2153 5155 2413 5225 ὑμέτερον
2444 5155 2509 5221 τῇ
2540 5152 2820 5224 ὀρθοδοξίᾳ
2861 5153 3298 5224 ἐντεθραμμένον
3339 5153 3563 5223 κράτος,
3604 5154 3730 5205 ἀντ-

2148 5244 2368 5314 έχεσθαί
2390 5261 2448 5298 τε
2470 5243 2562 5298 καὶ
2593 5244 3006 5314 ὑπερασπίζειν,
3036 5245 3132 5297 καὶ
3162 5245 3404 5314 ἄτρωτον
3429 5245 3731 5312 διαςρυλόιτ⁴

2149 5352 2282 5399 τειν,
2311 5335 2384 5398 ώς
2408 5337 2465 5387 ὲν
2491 5336 2700 5398 τούτοις
2739 5337 2868 5405 ὑμῖν
2910 5336 3076 5405 οὔσης
3111 5338 3209 5404 τῆς
3242 5339 3416 5391 πάντα
3444 5339 3573 5406 ὑμῖν
3609 5355 3726 5390 συν-

2148 5426 2377 5496 εχούσης
2402 5427 2500 5497 τῆς
2523 5427 2633 5480 τῶν
2665 5429 3006 5497 πραγμάτων
3045 5428 3258 5492 ἐλπίδος
3283 5444 3294 5457 ·
3329 5429 3486 5499 ἡμῶν
3516 5431 3609 5482 καὶ
3632 5430 3731 5482 νῦν

2148 5519 2240 5571 καὶ
2280 5518 2544 5589 πρότερον
2573 5520 3110 5590 παρεσκευασμένων
3155 5520 3230 5592 μὴ
3272 5522 3549 5584 ἐκκλῖναι,
3583 5523 3730 5576 κατὰ

2213 5673 2322 5747 (l7)
2348 5674 2496 5736 ὄντος
2526 5675 2594 5728 Μ.
2633 5675 2687 5730 in
2731 5691 2911 5747 marg.
2938 5675 3116 5732 Locus
3150 5676 3294 5732 haud
3344 5676 3510 5732 dubie
3533 5693 3734 5734 corru-

2141 5754 2286 5816 ptus,
2313 5746 2364 5798 in
2400 5760 2509 5813 quo
2535 5761 2631 5813 pro
2667 5746 2782 5810 ἐνὸς
2807 5746 2958 5809 ὄντος
2991 5748 3215 5817 legerim
3244 5747 3579 5803 ἑνωσάντων.
