4072 6420
346 437 480 509 14-θί

1697 446 2061 509 EPISTULA
2097 448 2295 509 CLXI.

3479 448 3620 514 1462

342 556 414 608 τὰ
446 552 689 625 ὑμέτερα
712 551 1079 625 θεσπίσματα,
1107 555 1245 624 μήτε
1274 554 1443 621 δεξιὰ,
1472 556 1608 627 μήτε
1634 557 1922 630 ἀριστερὰ,

2030 559 2095 614 ad
2119 559 2390 626 dextram,
2415 575 2597 632 neque
2626 561 2836 634 1333
2862 560 2931 617 ad
2953 561 3627 634 sinistram,quemadmo~

342 644 422 709 ὡς
449 647 483 712 ή
519 642 639 697 θεία
672 642 845 714 ἔφησε
873 643 1081 714 Γραφή
1126 643 1351 716 Ἐπειδὴ
1381 647 1488 718 γάρ
1526 647 1663 719 πρὸς
1688 649 1746 702 τὸ
1780 650 1928 702 εὐσε-

343 737 442 800 ϐἐς
479 735 581 807 τὴν
622 739 807 790 πᾶσαν
864 736 1037 808 ῥοπὴν
1070 737 1131 790 τὸ
1171 738 1435 809 ὑμέτερον
1467 739 1581 811 ἔχει
1626 742 1848 810 κράτος,
1878 744 1928 795 οἱ

346 826 451 899 μὲν
473 826 787 897 πειθόμενοι
818 826 1000 892 ἕξουσι
1033 827 1124 881 τὸν
1146 830 1276 899 παρ’
1299 829 1329 881 ὐ
1338 829 1453 899 μῶν
1486 831 1663 884 αὐτῶν
1683 831 1926 898 ἔπαινον,

343 918 443 972 καὶ
466 918 564 985 τὴν
600 917 753 989 παρὰ
786 917 880 971 τοῦ
910 918 1046 972 Θεοῦ
1080 919 1351 992 ἀποδοχήν
1375 938 1388 951 ·
1422 922 1474 974 οἰ
1500 922 1557 976 δὲ
1580 922 1717 993 πρὸς
1742 940 1932 977 νεωτε-

344 1013 583 1079 ρισμοὺς
610 1009 923 1078 βλέποντες,
973 1010 1069 1064 καὶ
1105 1010 1205 1083 τὴν
1236 1012 1301 1065 ἐκ
1351 1012 1595 1083 θορύϐων
1642 1016 1933 1087 ἐπινοητὴν

343 1100 577 1170 δύναμιν
610 1101 826 1164 ἑαυτοῖς
856 1102 1380 1167 κατασκευάζοντες,
1408 1103 1597 1176 ὥσπερ
1625 1108 1673 1158 ot
1707 1106 1806 1169 τὰς
1840 1124 1933 1159 τυ-

334 1191 607 1264 ραννίδας
627 1194 748 1255 ταῖς
783 1191 1068 1261 εὐνομίαις
1096 1194 1483 1261 ἐπεισάγοντες
1512 1196 1670 1261 ἀξίαν
1700 1197 1935 1265 ἀπενέγ-

345 1298 554 1334 κωνται
584 1281 848 1352 αἰσχύνην
873 1282 1009 1354 (18),
1029 1283 1126 1337 ἀτε
1145 1282 1209 1353 δὴ
1233 1286 1333 1354 τὴν
1346 1285 1603 1356 εὐνομίαν
1625 1285 1934 1357 διαφθεῖραι

343 1373 754 1438 σπουδάσαντες
774 1416 788 1442 ,
838 1375 932 1428 καὶ
959 1374 1058 1438 τὰς
1100 1375 1373 1447 ὑμετέρας
1408 1380 1819 1449 παρεγγυήσεις
1844 1398 1936 1450 χα-

347 1465 451 1535 μαὶ
481 1464 636 1536 ῥίψαι
661 1465 1061 1535 τολμήσαντες.

424 1642 586 1693 Ὥστε
623 1641 803 1695 τοίνυν
844 1641 1115 1713 μηδεμίαν
1159 1644 1401 1715 ταραχὴν
1429 1645 1463 1716 ἢ
1491 1645 1722 1716 θόρυϐον
1752 1647 1811 1700 ἐν
1855 1648 1934 1719 τῷ

345 1732 516 1803 κοινῷ
550 1732 803 1801 γενέσθαι
844 1735 1126 1805 συνεδρίῳ,
1164 1735 1476 1791 θεσπισάτω
1521 1736 1678 1808 ὐμῶν
1728 1739 1761 1809 ὴ
1793 1739 1936 1808 φιλό-

343 1841 569 1895 χριστός
593 1825 806 1895 κορυφὴ
837 1824 932 1878 δύο
978 1826 1196 1898 ἑκάστῳ
1243 1827 1615 1901 μητροπολίτῃ
1668 1833 1928 1887 συνεῖναι.

2031 650 2162 706 dum
2178 651 2362 707 divina
2375 650 2659 733 Scriptura
2675 655 2919 725 loquitur
2931 654 2973 688 ⁸¹
2985 696 3000 721 ,
3014 655 3319 711 declinare.
3337 655 3473 711 Nam
3496 671 3622 711 cum

2032 758 2196 797 omne
2217 744 2522 814 majestatis
2550 754 2749 801 vestrae
2775 746 3019 802 studium
3055 746 3124 801 ad
3147 746 3412 816 pietatem
3442 745 3620 801 inten-

2033 835 2146 898 dat,
2174 835 2253 889 illi
2278 835 2502 905 quidem
2525 837 2619 907 qui
2646 837 2952 908 paruerint,
2985 854 3014 893 a
3033 837 3192 893 vobis
3217 838 3350 907 ipsis
3377 837 3622 901 laudem,

2032 942 2065 981 a
2086 927 2199 981 Deo
2223 934 2409 981 autem
2428 928 2959 984 commendationem
2985 928 3368 998 reportahunt,
3393 936 3626 983 caeteros

2033 1033 2168 1072 vero
2192 1018 2287 1088 qui
2310 1018 2654 1073 novitatibus
2675 1019 2807 1074 dant
2831 1035 3079 1090 operam,
3101 1020 3319 1090 sibique
3352 1020 3621 1091 imagina-

2035 1110 2176 1165 riam
2220 1111 2515 1181 quamdam
2566 1111 2994 1166 tumultuatione
3027 1112 3350 1182 potentiam,
3384 1110 3621 1181 proinde

2035 1217 2100 1256 ac
2131 1201 2209 1256 illi
2239 1203 2336 1272 qui
2368 1203 2506 1257 bene
2539 1202 2861 1272 temperatis
2891 1203 3058 1257 rebus
3090 1203 3327 1273 publicis
3372 1200 3621 1273 tyranni-

2035 1294 2160 1349 dem
2198 1294 2490 1358 inducunt,
2528 1309 2848 1364 comparare
2878 1294 3121 1360 student,
3152 1295 3357 1365 justam
3390 1292 3618 1363 ignomi-

2034 1387 2184 1441 niam
2216 1395 2473 1455 tanquam
2509 1387 2645 1456 justi
2672 1386 2960 1456 regiminis
3002 1394 3379 1455 corruptores,
3405 1391 3622 1438 vestra-

2038 1493 2271 1547 rumque
2315 1477 2800 1533 denuntiationum
2854 1478 3135 1533 temerarii
3187 1484 3618 1546 contemptores,

2035 1566 2342 1622 incurrent.

2107 1657 2455 1728 Quapropter
2512 1674 2582 1713 ne
2628 1658 2871 1713 turbatio
2910 1666 3006 1713 aut
3036 1658 3219 1728 aliqua
3266 1657 3622 1712 tumultuatio

2036 1739 2334 1806 concilium
2376 1750 2620 1815 infestet,
2647 1760 2831 1806 vestra
2864 1731 3071 1806 Christi
3122 1766 3312 1806 amans
3350 1749 3622 1805 celsitudo

2037 1840 2324 1905 decernat,
2353 1849 2414 1895 ut
2438 1841 2548 1895 duo
2571 1850 2782 1896 tantum
2813 1841 3044 1897 cuilibet
3070 1840 3495 1912 metropolitano
3520 1839 3620 1894 ad-

356 1914 580 1985 Ἐπειδὴ
596 1916 689 1968 καὶ
710 1916 872 1986 ἡμεῖς
895 1918 1007 1979 τοῖς
1024 1918 1123 1988 τῆς
1144 1917 1413 1989 ὑμετέρας
1432 1918 1712 1983 εὐσεϐείας
1732 1921 1917 1993 γράμ-

2035 1930 2167 1985 sint.
2197 1929 2336 1984 Nam
2368 1937 2424 1984 et
2452 1945 2553 1985 nos
2600 1929 2823 2001 pietatis
2858 1939 3055 1986 vestra:
3099 1930 3302 1985 litteris
3343 1928 3616 1991 obsecuti,

345 2023 516 2076 μασιν
568 2006 812 2072 εἴξαντες
865 2007 1155 2073 τοσούτους
1214 2011 1553 2082 ἐπαγόμεθα,
1612 2012 1924 2085 δυνάμενοι,

339 2098 503 2167 εἴπερ
548 2098 656 2169 ἄρα
703 2098 943 2170 πλήθους
970 2096 1038 2171 ἦν
1071 2101 1251 2171 χρεία,
1302 2102 1587 2167 πλείστους
1632 2088 1779 2175 ἔχειν
1808 2105 1928 2176 μεθ’

339 2189 558 2243 ἑαυτῶν
584 2190 711 2254 τούς
730 2191 800 2245 τά
825 2191 944 2245 θεῖα
964 2192 1213 2262 δόγματα
1238 2186 1484 2266 ἀκριϐῶς
1506 2195 1926 2268 ἐπισταμένους,

338 2281 441 2333 καὶ
465 2282 617 2335 οὐδὲν
644 2281 720 2353 τῷ
743 2283 949 2349 ἀμαθεῖ
972 2285 1080 2338 τῶν
1111 2284 1270 2339 θείων
1304 2285 1498 2357 πλήθει
1539 2289 1806 2344 ’Δσιανῶν
1832 2292 1929 2344 καί⁸

338 2373 659 2440 Αἰγυπτίων
680 2376 947 2439 ἐοικότας.
980 2375 1045 2430 Εἰ
1070 2377 1179 2448 γὰρ
1199 2378 1361 2431 τοῦτο
1395 2378 1471 2449 μὴ
1502 2380 1736 2448 γένοιτο,
1768 2383 1931 2452 ἀνάγ-

339 2480 418 2533 κη
441 2463 707 2535 σύγχυσιν
746 2462 903 2530 αὖθις
928 2467 1184 2535 γενέσθαι
1206 2484 1218 2497 °
1259 2470 1574 2538 Αἰγυπτίων
1610 2472 1708 2542 μὲν
1758 2472 1928 2528 ὄντων

339 2556 685 2625 πεντήκοντα
712 2573 725 2588 ’
768 2557 1034 2614 ’Δσιανῶν
1053 2558 1111 2612 δέ
1147 2558 1254 2614 τῶν
1297 2562 1403 2615 ὐπὸ
1424 2562 1684 2633 Μέμνονα
1716 2565 1807 2618 τὸν
1827 2566 1927 2634 τῆς

338 2646 656 2717 τυραννίδος
678 2649 776 2719 ήγε
785 2648 943 2720 μόνα,
973 2651 1385 2722 τεσσαράκοντα
1407 2670 1420 2683 ·
1452 2654 1669 2707 καὶτῶν
1696 2657 1754 2708 ἐν
1776 2656 1928 2725 Παμ-

340 2732 512 2804 φυλίᾳ
540 2735 833 2804 αἰρετικῶν
875 2738 1296 2796 Μεσαλινιωτῶν
1336 2742 1447 2813 (19)
1490 2743 1797 2815 λεγομένων
1830 2744 1927 2797 δώ·

337 2823 476 2877 δεκα
499 2840 512 2854 ·
548 2825 717 2898 χωρὶς
770 2827 880 2882 τῶν
911 2830 1180 2886 συνόντων
1221 2832 1302 2904 τῷ
1344 2834 1494 2907 αὐτῷ
1527 2837 1923 2909 μητροπολίτῃ,

339 2915 439 2969 καὶ
465 2917 671 2988 ἐτέρων
693 2918 1096 2991 καθῃρημένων
1122 2925 1217 2977 καὶ
1238 2927 1617 2999 ἀκοινωνήτων
1646 2929 1788 2984 κατὰ
1816 2929 1927 2983 δια-

338 3005 543 3074 φόρους
572 3007 771 3073 τόπους
822 3009 933 3081 (20)
962 3010 1068 3065 ὑπὸ
1112 3014 1345 3070 συνόδων
1393 3016 1564 3088 ῆύπὸ
1611 3019 1926 3074 ἐπισκόπων

338 3098 731 3168 γεγενημένων
756 3118 770 3132 ·
808 3102 968 3175 οἵπερ
997 3106 1136 3159 εἰσὶν
1169 3108 1322 3162 οὐδὲν
1373 3108 1596 3183 ἕτερον,
1647 3111 1680 3182 ἢ
1722 3112 1927 3182 πλῆθος

336 3188 676 3260 ἀνθρώπων,
716 3192 867 3248 οὐδὲν
907 3194 1007 3264 μὲν
1037 3196 1263 3267 ἀκριϐὲς
1292 3201 1401 3253 τῶν
1430 3201 1592 3256 θείων
1637 3203 1926 3275 δογμάτων

338 3280 742 3352 ἐπισταμένων,
779 3286 1024 3357 ταραχῆς
1058 3288 1117 3341 δὲ
1140 3290 1233 3343 καὶ
1260 3291 1504 3359 θορύϐων
1536 3294 1771 3363 μεστῶν.
1798 3297 1926 3348 Δεό-

340 3372 481 3443 μεθα
512 3375 693 3430 τοίνυν
723 3378 818 3430 καὶ
849 3378 1165 3450 ἱκετεύομεν
1194 3380 1293 3452 τὴν
1324 3382 1601 3455 ὑμετέραν
1635 3385 1924 3440 εὐσέϐειαν

336 3460 496 3530 αὖθις
532 3469 840 3539 φροντίσαι,
870 3472 1135 3526 ἐπιτεῖναι
1156 3473 1213 3526 δὲ
1242 3476 1309 3545 τῇ
1340 3476 1544 3548 συνόδῳ
1569 3477 1671 3550 τήν
1700 3479 1924 3552 εἰρήνην

335 3557 417 3628 τῷ
448 3558 669 3632 συνήθει
706 3560 860 3632 ὐμῶν
890 3562 1103 3617 εὐσεϐεῖ
1141 3563 1495 3637 θεσπίσματι.

408 3736 750 3809 Νομίσαντες
775 3742 885 3813 γὰρ
912 3742 1006 3797 νῦν
1035 3745 1165 3815 γοῦν
1191 3748 1389 3813 αὐτοὺς
1421 3753 1794 3823 σωφρονήσειν
1834 3752 1924 3808 διά

336 3826 410 3880 τά
445 3827 644 3900 εὐσεϐῆ
676 3831 983 3903 γράμματα
1014 3834 1115 3906 τῆς
1145 3835 1429 3907 θεοφιλοῦς
1459 3839 1615 3911 ὐμῶν
1648 3841 1920 3912 κορυφῆς,

341 3920 482 3991 μετὰ
526 3921 587 3975 τὸ
632 3924 1048 3995 ἀναγνωσθῆναι
1103 3929 1289 3993 αὐτοῖς
1338 3932 1397 3985 τὸ
1426 3932 1607 4003 πάσης
1665 3935 1924 4001 εὐσεϐοῦς

340 4009 653 4080 προθέσεως
687 4013 855 4083 γέμον
876 4014 1176 4088 θέσπισμα,
1210 4021 1304 4074 καὶ
1334 4021 1509 4076 ταῦτα
1533 4024 1681 4093 ἡμᾶς
1712 4026 1923 4095 ὑπαγο-

342 4103 533 4174 ρεῦσαι
563 4104 633 4158 τὰ
661 4105 989 4177 γράμματα,
1015 4110 1332 4183 ἀπήλθομεν
1365 4115 1444 4178 εἰς
1483 4115 1544 4169 τὸ
1580 4116 1923 4172 Ἀποστόλιον

338 4192 435 4247 τοῦ
479 4194 634 4263 ἁγίου
685 4197 932 4253 Ἰωάννου
973 4199 1067 4253 τοῦ
1111 4203 1522 4273 εὐαγγελιστοῦ,
1559 4211 1654 4262 καὶ
1700 4209 1923 4281 εὐχαρι-

342 4285 541 4355 στῆσαι
565 4288 659 4341 καὶ
687 4290 1091 4362 προσεύξασθαι
1118 4296 1257 4369 ὐπέρ
1281 4299 1374 4352 τοῦ
1398 4300 1669 4373 ὐμετέρου
1687 4306 1923 4375 κράτους

342 4376 438 4429 καὶ
475 4377 568 4431 τοῦ
620 4380 878 4447 εὐσεϐοῦς
919 4385 1073 4456 ὑμῶν
1126 4389 1354 4443 σκοποῦ.
1390 4390 1457 4444 Ol
1492 4392 1548 4446 δὲ
1589 4393 1922 4467 θεασάμενοι

340 4468 498 4537 ἡμᾶς
524 4475 868 4546 παραχρῆμα
906 4476 997 4531 τὸν
1031 4478 1153 4532 ναὸν
1184 4480 1536 4538 ἀπέκλεισαν.
1586 4485 1671 4550 Ὠς
1699 4487 1757 4540 δὲ
1789 4488 1922 4555 ἕξω-

1953 3256 1994 3311 C

2032 2022 2262 2077 totidem
2294 2021 2645 2088 adduximus,
2673 2037 2799 2077 cum
2842 2032 3026 2079 tamen
3049 2064 3064 2091 ,
3089 2023 3135 2078 si
3159 2020 3384 2092 quidem
3430 2020 3619 2076 multi-

2031 2114 2223 2169 tudine
2280 2129 2420 2184 opus
2474 2113 2693 2180 fuisset,
2736 2114 3008 2185 plurimos
3039 2113 3257 2185 egregie
3308 2114 3365 2167 in
3417 2111 3625 2168 divinis

2031 2205 2385 2276 dogmatibus
2424 2204 2731 2271 institutos,
2757 2221 2860 2260 nec
2903 2206 3013 2260 ulla
3047 2205 3260 2260 ratione
3290 2219 3419 2260 cum
3440 2203 3621 2274 impe-

2030 2302 2139 2358 rita
2177 2302 2495 2358 divinarum
2544 2318 2731 2358 rerum
2760 2302 3131 2357 Asiaticorum
3152 2309 3208 2355 et
3234 2297 3625 2371 Egyptiorum

2029 2396 2194 2450 turba
2216 2393 2606 2461 conferendos,
2645 2394 2938 2450 nobiscum
2982 2392 3189 2448 habere
3221 2392 3618 2464 potuissemus.

2027 2486 2144 2541 Nisi
2173 2487 2323 2541 enim
2359 2487 2467 2541 hoc
2502 2494 2796 2550 statuatur,
2832 2484 2952 2539 fieri
2989 2499 3100 2539 non
3147 2490 3329 2552 potest
3358 2481 3494 2552 quin
3522 2481 3625 2536 ali-

2026 2596 2137 2651 qua
2175 2578 2368 2635 rursus
2416 2577 2925 2634 oriatur‘confusio
2960 2594 2973 2631 :
3025 2573 3301 2646 siquidem
3340 2573 3619 2644 quinqua-

2006 2670 2175 2745 ginta
2202 2678 2331 2727 sunt
2356 2669 2594 2742 .‘Egyptii
2614 2711 2630 2735 ,
2662 2670 2765 2725 sub
2798 2668 3089 2725 Memnone
3135 2666 3444 2738 tyrannidis
3475 2666 3617 2721 duce

2026 2760 2390 2831 quadraginta
2413 2760 2666 2825 Asiatici,
2704 2759 2998 2815 duodecim
3032 2759 3161 2814 item
3194 2774 3263 2814 ex
3298 2747 3627 2831 Pamphylia

2026 2849 2292 2913 haeretici,
2322 2850 2813 2906 Messalianitarum
2837 2850 3062 2906 nomine
3085 2850 3346 2920 appellati
3373 2868 3386 2903 :
3415 2863 3617 2919 praeter

2027 2941 2167 2996 alios
2201 2940 2380 2997 eidem
2427 2943 2857 3013 metropolitano
2881 2943 2897 2963 ⁵
2934 2942 3303 3006 adhaerentes,
3334 2949 3391 2995 et
3424 2940 3559 2995 alios
3586 2956 3619 2995 ει

2028 3033 2237 3106 synodo
2267 3035 2355 3089 vel
2383 3034 2451 3091 ab
2478 3035 2754 3106 episcopis
2786 3035 3020 3090 diversis
3046 3034 3105 3088 in
3135 3034 3272 3090 locis
3302 3048 3627 3089 excommu-

2029 3125 2244 3181 nicatos
2298 3134 2356 3180 et
2402 3125 2705 3197 depositos,
2748 3126 2845 3196 qui
2887 3140 3018 3181 sane
3067 3124 3220 3180 aliud
3274 3124 3415 3178 nihil
3463 3129 3616 3186 sunt,

2029 3230 2194 3284 quam
2222 3214 2508 3270 hominum
2537 3215 2700 3270 turba
2725 3215 3040 3270 divinorum
3064 3214 3382 3286 dogmatum
3404 3215 3621 3279 nescia,

2034 3303 2246 3376 1334
2266 3314 2323 3359 et
2365 3304 2435 3359 ad
2473 3306 2746 3359 tumultus
2787 3304 3200 3376 seditionesque
3239 3313 3388 3360 nata.
3415 3305 3623 3360 Preca-

2026 3410 2153 3449 mur
2183 3395 2415 3464 proinde
2454 3403 2695 3450 vestram
2730 3396 3026 3465 pietatem,
3057 3394 3495 3466 suppliciterque
3519 3411 3615 3448 ro—

2026 3503 2218 3560 gamus
2262 3497 2325 3542 ut
2372 3505 2591 3543 rursum
2635 3490 3021 3561 cogitationem
3073 3488 3369 3557 suscipiat,
3427 3487 3623 3543 solilo-

2025 3593 2137 3650 que
2182 3586 2370 3634 vestro
2419 3578 2514 3648 pio
2562 3580 2787 3635 decreto
2842 3592 3035 3648 pacem
3082 3576 3302 3632 concilii
3355 3575 3615 3646 adaugcri

2025 3677 2208 3726 curet.

2094 3761 2312 3818 Etenim
2359 3760 2464 3816 rati
2514 3762 2601 3816 vel
2643 3777 2793 3817 nunc
2836 3761 3059 3816 tandem
3111 3758 3229 3815 fore
3287 3764 3347 3812 ut
3391 3765 3623 3828 propter

2025 3854 2146 3924 pias
2194 3852 2381 3908 devoti
2433 3852 2693 3907 culminis
2737 3852 2910 3907 vestri
2956 3852 3169 3907 litteras
3203 3848 3615 3919 resipiscerent,

2026 3951 2383 4015 posteaquam
2413 3941 2703 3999 decretum
2731 3942 2881 3998 omni
2914 3940 3138 4013 pietatis
3176 3954 3339 3995 sensu
3388 3939 3616 4009 plenum

2027 4035 2139 4090 illis
2162 4043 2248 4090 est
2280 4036 2504 4100 lectum,
2546 4049 2759 4105 nosque
2803 4035 2902 4089 has
2931 4033 3146 4089 litteras
3187 4033 3615 4095 dictaveramus,

2026 4124 2260 4195 profecti
2289 4140 2481 4180 sumus
2514 4125 2579 4179 ad
2611 4124 2793 4179 Sancti
2843 4124 3071 4180 Joannis
3099 4122 3449 4193 evangelista
3480 4130 3617 4191 ap'o-

2027 4216 2278 4271 stolicam
2324 4217 2644 4281 ecclesiam,
2689 4217 2895 4288 gratias
2942 4217 3141 4283 acturi,
3183 4216 3469 4285 Deumque
3516 4230 3618 4284 pro

2025 4317 2206 4362 vestra
2234 4309 2538 4379 majestate,
2568 4324 2779 4378 proque
2807 4312 2897 4378 pio
2942 4308 3112 4362 animi
3150 4308 3321 4363 vestri
3362 4305 3625 4361 instituto

2027 4401 2368 4471 consilioque
2399 4402 2665 4472 rogaturi.
2694 4401 2831 4456 Cum
2861 4409 3046 4457 autem
3073 4401 3149 4456 illi
3180 4417 3280 4455 nos
3310 4400 3614 4470 conspicati

2027 4481 2234 4558 essent,
2270 4502 2502 4563 repente
2528 4493 2794 4564 templum
2826 4492 2988 4548 nobis
3015 4492 3388 4548 occluserunt.
3425 4492 3615 4562 Itaque

338 4559 435 4654 θεν
462 4565 917 4637 προσευξάμενοι,
960 4571 1054 4624 καὶ
1093 4572 1281 4642 μηδεν)⁵
1334 4574 1502 4646 μηδὲν
1550 4578 1796 4643 εἰπόντες
1836 4581 1925 4632 ἐπ-

2030 4600 2155 4640 cum
2180 4583 2488 4640 forinsecus
2517 4584 2984 4650 adoravissemus,
3006 4585 3340 4654 silentioque
3366 4593 3619 4639 reverte-

340 4652 624 4726 ανῄειμεν,
651 4657 855 4730 πλῆθος
871 4661 1090 4734 ἐξῆλθον
1115 4664 1344 4720 οἰκετῶν
1362 4684 1543 4734 τινων,
1572 4670 1803 4736 καὶτοὺς
1826 4672 1925 4741 μὲν

345 4744 406 4809 ἐξ
437 4748 595 4817 ἡμῶν
636 4751 922 4824 κατέσχον,
954 4753 1063 4809 τῶν
1092 4754 1149 4810 δὲ
1183 4757 1252 4813 τά
1292 4756 1405 4823 ζῶα
1437 4761 1784 4829 ἀπέσπασαν,
1831 4763 1924 4819 ἀ).-

339 4837 463 4902 λους
490 4840 546 4893 δὲ
572 4846 919 4915 τραυματίας
950 4848 1237 4919 ἐποίησαν·
1275 4853 1422 4923 ἡμᾶς
1461 4854 1517 4908 δὲ
1549 4856 1804 4926 ῥοπάλοις
1835 4858 1927 4911 καὶ

337 4930 506 4998 λίθοις
549 4935 880 4999 κατεδίωξαν
929 4938 1092 5007 μέχρι
1156 4944 1352 4997 πολλοῦ
1396 4946 1801 5019 διαστήματος,
1849 4951 1926 5015 ὡς

339 5022 753 5095 ἀναγκασθῆναι
783 5026 931 5096 ἡμᾶς
957 5027 1096 5096 μετά
1139 5029 1341 5101 πολλῆς
1385 5035 1646 5100 ἐπείξεως
1677 5039 1788 5109 (2|)
1821 5057 1913 5107 φυ-

337 5116 479 5182 γεῖν,
513 5116 807 5189 βαρϐάρων
828 5119 1153 5177 διωκόντων.
1186 5123 1371 5176 Ταῦτα
1407 5125 1464 5178 δὲ
1493 5127 1559 5179 ἐκ
1594 5128 1789 5180 πολλοῦ
1825 5131 1922 5200 ηὐ-

335 5210 600 5276 τρέπισεν
652 5212 681 5264 ὁ
723 5210 982 5283 Μέμνων,
1041 5213 1115 5285 μή
1163 5216 1462 5286 συγχωρῶν
1519 5217 1730 5287 μηδενὶ,
1782 5221 1922 5290 μήτε

337 5301 744 5371 προσεύξασθαι
778 5306 837 5358 ἐν
860 5305 1135 5378 εὐκτηρίῳ
1159 5305 1323 5379 οῖκῳ,
1361 5309 1498 5380 μήτε
1534 5307 1652 5381 μετ’
1698 5311 1920 5384 εἰρήνης

408 5474 451 5511 ³⁸
483 5480 642 5536 Deut.
675 5498 729 5547 v,
755 5481 843 5536 '52.

412 5655 520 5727 (l8)
549 5657 640 5738 Sic
661 5656 833 5738 Mans.
872 5659 926 5715 in
973 5663 1236 5738 margine.
1268 5664 1325 5719 In
1369 5673 1531 5738 textu
1567 5666 1805 5723 habebat
1838 5670 1924 5738 ἀξ.

340 5727 727 5851 ῗέτέἐιᾶγκόντες
749 5731 895 5800 αἰσχ.
921 5746 1043 5801 quae
1067 5727 1234 5789 vcrba
1260 5736 1588 5795 exciderunt
1618 5756 1648 5795 e
1673 5727 1927 5797 Garncrii

415 5867 524 5939 (ιθ)
554 5868 967 5925 Μεσαλιανιτῶν
998 5872 1068 5928 Μ.
1106 5873 1162 5930 in
1189 5892 1360 5951 marg.

2025 4692 2236 4743 remur,
2280 4676 2618 4733 famulorum
2679 4676 3047 4749 quorumdam
3081 4676 3379 4731 multitudo
3426 4692 3618 4733 erum-

2024 4787 2184 4843 pens,
2224 4769 2365 4826 alios
2400 4771 2627 4842 quidem
2688 4779 3005 4828 nostrorum
3047 4769 3428 4834 detinuerunt,
3472 4785 3618 4825 non-

2025 4863 2196 4917 nullis
2235 4863 2485 4933 jumenta
2538 4879 2639 4919 sua
2698 4863 3077 4930 abstulerunt,
3117 4861 3387 4934 quosdam
3448 4861 3618 4917 etiam

2024 4955 2494 5021 vulneraverunt;
2537 4971 2639 5012 nos
2698 4964 2884 5011 autem
2936 4955 3180 5011 fustibus
3237 4964 3295 5009 et
3337 4954 3625 5024 lapidibus

2030 5046 2194 5116 longo
2259 5046 2551 5101 intervallo
2610 5047 2866 5102 insectati
2926 5056 3077 5113 sunt,
3115 5047 3190 5102 ita
3243 5054 3304 5100 ut
3353 5055 3615 5116 tanquam

2030 5135 2289 5190 Barbaris
2361 5135 2785 5205 insequentibus
2840 5153 3035 5209 magna
3077 5154 3205 5194 cum
3262 5136 3619 5192 festinatione

2028 5226 2213 5297 fugam
2265 5242 2555 5297 capessere
2611 5244 2959 5300 cogeremur.
3016 5231 3145 5287 Haec
3197 5237 3384 5286 autem
3441 5228 3620 5282 multo

2023 5319 2134 5390 jam
2158 5326 2284 5373 ante
2314 5331 2719 5390 praeparaverat
2742 5320 3000 5378 Memnon
3034 5341 3049 5378 :
3080 5322 3217 5378 nulli
3246 5329 3501 5376 nostrum
3528 5320 3623 5374 vel

2103 5674 2212 5749 (20)
2251 5677 2328 5732 lta
2358 5678 2649 5749 legendum
2678 5678 2824 5733 haud
2849 5676 3019 5749 dubie
3034 5692 3150 5749 Apro
3172 5675 3318 5747 vulg.
3349 5674 3607 5749 τρόπους.

2030 5747 2175 5818 quod
2210 5756 2266 5800 et
2288 5746 2535 5802 notatum
2563 5756 2682 5803 erat
2706 5749 2761 5802 in
2797 5763 2967 5818 marg.
3002 5746 3172 5818 Maus.
3215 5746 3573 5802 recenSionis.

2104 5816 2216 5890 (2i)
2254 5818 2563 5883 ἐπιδείξεως
2602 5820 2771 5874 Mans.
2801 5818 2855 5872 in
2887 5816 3133 5891 margine
3155 5817 3360 5888 inepte.
