4072 6422
313 430 338 490 1
352 432 457 498 465

1630 435 1995 496 EPISTULA
2031 435 2278 499 CLXVI.

3454 413 3479 482 1
3494 414 3593 480 £66

310 561 506 603 cessus
534 546 603 602 ad
626 547 1036 619 pientissimum
1068 563 1255 620 regem
1294 559 1569 612 nostrum,
1597 545 1899 615 divinaque
1932 556 1976 609 Α
2004 550 2305 616 minentur,
2363 555 2419 603 et
2477 547 2546 602 de
2594 547 2682 600 his
2744 536 3016 612 disputari
3063 550 3295 608 prorsus
3353 547 3467 588 non
3516 533 3594 587 st-

312 639 492 707 gratia
526 640 636 706 bis,
663 640 760 711 qui
792 640 1013 697 diversa
1039 640 1308 706 sentiunt,
1361 639 1418 693 in
1452 637 1754 693 certamine
1813 652 1907 691 su-

314 730 572 800 periores
600 730 734 787 fa'cti
766 748 997 799 sumus;
1059 731 1190 802 quia
1240 731 1425 786 omnia
1458 729 1682 799 quidem
1718 735 1907 782 nostra

315 830 550 893 accepta
581 823 740 880 fuere
795 823 944 894 apud
968 823 1178 879 Christi
1233 821 1669 878 amantissimum
1699 835 1904 891 regem.

315 912 488 968 Lecta
515 922 701 969 autem
723 925 853 971 sunt
886 917 1069 972 oblata
1099 917 1168 970 ab
1196 916 1341 981 aliis,
1371 924 1428 969 et
1461 929 1584 984 quae
1616 913 1733 968 visa
1778 920 1909 966 sunt

316 1007 567 1078 indigna,
600 1014 663 1061 ut
694 1008 1095 1079 reciperentur,
1132 1023 1313 1078 neque
1362 1007 1531 1061 ullam
1564 1019 1911 1075 consequen-

318 1097 456 1153 tiam
489 1099 786 1165 habebant,
824 1100 1137 1171 rejecimus.
1164 1098 1353 1171 Cyrilli
1384 1098 1535 1154 enim
1589 1113 1810 1153 sursum
1846 1112 1911 1153 ac

318 1187 583 1243 deorsum
616 1205 890 1245 memores
913 1198 1093 1257 erant,
1125 1190 1470 1259 orabantque
1511 1189 1669 1243 illum
1723 1204 1911 1243 accer-

319 1280 448 1346 siri,
477 1288 538 1335 ut
573 1283 689 1352 ipse
724 1298 827 1353 pro
863 1284 1049 1353 seipso
1107 1282 1377 1337 rationem
1419 1281 1695 1337 redderet.
1723 1280 1911 1351 Usque

320 1371 383 1425 in
415 1382 744 1441 praesentem
769 1373 918 1428 diem
965 1390 1078 1428 non
1117 1374 1486 1430 obtinuerunt
1521 1370 1658 1443 (36),
1691 1370 1786 1426 sed
1814 1387 1913 1425 au-

321 1463 553 1521 dierunt
586 1466 732 1535 quod
762 1466 1057 1536 oportebat
1094 1466 1207 1539 (57)
1249 1481 1535 1521 sermones
1564 1464 1634 1520 de
1680 1464 1909 1535 pietate,

320 1554 434 1609 hoc
460 1564 565 1619 est,
601 1556 669 1611 de
698 1556 964 1627 religione
999 1556 1111 1630 (38)
1143 1557 1294 1625 ﬁdei,
1321 1564 1379 1613 et
1399 1557 1713 1613 conﬁrmari
1748 1555 1913 1610 ﬁdem

323 1645 443 1718 (59)
466 1648 757 1703 beatorum
780 1649 1027 1704 Patrum.

400 1738 804 1810 Redarguimus
858 1752 914 1798 et
943 1741 1227 1807 Acacium,
1255 1742 1348 1812 qui
1383 1742 1437 1801 in
1491 1740 1915 1796 Commentariis

321 1839 610 1901 posuerat,
649 1833 966 1902 passibilem
1000 1850 1122 1891 esse
1178 1832 1470 1889 Deitatem.
1535 1831 1691 1899 Quod
1738 1845 1913 1901 usque

2009 653 2167 697 nunt.

2024 728 2033 736 ’
2079 735 2189 790 Nos
2211 745 2394 790 autem
2417 740 2646 804 propter
2674 736 2891 785 vestras
2922 738 3118 796 preces
3137 734 3314 790 usque
3352 717 3421 773 ad
3445 730 3594 771 mor-

2010 836 2122 882 tem
2150 828 2355 882 instare
2392 825 2570 896 parati
2592 805 2823 886 sumus;
2858 826 2914 873 et
2944 830 3124 885 neque
3155 811 3422 884 Cyrillum
3469 821 3594 861 sus-

2010 921 2218 991 cipere,
2239 934 2415 990 neque
2442 916 2682 987 capitula
2719 913 2787 968 ab
2826 926 2894 965 eo
2944 907 3212 978 exposita,
3245 916 3427 972 neque
3485 897 3597 953 illis

2011 988 2441 1074 communicare,
2472 1006 2797 1078 priusquam
2821 1000 3206 1071 explodantur,
3276 1007 3402 1063 quae
3453 988 3596 1042 male

2013 1104 2143 1160 ﬁdei
2174 1103 2387 1174 adjecta
2412 1109 2563 1157 sunt.

2082 1197 2450 1253 Obsecramus
2476 1193 2644 1263 igitur
2672 1186 2784 1262 (41)
2818 1193 3057 1241 vestram
3110 1179 3479 1239 sanctitatem,
3534 1180 3599 1227 ut

2013 1289 2239 1363 sapiatis
2263 1288 2456 1343 eadem
2479 1300 2601 1355 quae
2642 1280 2859 1352 1338
2894 1292 3018 1342 nos,
3051 1272 3427 1363 eumdemque
3448 1266 3599 1363 labo-

2014 1400 2131 1439 rem
2152 1379 2480 1437 ostendatis.
2512 1376 2809 1432 Certamen
2840 1370 2990 1426 enim
3026 1365 3189 1421 nobis
3217 1376 3319 1433 pro
3332 1357 3598 1428 religione

2012 1484 2118 1538 est,
2170 1488 2335 1543 quam
2370 1470 2543 1526 solam
2591 1466 2861 1522 habemus
2882 1474 3057 1531 spem,
3093 1464 3149 1512 et
3174 1458 3406 1543 propter
3434 1461 3601 1543 quam

2013 1535 2397 1636 exspectamus
2432 1560 2703 1616 fruituros
2763 1569 2865 1610 nos
2907 1546 3245 1619 benignitate
3299 1535 3602 1598 Salvatoris

2013 1658 2188 1715 nostri
2218 1657 2408 1712 futuro
2432 1653 2653 1709 saeculo.

2084 1753 2101 1773 “
2133 1752 2211 1806 De
2237 1748 2582 1821 pientissimo
2607 1752 2665 1799 et
2687 1736 3035 1798 sanctissimo
3059 1731 3320 1804 episcopo
3342 1722 3601 1782 Nestorio

2017 1846 2155 1902 sciat
2173 1820 2361 1899 vestra
2383 1840 2581 1911 pietas,
2612 1834 2760 1906 quod
2799 1827 3179 1887 studuerimus
3231 1820 3453 1893 quidem
3478 1830 3597 1871 ser-

321 1922 468 1978 adeo
511 1926 780 1995 gravatim
824 1926 950 1981 tulit
976 1927 1100 1997 pius
1151 1942 1246 1981 rex
1274 1934 1486 1990 noster,
1515 1934 1576 1979 ut
1625 1932 1913 1979 excuteret
1946 1910 1986 1964 Β
2014 1950 2236 1992 monem
2262 1933 2331 1988 de
2356 1908 2450 1988 illo
2482 1930 2731 1985 inserere
2760 1943 2774 1979 :
2826 1921 2925 1978 sed
2954 1934 3106 1975 nunc
3133 1927 3310 1983 usque
3339 1908 3452 1983 (δῖ)
3484 1922 3598 1961 non

320 2014 579 2089 pallium,
605 2023 662 2071 et
679 2024 983 2073 retrorsum
1013 2019 1237 2081 cederet
1263 2034 1377 2088 prae
1404 2016 1758 2087 blasphemia:
1797 2030 1913 2069 ma-

322 2105 636 2176 gnitudine.
672 2107 888 2165 Scimus
923 2119 1109 2165 autem
1163 2120 1221 2165 et
1276 2117 1453 2164 totum
1524 2108 1913 2164 consistorium

321 2211 433 2253 nos
456 2198 612 2255 valde
637 2199 844 2259 habere
868 2210 1140 2271 acceptos,
1165 2201 1313 2272 quod
1339 2217 1440 2273 pro
1495 2200 1704 2272 pietate
1738 2206 1918 2255 certa-

325 2305 476 2347 mus.

401 2383 592 2439 Visum
630 2384 797 2456 igitur
823 2395 908 2442 est
925 2386 1273 2458 pientissimo
1297 2393 1490 2441 nostro
1517 2386 1634 2457 regi
1651 2392 1714 2440 ut
1747 2399 1922 2442 unus-

324 2473 567 2546 quisque
589 2492 751 2531 suum
790 2493 1017 2533 sensum
1050 2486 1311 2549 exponat,
1345 2486 1403 2532 et
1433 2492 1546 2532 suae
1587 2476 1783 2547 pietati
1837 2474 1923 2530 of-

324 2565 493 2621 ferat.
525 2567 934 2639 Respondimus
956 2580 1140 2627 autem
1163 2586 1265 2625 nos
1293 2569 1440 2640 quod
1465 2568 1808 2639 impossibile
1834 2575 1921 2623 est

328 2658 454 2715 ﬁeri
491 2660 654 2715 aliam
686 2662 1111 2732 expositionem,
1138 2678 1305 2733 quam
1342 2677 1428 2727 ea,
1482 2676 1605 2731 quae
1659 2661 1716 2714 in
1739 2658 1922 2716 Nicaea

327 2768 364 2808 a
395 2751 730 2808 beatissimis
752 2754 1012 2810 Patribus
1033 2754 1176 2809 facta
1202 2760 1289 2809 est
1312 2762 1400 2809 :et
1424 2751 1635 2822 placuit
1661 2752 1783 2823 ejus
1806 2768 1925 2809 ma-

323 2840 538 2916 iestati.
568 2844 963 2915 Proposuimus
993 2848 1162 2918 igitur
1186 2845 1356 2912 illam,
1385 2845 1441 2899 in
1461 2860 1571 2915 qua
1600 2853 1781 2901 vestra
1797 2860 1925 2900 san-

330 2936 499 2995 ctitas
529 2936 875 3008 subscripsit.
1526 3002 1535 3009 _

406 3027 681 3084 Caeterum
734 3030 916 3086 omnis
975 3030 1214 3101 populus
1276 3029 1928 3101 Constantinopolitanus

328 3120 538 3195 jugiter
559 3121 629 3177 ad
655 3137 756 3177 nos
785 3122 958 3188 venit,
994 3138 1162 3178 orans
1191 3130 1253 3177 ut
1279 3129 1504 3177 strenue
1531 3137 1634 3192 pro
1684 3121 1791 3177 ﬁde
1826 3136 1930 3191 pu-

335 3229 570 3290 gnemus
594 3232 608 3281 ;
639 3215 986 3286 multumque
1003 3215 1318 3270 laboramus
1338 3213 1406 3269 ad
1426 3213 1777 3268 retinendum
1802 3229 1920 3279 eos,

334 3315 410 3361 ne
442 3301 732 3357 videamur
755 3304 1101 3359 occasionem
1134 3303 1352 3358 dedisse
1373 3302 1727 3357 adversariis.
1771 3302 1924 3357 Misi-

338 3408 466 3449 mus
494 3402 681 3449 autem
737 3396 1020 3465 exemplar
1052 3394 1435 3464 expositionis,
1472 3402 1533 3448 ut
1578 3394 1690 3449 duo
1744 3410 1932 3451 exem-

337 3483 516 3561 plaria
546 3484 699 3552 ﬁant,
734 3485 1061 3556 duobusque
1086 3485 1196 3540 illis
1235 3483 1622 3543 subscribatis.

355 3620 569 3692 1337
608 3619 812 3679 CLXV.
864 3651 938 3665 —-
991 3618 1342 3692 'Eorumdem
1387 3618 1634 3687 Epistula
1690 3617 1762 3673 ad
1820 3634 1934 3673 eos-

993 3695 1111 3745 dem
1142 3689 1280 3762 (te).

413 3801 662 3858 Dominis
710 3801 946 3858 maxime
998 3800 1422 3858 honorabilibus
1463 3810 1522 3857 et
1569 3800 1933 3873 pientissimis

339 3895 637 3966 episcopis,
674 3895 768 3965 qui
798 3894 855 3949 in
882 3894 1102 3965 Epheso
1133 3901 1282 3959 sunt,
1310 3892 1723 3965 Joannes(40'),
1747 3893 1935 3949 Hime-

342 3987 481 4048 rius.
519 3988 746 4054 Paulus,
799 3987 1091 4052 Macarius,
1149 3985 1468 4056 Apringius,
1524 3984 1928 4041 Theodoretus.

415 4081 623 4149 Quinto
647 4094 904 4136 accessus
923 4079 1087 4133 nobis
1113 4078 1347 4149 contigit
1371 4095 1386 4144 ;
1423 4085 1481 4133 et
1505 4078 1761 4149 quamvis
1787 4078 1934 4132 mul-

340 4185 462 4233 tum
486 4174 555 4230 de
587 4172 866 4228 haereticis
886 4170 1147 4242 capitulis
1175 4168 1687 4239 disceptaverimus,
1711 4167 1935 4238 iurave-

341 4268 627 4336 rimusque
684 4265 888 4335 saepius
920 4263 1268 4333 pientissimo
1294 4262 1431 4333 regi,
1466 4261 1614 4331 quod
1678 4260 1936 4331 impossi-

341 4361 455 4417 bile
480 4361 554 4416 sit
580 4359 746 4415 nobis
767 4358 1179 4415 communicare
1195 4356 1283 4411 his
1304 4355 1400 4426 qui
1420 4355 1637 4410 diversa
1661 4354 1929 4418 sentiunt,

343 4453 390 4508 si
427 4451 675 4507 nondum
707 4449 1048 4521 exploserint
1081 4447 1323 4518 capitula
1351 4464 1366 4513 ;
1396 4453 1454 4501 et
1487 4445 1637 4516 quod
1668 4444 1930 4515 Cyrillus,

2013 2028 2317 2101 potuimus,
2345 2040 2412 2080 eo
2440 2020 2591 2094 quod
2634 2033 2847 2081 omnes,
2878 2014 2965 2070 vel
3014 2011 3083 2067 ad
3134 2010 3319 2080 ipsum
3372 2016 3598 2064 nomen,

2015 2091 2653 2176 bostiliter’aﬁicinntur.
2688 2105 3060 2164 Nihilominus
3087 2114 3233 2157 curae
3272 2095 3436 2151 nobis
3469 2091 3598 2156 erit,

2020 2209 2237 2268 tametsi
2272 2222 2360 2264 res
2386 2205 2467 2263 sic
2495 2219 2553 2261 se
2595 2198 2706 2275 (4⁷5)
2734 2199 2996 2261 habeant,
3058 2209 3158 2265 per
3219 2183 3604 2261 Opportunita-

2018 2312 2133 2362 tem
2161 2299 2447 2371 temporis,
2472 2311 2537 2352 ac
2568 2293 2888 2349 auditorum
2913 2282 3377 2347 benevolentiam,
3436 2275 3604 2332 etiam

2020 2396 2129 2452 hoc
2155 2394 2360 2458 facere,
2393 2387 2668 2460 siquidem
2693 2390 2884 2440 nostro
2906 2376 3191 2453 proposito
3216 2373 3367 2428 Deus
3399 2380 3607 2437 coopeo

2020 2496 2177 2543 ratus
2201 2484 2395 2541 fuerit.

2089 2580 2263 2634 Porro
2289 2584 2350 2631 ut
2381 2580 2562 2629 vestra
2588 2569 2852 2627 sanctitas
2870 2566 3039 2622 etiam
3064 2564 3172 2618 hoc
3216 2574 3330 2614 non
3354 2557 3605 2628 ignoret;

2019 2671 2217 2728 scitote
2263 2666 2413 2739 quod
2463 2664 2714 2720 videntes
2763 2660 3101 2733 Cyrillianos
3168 2647 3498 2725 tyrannide,
3542 2652 3610 2739 et

2020 2737 2329 2826 fraudibus,
2363 2767 2420 2814 et
2445 2757 2786 2820 adulatione,
2811 2759 2868 2808 et
2894 2750 3056 2807 donis
3077 2761 3292 2811 omnes,
3331 2751 3393 2797 ut
3427 2741 3502 2795 ita
3525 2737 3613 2794 di-

2022 2873 2166 2920 cam.
2191 2853 2498 2924 decepisse,
2526 2865 2638 2905 non
2691 2862 2820 2903 raro
2853 2841 3264 2916 pientissimum
3308 2848 3515 2906 regem,
3556 2837 3615 2886 et

2024 2944 2600 3019 magniﬁcentissimos
2622 2939 2907 3012 principes
2957 2932 3396 2993 obsecravimus,
3458 2932 3613 2979 utet

2024 3016 2141 3098 nos
2159 3041 2226 3096 ad
2248 3038 2530 3095 Orientem
2557 3034 2985 3094 dimitteremur,
3018 3035 3076 3083 et
3100 3031 3288 3081 vestra
3336 3021 3514 3092 pietas
3544 3016 3615 3071 ad

2027 3133 2250 3206 propria
2272 3131 2617 3202 remigraret.
2641 3123 3037 3197 Cognoscimus
3068 3118 3218 3175 enim
3260 3112 3408 3186 quod
3433 3111 3490 3166 in
3520 3124 3618 3164 va-

2029 3200 2163 3281 num
2195 3238 2378 3278 moras
2403 3200 2698 3282 nectimus,
2731 3224 2787 3270 et
2824 3212 3078 3267 instituta
3135 3222 3243 3261 non
3271 3200 3615 3274 perﬁcimus,

2030 3331 2099 3371 eo
2133 3314 2279 3384 quod
2298 3312 2536 3384 Cyrillus
2568 3307 2774 3375 ubique
2805 3303 2945 3374 fugit
2970 3296 3309 3369 colloquium
3338 3298 3615 3384 nostrum,

2032 3382 2288 3460 conscius
2319 3382 2446 3465 sibi,
2472 3396 2866 3469 blasphemias,
2892 3406 3030 3462 quas
3079 3388 3137 3443 in
3174 3382 3469 3442 duodecim
3526 3392 3620 3433 ca-

2032 3495 2229 3570 pitulis
2250 3494 2367 3550 suis
2392 3491 2593 3557 edidit,
2620 3486 2907 3544 manifeste
2941 3476 3373 3552 redarguendas.
3458 3543 3463 3549 η

2102 3585 2320 3644 Placuit
2343 3590 2529 3639 autem
2552 3576 2902 3657 pientissimo
2933 3572 3051 3643 regi
3112 3574 3238 3640 post
3286 3564 3491 3620 multas
3522 3561 3622 3617 ad-

2033 3678 2394 3743 hortationes,
2415 3682 2478 3730 ut
2498 3671 2701 3743 singuli
2724 3669 2791 3725 ad
2821 3667 3043 3740 propria
3062 3663 3373 3724 redeamus,
3402 3657 3469 3712 ad
3488 3656 3617 3720 hoc,

2032 3781 2097 3830 ut
2120 3780 2176 3829 et
2206 3768 2495 3842 Egyptius
2516 3774 2572 3822 et
2601 3765 2854 3820 Memnon
2879 3759 3194 3833 Ephesinus
3219 3754 3277 3811 in
3328 3752 3446 3809 suis
3482 3749 3622 3806 locis

2032 3870 2312 3922 maneant.
2345 3860 2436 3916 Sic
2459 3859 2607 3915 enim
2654 3855 2858 3927 poterit
2906 3851 3196 3924 Aﬁgyptius
3224 3861 3418 3903 omnes
3448 3859 3626 3899 excae-

2034 3973 2163 4015 care
2191 3952 2520 4011 muneribus
2546 3949 2693 4016 suis;
2727 3948 2808 4003 sic
2836 3953 2897 4002 ut
2914 3945 3007 3999 ille
3029 3941 3276 4014 quidem,
3308 3952 3434 3993 cum
3460 3936 3624 3990 innu-

2034 4065 2189 4106 mera
2216 4045 2408 4103 fecerit
2430 4043 2593 4108 mala,
2626 4041 2695 4097 ad
2726 4040 2989 4095 thronum
3037 4049 3199 4090 suum
3228 4030 3453 4097 redeat;
3517 4026 3624 4081 iste

2036 4143 2121 4197 vir
2146 4141 2412 4196 innocens
2456 4137 2548 4191 vix
2601 4133 2669 4189 ad
2693 4147 2851 4186 suam
2910 4128 3254 4184 mansionem
3286 4122 3620 4177 dimittatur.

2103 4232 2335 4290 Omnem
2375 4245 2499 4300 quae
2561 4226 2850 4281 vobiscum
2921 4229 3026 4287 est,
3075 4216 3482 4275 fraternitatem
3510 4254 3525 4279 ,
3567 4220 3625 4267 et

2024 4338 2178 4389 nos,
2225 4328 2284 4376 et
2350 4317 2449 4390 qui
2495 4314 2790 4371 nobiscum
2837 4319 3008 4378 sunt,
3055 4307 3360 4381 plurimum
3416 4302 3625 4358 saluta-

2033 4428 2180 4469 mus.

342 4507 561 4601 etiamsi
625 4507 882 4614 rejecerit
921 4507 1183 4612 capitula,
1236 4556 1267 4594 a
1329 4507 1934 4607 nobis-suscipiendus
1966 4602 2001 4614 ﬁ
2033 4524 2262 4584 CLXVI.
2288 4514 3347 4614 -ρςὶιηῇμηεξίίςμρξ)ἰςρ-ιίρνξιέιξξ
3403 4507 3626 4566 Calche-

342 4652 457 4692 non
488 4637 580 4703 sit,
614 4649 682 4690 eo
729 4634 877 4704 quod
913 4634 1029 4704 ipse
1057 4640 1166 4686 tam
1201 4630 1384 4701 impiae
1433 4629 1709 4684 hmreseos
1757 4626 1933 4681 haere-

343 4729 592 4786 siarches
622 4729 802 4783 factus
836 4726 907 4781 sit
958 4744 972 4781 :
1023 4723 1162 4780 nihil
1222 4731 1406 4778 tamen
1442 4720 1812 4792 profecimus,
1865 4731 1935 4772 eo

345 4823 493 4895 quod
525 4830 582 4877 et
606 4819 909 4875 adversarii
939 4819 1237 4881 instarent,
1291 4824 1351 4871 et
1382 4814 1666 4870 auditores
1690 4812 1795 4867 hos
1822 4818 1934 4865 tam

345 4912 702 4983 impudenter
751 4908 1103 4962 obiectantes
1148 4922 1261 4961 non
1324 4910 1772 4975 compescerent,
1830 4915 1938 4955 nec

344 5008 609 5074 cogerent
634 5014 752 5062 eos,
789 5005 850 5051 ut
875 4995 944 5051 ad
970 4995 1388 5064 inquisitionem
1410 5002 1468 5049 et
1492 4993 1937 5063 colloquinmvc-

344 5096 549 5157 nirent.
579 5092 695 5147 Hac
725 5087 876 5145 enim
914 5086 1005 5142 via
1050 5084 1345 5155 effugiunt,
1391 5100 1463 5139 ne
1508 5083 1754 5153 capitula
1800 5097 1934 5137 exa-

419 5258 531 5333 (3_6)
565 5258 658 5315 Sic
681 5264 861 5333 recte,
886 5253 1030 5333 quod
1065 5259 1121 5307 et
1155 5245 1536 5333 interpretatio
1568 5243 1626 5299 in
1660 5242 1933 5315 Synodico

345 5325 657 5394 conﬁrmat.
681 5328 854 5383 Mans.
879 5325 1203 5394 obedierunt.

410 5383 713 5525 isii)Add.
750 5383 969 5464 moveri,
998 5393 1146 5471 quod
1176 5399 1260 5448 est
1293 5388 1353 5444 in
1398 5384 1695 5460 Synodico,
1728 5391 1823 5439 aut
1853 5383 1929 5440 si-

347 5486 535 5679 ωιέἓὲ)
573 5540 796 5594 Ratione
827 5537 999 5595 Mans.

422 5610 513 5679 ('59
575 5611 643 5665 Ει
680 5608 999 5679 ﬁrmatam:

422 5598 535 5681 (59)
575 5611 643 5682 Et
680 5608 959 5682 ﬁrmatam
989 5602 1306 5682 esseﬁdgm:
1330 5598 1505 5682 Mans.
1664 5665 1682 5682 ἱ
1736 5665 1787 5682 ﬂ
1869 5664 1904 5682 ί.

425 5665 535 5808 (10)
573 5665 758 5736 Est'in
790 5679 983 5734 iisdem
1016 5665 1493 5767 actis_presinis
1540 5665 1683 5750 apud
1736 5665 1926 5733 Mansi,

457 5752 520 5808 V.
556 5767 611 5808 ι).
649 5749 785 5805 1420
817 5765 932 5808 seu.
969 5756 1023 5803 et
1055 5746 1215 5808 ailbl;
1250 5759 1307 5798 in
1363 5738 1639 5808 Synodico
1688 5751 1926 5808 quoque,

352 5761 394 5809 t.
430 5752 526 5817 IV,
556 5767 611 5822 p.
649 5752 785 5805 1420
817 5765 932 5819 seq.
969 5756 1023 5803 et
1055 5752 1215 5810 alibi;
1250 5752 1307 5798 in
1363 5752 1639 5813 Synoutco
1688 5752 1929 5811 quoque,

353 5838 404 5887 ς.
440 5823 531 5888 51,
567 5837 627 5891 p.
659 5820 783 5886 801,
818 5817 1344 5891 exaliajnterpret.

429 5887 825 5967 (ω’)Ἷοαηηεδ
853 5888 979 5947 add.
1015 5887 1185 5944 Mans.

2353 4594 2488 4649 done
2519 4585 2630 4667 (45)
2667 4591 2738 4646 ad
2763 4585 3143 4661 imperatorem
3166 4585 3350 4638 missa.

2110 4710 2426 4784 Optandum
2445 4719 2568 4765 erat
2597 4704 2737 4778 (46),
2769 4721 2838 4761 ne
2867 4721 2898 4760 a
2939 4701 3202 4774 quopiam
3234 4699 3346 4756 ullo
3401 4694 3537 4770 (47),
3569 4695 3627 4749 in

2037 4801 2479 4875 expositionibus
2493 4798 2771 4866 absurdis,
2796 4811 2979 4853 sermo
3010 4792 3236 4865 pietatis
3281 4791 3613 4847 adulterare-

2040 4904 2166 4965 tur;
2195 4895 2432 4951 maxime
2462 4900 2669 4958 autem,
2695 4906 2765 4946 ne
2797 4890 2864 4944 ab
2889 4888 2977 4942 his
2996 4887 3091 4958 qui
3107 4884 3474 4941 sacerdotium
3492 4894 3633 4952 prae-

2040 4988 2421 5057 fecturamque
2447 4986 2823 5041 Ecclesiarum
2889 4979 3072 5036 sortiti
3098 4984 3228 5033 sunt
3256 4993 3270 5030 :
3301 4989 3476 5046 quos,
3527 4986 3631 5026 ne-

2042 5080 2251 5136 scimus
2270 5076 2571 5150 quomodo,
2597 5070 2932 5146 praesidendi
2967 5069 3243 5141 cupiditas
3270 5077 3327 5124 et
3378 5062 3630 5128 ambitio,

2135 5240 2225 5310 M)
2261 5240 2334 5310 Et
2369 5237 2521 5310 addit
2553 5236 2726 5310 Mans.

2142 5304 2223 5382 t2)
2264 5309 2434 5382 {Isque
2453 5309 2613 5382 abest
2625 5323 2663 5382 _a
2684 5304 2858 5361 Mans.

2128 5377 2218 5439 45)
2235 5379 2322 5439 ,88
2346 5377 2506 5435 abest
2538 5394 2570 5434 a
2593 5377 2665 5432 M.

2114 5435 2325 5524 (“lin
2373 5450 2571 5524 iisdem
2625 5447 2763 5524 actis
2800 5452 2885 5501 est
2937 5460 2970 5524 a_
3017 5443 3208 5524 {tango
3267 5437 3452 5524 edita,
3474 5442 3515 5490 t.
3537 5435 3628 5524 ἐξ,

1978 5558 1981 5563 -
2040 5538 2095 5593 p.
2118 5506 2266 5577 1101
2324 5537 2457 5593 seq.
2478 5521 2598 5575 Alia
2630 5516 3011 5587 interpretatio
3044 5513 3101 5567 in
3136 5507 3392 5581 Synodici
3426 5520 3477 5563 c.
3536 5506 3627 5571 52,

2039 5592 2095 5664 p.
2122 5593 2226 5664 802
2258 5608 2395 5664 seq._
2412 5592 2584 5664 Mans.

2112 5663 2224 5735 (45)
2258 5653 2591 5735 Chalcedone
2616 5659 2788 5715 Mans.
2823 5653 3026 5735 Sypod.

2116 5718 2230 5805 (16)
2257 5718 2314 5805 l_n
2351 5733 2605 5805 eumdem
2631 5718 3092 5797 sensum'Synod.
3152 5720 3391 5778 Votiwm
3426 5718 3622 5791 fuerat.

2038 5802 2215 5859 Mans.
2248 5802 2521 5859 Orandum
2560 5807 2695 5855 erat.

2087 5874 2220 5957 (i7)
2257 5873 2398 5930 Alio.
2437 5873 2611 5930 Mans.
2649 5866 2854 5943 Synod.
