4072 6426
442 385 464 451 1
480 384 572 450 167

1414 379 1902 440 THEODORETI
1935 377 2271 438 EPISCOPI
2309 378 2675 438 CYRENSIS

3558 370 3698 438 1463

440 494 757 568 fﬂgidznque
787 489 1181 562 promissiones
1209 489 1477 561 quaedam,
1503 488 1569 543 ad
1611 488 2014 544 contemnenda
2044 491 2088 547 A
2117 503 2495 558 pugnare.pro
2534 487 2737 557 pietate
2764 486 2899 559 (53),
2929 503 3029 558 pro
3052 503 3158 557 qua
3183 493 3239 540 ει
3271 499 3395 540 cum
3426 483 3610 539 Persis
3641 492 3700 539 ει

440 586 610 642 semel
634 583 817 639 omnia
842 580 1150 636 Christiana
1181 580 1435 635 mandata
1454 578 1822 645 induxerunt;
1853 577 2017 647 idque

442 680 548 735 hoc
578 677 696 732 solo
724 677 927 741 animo,
960 684 1022 728 ut
1056 674 1303 729 serviant
1327 671 1470 737 viro,
1508 670 1605 740 qui
1639 668 1926 740 przcsumit
1956 684 2020 722 ac

444 780 629 840 sperat
650 782 708 822 se
736 773 791 821 et
820 764 1085 819 auxilium
1120 762 1224 817 sibi
1252 760 1493 817 ferentes
1517 758 1700 813 omnia
1741 767 1891 812 recte
1928 774 2021 827 ge-

444 870 650 922 sturos,
682 856 918 912 dicimus
940 854 1370 909 Alexandrinum
1399 850 1690 922 Cyrillum;
1757 849 1852 919 qui
1905 848 2018 903 sola

441 950 752 1022 nugacitate
783 948 839 1003 in
861 957 1078 1002 sanctas
1093 946 1188 1001 Dei
1223 943 1501 999 Ecclesias
1559 940 1815 995 haeretica
1850 938 2022 993 intro-

441 1042 600 1098 duxit
623 1040 897 1111 dogmata,
923 1052 1095 1107 eaque
1130 1034 1358 1091 confidit
1405 1049 1464 1089 se
1515 1033 1851 1104 argumentis
1873 1048 2023 1087 com-

443 1134 839 1207 probaturum;
870 1139 928 1186 et
956 1128 1354 1185 correctionem
1381 1133 1730 1196 peccatorum
1752 1125 2017 1194 etl‘ugere,

443 1228 562 1282 solo
600 1223 907 1281 Memnonis
944 1230 1000 1277 et
1023 1220 1299 1292 przedicwe
1334 1215 1758 1287 conspirationis
1803 1214 2020 1285 episco-

442 1334 643 1389 porum
676 1314 1007 1383 ministerio,
1037 1312 1302 1385 speravit.

513 1410 861 1479 Quapropter
896 1422 1015 1471 nos,
1044 1405 1138 1476 qui
1180 1404 1459 1459 silentium
1510 1401 1715 1472 alioqui
1752 1413 2020 1464 amamus,

441 1514 500 1559 et
528 1504 581 1556 in
608 1500 822 1557 caeteris
846 1496 1225 1569 philosophice
1248 1494 1518 1567 agendum
1548 1508 1856 1558 censemus,
1878 1494 2043 1569 nunc,i

443 1591 728 1647 silentium
759 1598 815 1644 et
842 1562 964 1660 ejus
989 1562 1562 1658 sapientiaasmdium,
1597 1583 1725 1638 ﬁdei
1747 1562 2036 1657 jacturamf

444 1681 838 1752 intelligentes,
871 1677 939 1733 ad
966 1692 1065 1732 vos
1098 1677 1243 1731 solos
1267 1683 1396 1746 post
1435 1688 1731 1745 supernam
1761 1672 2023 1727 virtutem
2054 1660 2073 1677 “

443 1773 599 1828 orbis
643 1779 976 1835 servatores,
1016 1767 1297 1840 precando
1329 1767 1599 1821 vertimur
1630 1781 1643 1817 :
1670 1762 2022 1834 quandoqui-

2121 594 2247 632 eum
2294 578 2417 632 aliis
2468 577 2724 632 Barbaris
2781 580 2968 649 praelia
3009 579 3357 633 committere
3400 573 3698 641 festinasti,

2122 666 2387 721 reddente
2420 665 2521 720 tibi
2555 664 2779 721 Christo
2820 667 3082 737 pulchras
3119 664 3417 730 victorias,
3456 677 3559 732 pro
3597 661 3704 718 hac

2122 764 2212 811 tua
2249 758 2306 811 in
2331 757 2508 826 ipsum
2531 756 2835 811 alacritate.

2195 846 2407 919 1350
2432 846 2801 905 Obsceramus
2855 858 3039 904 autem
3076 858 3138 904 ut
3174 849 3325 917 fiant,
3362 856 3507 924 apud
3529 858 3704 928 picta-

2123 951 2233 999 tem
2268 954 2438 1009 tuam,
2471 945 2806 1014 quaestiones
2835 947 2889 1000 in
2916 948 3139 1018 scriptis
3163 967 3176 1002 :
3203 950 3282 1006 sic
3307 952 3455 1007 enim
3483 955 3705 1013 facilius

2123 1034 2536 1101 dignoscentur,
2572 1046 2629 1091 et
2654 1037 2707 1091 in
2738 1053 2901 1092 omne
2937 1050 3219 1108 posterum
3259 1050 3477 1113 tempus
3517 1063 3707 1117 repre-

2123 1127 2437 1183 hendentur
2466 1122 2776 1198 peccantes.
2812 1128 2867 1183 Si
2903 1130 3029 1199 quis
3055 1140 3239 1186 autem
3273 1135 3555 1205 negligens
3588 1154 3705 1193 ser-

2122 1233 2338 1283 mones,
2384 1233 2486 1289 pro
2522 1220 2727 1288 quibus
2770 1218 3097 1289 dclinquens
3141 1221 3265 1287 fuit,
3298 1226 3559 1291 voluerit,
3605 1245 3704 1297 per

2125 1316 2667 1377 praeceptum,recta3
2691 1308 2815 1363 fidei
2847 1311 3150 1380 praevalere
3178 1313 3313 1383 (5'9),
3347 1327 3456 1370 tum
3476 1318 3708 1386 justitia:

2124 1398 2405 1470 acjudicii
2430 1398 2599 1455 fuerit
2627 1401 2938 1466 attendere,
2965 1420 3099 1457 num
3142 1404 3317 1475 ipsam
3350 1424 3572 1479 quoque
3604 1411 3707 1465 do-

2090 1499 2340 1588 zctorum
2390 1493 2813 1562 appellationem
2844 1494 2953 1564 (61))
2976 1496 3289 1567 abjeceriut
3318 1502 3332 1520 ‘
3371 1501 3443 1566 ii,
3474 1504 3588 1584 'qui
3638 1505 3708 1560 de

2092 1574 2100 1627 ἶ
2125 1583 2476 1654 dogmatibus
2494 1601 2615 1654 qua)
2629 1585 2988 1641 introducunt
3002 1587 3081 1656 (6|
3096 1593 3135 1656 ),
3150 1592 3453 1660 periclitari
3471 1570 3710 1665 gravan-

2127 1680 2239 1739 tur,
2280 1675 2561 1745 przedictis
2604 1675 2802 1746 subiici
2834 1678 3110 1742 nolentes,
3145 1689 3205 1734 ut
3235 1697 3344 1735 non
3374 1683 3711 1756 redarguan-

2127 1774 2218 1821 tur
2244 1766 2411 1835 impie
2443 1767 2651 1836 egisse;
2685 1783 2865 1837 neque
2893 1782 2957 1822 ea
3009 1768 3340 1827 refutatione
3381 1774 3545 1845 digna
3605 1793 3709 1847 pu-

443 1866 569 1921 dcm
605 1864 810 1920 scimus
847 1878 948 1933 pro
977 1862 1181 1933 pietate
1208 1858 1636 1914 sollicitudinem
1665 1855 1825 1911 vobis
1849 1869 2019 1925 pecu—
2056 1843 2098 1897 Β
2130 1865 2307 1912 tantes
2340 1855 2473 1927 (62),
2493 1864 2554 1911 ut
2571 1865 2761 1911 mutua
2784 1873 2973 1913 eorum
3002 1861 3338 1931 conspiratio
3372 1843 3483 1919 non
3510 1843 3714 1922 habea-

444 1957 656 2012 liariter
701 1954 1041 2019 convenire;
1102 1959 1290 2021 utpote
1344 1949 1431 2013 iis,
1470 1947 1565 2018 qui
1610 1963 1731 2002 eam
1758 1961 1933 2015 usque
1967 1943 2025 1998 in

446 2046 553 2102 hoc
612 2054 827 2115 tempus
877 2042 1281 2107 custodieriut,
1332 2038 1690 2109 vicissimque
1731 2052 1830 2109 per
1871 2036 2025 2091 illam

446 2138 851 2194 custodiantur.

517 2228 805 2300 Supplices
834 2225 945 2299 (48)
973 2233 1156 2281 autem
1176 2223 1280 2279 hos
1298 2222 1515 2277 libellos
1540 2220 1849 2284 oﬂ‘erimus,
1902 2227 2026 2273 tan-

446 2336 611 2391 quam
652 2334 837 2374 coram
890 2315 1238 2372 sanctissimo
1261 2315 1376 2369 Deo
1408 2312 1721 2368 exhibenda
1747 2317 1895 2366 esset
1922 2325 2027 2365 no-

447 2420 561 2465 stra
589 2407 909 2474 excusatio;
941 2423 1052 2461 non
1088 2405 1235 2476 quod
1267 2419 1370 2476 pro
1399 2403 1665 2475 religione
1698 2403 1883 2457 minus
1910 2403 2026 2456 ala-

445 2517 569 2557 cres
602 2501 889 2564 fuerimus,
912 2498 1008 2554 sed
1043 2496 1236 2569 pietati
1270 2494 1579 2561 studentes,
1606 2502 1661 2549 et
1686 2509 1789 2565 pro
1819 2508 1884 2548 ea
1908 2508 2028 2548 ser-

447 2610 669 2650 monem
709 2592 995 2648 facientes.
1029 2590 1177 2646 Nihil
1233 2590 1377 2645 enim
1429 2596 1515 2645 est
1567 2588 1714 2659 quod
1756 2586 2028 2643 Christia-

447 2702 647 2742 norum
693 2684 1038 2755 temporibus
1088 2681 1405 2738 sacerdotes
1456 2682 1630 2753 magis
1684 2680 1868 2736 facere
1928 2679 2029 2734 de-

446 2778 614 2832 beant
631 2776 741 2849 (49)
751 2817 764 2841 ,
781 2789 944 2845 quam
960 2781 1211 2828 utcoram
1229 2783 1337 2827 tam
1351 2769 1499 2825 ﬁdeli
1518 2786 1644 2842 rege
1656 2770 2028 2827 testimonium

445 2873 665 2938 ferant;
713 2870 929 2928 etiamsi
974 2868 1149 2939 parati
1192 2881 1441 2922 essemus
1477 2863 1648 2918 vitam
1689 2877 1754 2917 ac
1798 2876 2031 2931 corpora

448 2975 661 3029 nostra,
698 2964 754 3017 in
785 2961 912 3016 fidei
944 2960 1054 3031 (50)
1087 2957 1429 3023 discrimine,
1476 2955 1680 3011 millies
1732 2971 2029 3026 exponere.

526 3055 741 3128 1339
764 3054 978 3109 Idcirco
1000 3050 1395 3123 per(5l)Deum
1412 3047 1528 3120 (qui
1548 3047 1703 3104 videt
1728 3048 1960 3119 omnia);
1979 3055 2036 3102 et

2130 1959 2220 2005 tur
2246 1950 2483 2005 inutilis.

2196 2043 2315 2099 Jarn
2343 2044 2493 2099 enim
2518 2059 2619 2114 per
2635 2044 2921 2100 ordinatos
2943 2045 3293 2102 manifestum
3318 2059 3403 2103 est
3443 2051 3713 2120 quosdam

2128 2152 2196 2190 cx
2226 2136 2354 2201 illis,
2388 2151 2490 2206 pro
2535 2136 2639 2191 hac
2688 2136 2998 2207 impietate,
3036 2139 3334 2195 meditatos
3362 2157 3505 2205 esse,
3537 2151 3595 2196 ut
3624 2143 3714 2197 di-

2127 2227 2433 2299 gnitatibus
2455 2228 2736 2284 concessis
2748 2231 3049 2285 nonnullos
3070 2230 3485 2295 demereantur,
3504 2240 3561 2287 et
3578 2233 3718 2288 alios

2128 2319 2397 2390 quosdam
2419 2319 2615 2376 modos
2648 2322 3011 2393 excogitasse.
3033 2322 3102 2377 Et
3125 2322 3178 2376 id
3199 2322 3547 2378 manifestius
3571 2324 3713 2380 exsi-

2128 2422 2236 2469 stet
2258 2412 2391 2485 (65),
2420 2421 2477 2468 et
2506 2414 2717 2469 videbit
2741 2430 2839 2470 eos
2864 2416 3041 2486 pietas
3072 2422 3185 2480 tua,
3205 2430 3316 2470 non
3362 2416 3536 2470 multo
3570 2422 3715 2486 post.

2128 2507 2462 2578 proditionis
2497 2523 2610 2563 suae
2639 2507 2974 2574 mercedem,
2999 2508 3157 2579 quasi
3185 2508 3359 2579 spolia
3398 2508 3524 2565 fidei
3557 2507 3722 2565 Chri-

2131 2599 2222 2663 sti,
2256 2598 2677 2655 distributuros.

2200 2688 2271 2744 At
2299 2705 2491 2755 nos,ex
2511 2690 2715 2759 quibus
2731 2688 2955 2759 quidam
2980 2687 3089 2761 (64)
3120 2705 3149 2745 a
3182 2688 3530 2759 picntissxmo
3557 2687 3723 2744 Juve—

2131 2781 2241 2836 nali
2274 2780 2777 2852 Hierosolymorum
2817 2779 3084 2850 episcopo
3104 2779 3235 2833 olim
3271 2777 3535 2842 ordinati,
3560 2776 3722 2832 silui-

2133 2889 2278 2938 mus,
2311 2873 2564 2943 quamvis
2600 2887 2702 2942 pro
2744 2870 3053 2927 eanonibus
3085 2870 3412 2925 certandum
3437 2878 3618 2931 esset,
3651 2884 3723 2923 ne

2133 2966 2451 3021 videremur
2470 2974 2673 3020 nostrae
2697 2964 2885 3035 gloria:
2910 2979 3078 3019 causa
3102 2963 3314 3017 dolere.
3355 2961 3544 3031 Neque
3575 2975 3726 3015 nunc

2136 3071 2357 3127 quoque
2380 3056 2527 3111 illius
2562 3055 2767 3120 studia,
2810 3063 2866 3111 et
2914 3053 3222 3125 prazstigias
3258 3053 3414 3115 tales,
3441 3068 3539 3122 per
3560 3051 3727 3107 Ριιω-

448 3165 550 3221 νοτ
578 3148 873 3203 Dominum
902 3153 1150 3199 "05mm
1186 3142 1375 3238 Ῑθεξιῐξὶ
1413 3138 1706 3238 CMF-“‘1'?
1739 3138 1855 3238 (ειυί
1885 3137 2035 3209 ,ἱυάί-
2060 3180 2103 3238 c
2137 3150 2316 3203 nicem
2342 3145 2642 3203 secundam
2671 3154 2724 3202 et
2744 3143 3631 3216 Arabiam,ignoramus(65).Sane
3654 3142 3727 3196 de

449 3248 675 3297 caturus
704 3248 789 3294 est
818 3252 1011 3291 omnes
1044 3236 1098 3289 in
1123 3232 1467 3307 justitia);et
1487 3247 1587 3303 per
1615 3230 1886 3302 Spiritum
1910 3245 2036 3286 san-

448 3343 602 3389 etum
652 3330 834 3404 (cujus
890 3326 1065 3400 gratia
1118 3342 1347 3397 regnum
1397 3322 1777 3396 gubernatis);
1826 3333 1884 3377 et
1934 3337 2035 3393 per

449 3426 656 3481 electos
710 3421 933 3493 angelos
978 3419 1096 3492 (qui
1128 3433 1226 3474 vos
1252 3416 1596 3480 custodiunt,
1619 3429 1871 3485 quosque
1916 3412 2031 3485 (52)

450 3514 775 3572 assistentes
799 3510 1063 3567 videbitis
1093 3507 1329 3563 terribili
1358 3507 1579 3571 throno,
1624 3513 1680 3560 et
1702 3505 2034 3560 horrendam

451 3609 599 3664 illam
615 3602 1106 3662 sanctiﬁcationem
1135 3615 1355 3670 semper
1386 3599 1500 3654 Deo
1528 3598 1845 3665 offerentes,
1869 3612 2037 3668 quam

450 3717 601 3757 nunc
619 3698 843 3771 quidam
869 3696 1183 3752 adulterare
1204 3690 1505 3763 nituntur),
1523 3691 1784 3762 pietatem
1798 3699 2038 3746 vestram

455 3792 602 3863 (quae
648 3788 879 3844 vafricie
933 3784 1299 3857 quorumdam
1354 3781 1660 3848 obsidetur,
1713 3781 1925 3837 aditum
1968 3780 2039 3836 ad

454 3881 631 3953 ipsam
650 3877 1014 3935 adimentium
1030 3875 1141 3949 (5'5)
1156 3882 1214 3930 et
1235 3874 1492 3929 hzeretica
1512 3874 1692 3944 capita
1716 3873 1844 3929 lidei
1866 3876 2042 3929 intro-

454 3974 621 4029 ducta
653 3968 1080 4033 stabilientium,
1112 3980 1234 4038 qua:
1253 3965 1481 4020 omnino
1516 3980 1547 4019 a
1580 3965 1728 4019 sanis
1766 3964 2040 4035 dogmati-

456 4066 564 4121 bus
598 4064 776 4119 aliena
803 4069 953 4125 sunt,
985 4067 1042 4115 et
1071 4074 1197 4114 eum
1225 4056 1503 4113 haereticis
1529 4055 1888 4126 opinionibus
1910 4072 2045 4112 con-

451 4155 708 4216 veniunt)
744 4154 1123 4216 obsecramus,
1177 4158 1238 4205 ut
1278 4148 1324 4204 si
1360 4147 1486 4219 quis
1518 4148 1628 4203 illis
1674 4148 1760 4202 vel
1795 4147 2041 4204 subscri-

453 4249 553 4304 bat
577 4248 684 4321 (54)
702 4290 717 4315 ,
760 4246 844 4302 vel
873 4243 1204 4311 consentiat,
1229 4252 1287 4299 et
1316 4249 1442 4313 post
1467 4240 1794 4312 promissam
1822 4258 1853 4295 a
1883 4240 2044 4296 vobis

457 4342 673 4396 veniam
704 4336 1041 4395 contendere
1070 4335 1215 4390 ultra
1247 4334 1382 4389 velit
1404 4333 1547 4405 (55);
1602 4332 1885 4402 praecipiat
1929 4325 2041 4405 (56)

454 4431 613 4484 illum
662 4428 719 4482 in
774 4426 1017 4487 medium
1054 4425 1270 4491 venire,
1317 4432 1374 4479 et
1425 4421 1822 4479 ecclesiasticis
1867 4421 2047 4492 pomis

455 4523 741 4592 eubjacere
774 4520 908 4591 (57).

530 4613 676 4667 Nihil
718 4612 888 4677 enim,
939 4625 972 4664 o
1023 4626 1140 4675 rex,
1176 4608 1351 4679 magis
1393 4606 1604 4677 regium
1657 4605 1845 4671 fuerit,
1875 4623 2041 4676 quam

531 4789 643 4861 (48)
677 4789 736 4844 ln
773 4790 918 4861 idem
967 4788 1199 4843 verbum
1248 4784 1527 4841 consentit
1574 4784 1778 4855 Synod.
1812 4782 2047 4856 Suspen—

452 4860 549 4917 sas
566 4870 651 4915 cst
684 4860 830 4929 apud
863 4860 1036 4929 Mans.

556 4932 644 5000 49)
683 4925 871 5000 ἱξεσθαι
902 4928 980 5000 Μ.)
1010 4928 1066 4982 in
1096 4925 1360 5000 margine.

558 4997 644 5068 50)
679 4999 845 5054 Fideli
874 4999 943 5053 M.
971 4999 1027 5053 in
1050 4997 1321 5068 margine.

533 5066 647 5140 (5t)
684 5069 910 5138 Propter
932 5068 1003 5140 Μ.
1026 5067 1296 5140 Caeterum
1316 5081 1549 5140 ea,_qn:e
1580 5075 1910 5140 sequuntur,
1944 5066 2045 5140 sic,

456 5136 554 5199 uti
568 5136 817 5203 feeimus’,
837 5136 1159 5208 corrigenda
1175 5152 1296 5192 esse
1324 5147 1381 5193 et
1406 5136 1864 5208 interpungcnda,
1888 5136 2045 5208 facile

455 5214 698 5282 quisque
725 5208 954 5274 viderit;
985 5206 1299 5278 quanquam
1329 5206 1715 5277 perturbatum
1742 5223 1865 5262 esse
1896 5206 2046 5263 hunc

458 5281 644 5337 locum
702 5282 758 5336 in
806 5278 1374 5348 interpretationibus,
1423 5278 1509 5333 vel
1533 5293 1619 5343 ea,
1654 5293 1777 5348 qua:
1816 5278 1870 5331 in
1903 5277 2044 5347 Syn-

456 5334 643 5407 o‘dieo‘
696 5334 814 5415 est,
887 5334 1103 5403 doceat.
1170 5334 1506 5403 Horrendam
1572 5334 2044 5415 sanctiﬁcationem

460 5423 709 5481 alludere
730 5421 797 5476 ad
841 5418 1144 5490 trisagium,
1168 5418 1272 5475 lsa.
1309 5436 1384 5486 vi,
1411 5417 1465 5484 5,
1492 5432 1594 5473 nec
1620 5434 1723 5490 ego
1754 5433 1880 5472 cum
1912 5416 2045 5473 Gar-

460 5492 621 5551 nerio
642 5492 855 5548 dubito.

535 5569 550 5622 (
560 5562 649 5632 52)
687 5561 828 5628 Quos
856 5560 928 5615 Μ.

562 5629 652 5689 55)
680 5633 745 5703 Id
770 5650 826 5687 re
854 5634 968 5703 ipsa
1003 5629 1365 5703 adiment._M_.

563 5705 652 5760 Μ)
687 5697 1081 5757 Obsecrarintus
1109 5710 1163 5754 ut
1202 5699 1283 5755 vel
1312 5700 1355 5753 si
1383 5698 1497 5767 quis
1524 5697 1632 5753 illis
1662 5697 1954 5753 subscribat
1984 5697 2053 5752 M.

565 5772 654 5839 55)
681 5772 823 5826 Nolit
855 5772 922 5825 M.

542 5809 656 5910 (ἓξξὶ
681 5809 967 5910 ἓῖᾇῖὲὧὲἓιε
995 5842 1066 5895 Μ.

2136 3242 2245 3298 illis
2266 3241 2427 3296 nobis
2449 3257 2559 3296 non
2582 3247 2742 3295 vacat
2769 3255 2959 3295 curam
2991 3237 3504 3309 habere,ut(66)qui
3533 3236 3730 3291 civita-

2136 3334 2283 3388 tibus
2316 3333 2471 3404 ipsis,
2494 3347 2728 3403 quarum
2756 3331 2915 3386 nobis
2945 3330 3314 3387 ministerium
3352 3328 3727 3385 contraditum

2135 3430 2239 3487 est,
2277 3431 2441 3490 atque
2469 3420 2610 3477 adeo
2627 3420 2741 3476 vita
2761 3429 2950 3475 nostra
2973 3419 3199 3475 destitui
3217 3418 3537 3482 maluimus,
3559 3432 3727 3488 quam

2138 3514 2243 3569 ista
2266 3530 2366 3584 pro
2384 3512 2489 3568 fide
2512 3510 3298 3584 promptitudine(67).Verum
3325 3510 3591 3566 adversus
3607 3510 3732 3564 illo-

2137 3619 2262 3658 rum
2294 3612 2549 3668 conatus,
2573 3601 2672 3658 Dei
2703 3617 2769 3658 ac
2799 3610 2997 3657 vestrae
3018 3600 3527 3671 pietatisjudicium
3552 3613 3731 3671 oppo-

2142 3710 2369 3760 nemus,

2209 3786 2370 3842 Nunc
2400 3793 2587 3841 autem
2619 3800 2868 3849 oramus,
2895 3793 2958 3839 ut
2989 3800 3096 3839 una
3147 3800 3211 3838 ac
3253 3782 3521 3853 primaria
3553 3780 3733 3851 pietas

2136 3884 2403 3942 curetur;
2434 3885 2492 3932 et
2517 3891 2585 3931 ne
2616 3875 2939 3930 orthodoxa:
2980 3873 3267 3944 religionis
3307 3871 3592 3942 splendor,
3631 3871 3732 3942 qui

2140 3967 2230 4022 vix
2261 3966 2483 4021 tandem
2507 3966 2613 4020 sub
2643 3964 2820 4021 sancti
2844 3964 3089 4019 nominis
3104 3961 3471 4019 Constantino
3500 3960 3736 4017 irradia-

2140 4061 2242 4126 vit,
2268 4066 2326 4114 et
2354 4074 2454 4130 per
2476 4058 2833 4113 beatissimos
2863 4074 3024 4112 avum
3050 4067 3107 4112 et
3133 4066 3349 4126 patrem
3384 4064 3584 4111 vestrae
3613 4054 3736 4124 pic-

2143 4149 2274 4205 tatis
2296 4149 2657 4205 coniirmatus
2676 4159 2784 4211 est,
2817 4164 2847 4203 a
2890 4157 2983 4204 tua
3025 4156 3211 4204 autem
3241 4149 3527 4219 majestate
3564 4148 3735 4202 etiam

2142 4243 2199 4297 in
2224 4243 2362 4298 alias
2378 4243 2656 4299 Barbaras
2671 4254 2864 4316 gentes
2884 4253 2942 4298 et
2965 4243 3021 4298 in
3050 4244 3343 4300 Persarum
3367 4251 3587 4312 gentem
3609 4257 3741 4310 pro-

2144 4345 2370 4406 rogatus
2393 4345 2498 4400 est,
2530 4351 2681 4390 nunc
2709 4336 2765 4389 in
2794 4336 2932 4406 ipsis
2965 4335 3129 4405 regiae
3170 4334 3312 4389 aula:
3357 4333 3739 4403 penetralibus

2147 4425 2508 4497 languescat,
2557 4435 2615 4482 et
2667 4427 2813 4498 apud
2860 4436 3101 4482 vestram
3147 4426 3404 4481 turbetur
3465 4425 3739 4480 serenita—

2081 4534 2125 4588 ι)
2153 4525 2285 4573 tem.

2221 4610 2342 4668 Non
2393 4611 2543 4666 enim
2587 4610 2843 4683 duplices
2885 4612 2942 4666 in
2979 4610 3284 4675 Persidem,
3325 4625 3358 4664 ο
3399 4626 3516 4675 rex,
3553 4610 3745 4666 mittes

2216 4787 2327 4870 (57)
2362 4788 2529 4844 Addit
2552 4788 2723 4843 Mans.
2750 4804 2853 4858 quo
2886 4805 3125 4860 pugnare
3153 4805 3248 4858 pro
3302 4788 3499 4859 pietate
3553 4787 3745 4842 melius

2145 4874 2332 4928 possis.

2217 4924 2525 5010 (.58)_Ha:c_:
2557 4945 2727 5010 gnam
2783 4946 2948 5000 pugn.
3002 4946 3052 4998 ῃ.
3109 4929 3235 4999 piet.
3273 4929 3476 4985 absunt
3505 4944 3535 4983 a
3565 4928 3743 4984 Mans.

2145 4998 2240 5068 qui
2276 4999 2442 5070 etiam
2480 4997 2652 5070 habet
2690 5015 2703 5050 :
2742 4997 2839 5070 pro
2860 4997 2993 5070 'quo.

2224 5070 2336 5140 (59)
2374 5068 2434 5122 in
2465 5067 2658 5124 Graeco
2684 5067 2825 5125 forte
2852 5067 2992 5131 erat,
3025 5069 3091 5122 δι’
3123 5068 3372 5138 ἐντολὴν,
3423 5070 3525 5137 τῆς
3571 5070 3748 5139 ὀρθῆς

2153 5139 2388 5201 πίστεως
2421 5140 2759 5210 ἐπικρατεῖν.
2787 5140 2944 5210 quasi
2975 5140 3207 5210 diceret,
3244 5154 3354 5193 non
3382 5140 3617 5205 ratione,
3645 5140 3749 5195 sed

2152 5210 2430 5272 mandato,
2465 5219 2630 5265 recta:
2670 5208 3123 5266 lidei'dominari.
3161 5208 3328 5264 Garn.

2225 5279 2337 5351 (60)
2372 5278 2440 5351 Et
2464 5281 2636 5351 ipsam
2660 5280 2713 5333 ά.
2747 5298 2872 5351 app.
2897 5280 2967 5335 M.

2248 5296 2337 5347 ου)
2372 5296 2440 5333 nt
2461 5296 2636 5403 gnam
2660 5296 2713 5333 a.
2747 5298 2872 5351 app.
2899 5296 2967 5335 Μ.

2246 5350 2336 5419 6|)
2362 5348 2427 5414 Ο.
2503 5390 2515 5402 .
2548 5351 2602 5404 d.
2632 5351 2998 5419 introducunt,
3021 5367 3073 5419 p.
3109 5364 3161 5419 g.
3186 5354 3242 5419 et
3271 5366 3323 5417 p.
3350 5368 3395 5405 ις.
3428 5368 3495 5405 m.
3531 5350 3710 5407 Mans.

2246 5417 2333 5489 62)
2366 5418 2547 5491 Neque
2568 5418 2801 5491 refutare
2827 5437 2889 5475 ea
2919 5417 3077 5491 digna
3104 5417 3156 5489 p.
3182 5417 3353 5475 Mans.

2219 5491 2330 5560 (6'5)
2361 5490 2581 5546 Obsistet
2614 5490 2783 5545 Mans.

2225 5560 2335 5631 (64)
2367 5560 2434 5615 At
2464 5577 2527 5613 ex
2560 5561 2704 5615 nobis
2732 5561 2949 5632 quidam
2980 5562 3151 5620 Mans.

2228 5632 2337 5703 (65)
2369 5633 2429 5683 Et
2458 5648 2596 5684 nunc
2626 5631 2896 5701 quoque...
2924 5650 3027 5688 non
3064 5635 3376 5706 ignoramus
3401 5631 3473 5688 Μ.

2229 5702 2339 5769 (66)
2383 5700 2446 5755 Ut
2477 5701 2633 5755 abest
2660 5717 2689 5755 a
2718 5701 2889 5756 Mans.

2229 5768 2341 5843 (θη)

2383 5700 2446 5755 Ut
2477 5701 2633 5755 abest
2660 5717 2689 5755 a
2718 5700 2889 5756 Mans.

2382 5771 2738 5840 Amplitudine
2765 5771 2929 5841 Garn.
