4072 6420
353 398 497 467 1469

1694 404 2057 465 EPISTOLA
2096 408 2367 470 CLXVII.

3480 398 3617 476 1570

345 518 763 576 Christianismi
821 518 1143 589 doctrinas;
1194 539 1373 594 neque
1436 533 1623 579 nostra
1676 540 1929 596 magnum
1961 529 2005 586 Α
2038 533 2119 581 tes
2172 529 2317 598 quod
2369 529 2592 598 paeiﬁce
2651 540 2706 586 et
2753 530 2991 585 fraterne
3060 530 3394 601 quaestiones
3424 569 3441 596 ,
3495 547 3618 602 quae

347 610 565 682 aliquid
595 620 786 678 erunt,
812 614 977 669 nobis
1011 613 1290 670 discordia
1336 613 1736 680 laborantibus,
1764 616 1939 671 nemi-

348 720 535 775 neque
570 704 873 762 exsistentc
916 707 1063 777 apud
1108 706 1253 774 illos,
1292 709 1388 778 qui
1422 708 1687 779 dijudicet
1714 726 1729 775 ;
1757 723 1938 779 neque

347 796 480 866 quis
505 798 741 868 geminis
776 798 1210 853 communicabit
1240 799 1427 855 verbis
1451 808 1508 855 et
1542 801 1935 867 sacramentis;

348 903 534 958 neque
560 897 711 944 certe
735 888 823 959 pie
846 905 877 944 a
921 890 1090 946 tantis
1119 890 1376 947 Patribus
1406 901 1463 947 et
1501 890 1939 947 incondemnatis

347 978 564 1033 sanctis
592 978 885 1035 deseiscet.
931 977 1038 1036 Sed
1088 997 1270 1051 neque
1312 982 1465 1053 regni
1509 981 1797 1037 commoda
1837 983 1938 1037 tri-

350 1066 577 1121 buenda
621 1075 789 1122 erunt
818 1068 928 1133 his,
963 1069 1059 1139 qui
1106 1069 1326 1124 diversa
1368 1071 1513 1125 inter
1554 1085 1613 1125 se
1651 1069 1936 1134 sentiunt;

348 1171 534 1227 neque
563 1174 768 1228 parvus
794 1158 921 1215 inde
957 1159 1232 1232 risus(68)
1261 1160 1484 1231 pietatis
1505 1161 1759 1216 hostibus
1794 1162 1942 1216 exci-

351 1248 603 1314 tabitur;
639 1256 697 1303 et
743 1249 1032 1305 innumera
1090 1250 1196 1305 alia
1257 1251 1508 1321 malignae
1568 1251 1942 1309 contentionis

352 1339 604 1407 ipsorum
632 1339 760 1408 quis
789 1341 1134 1394 enumerarit
1168 1341 1539 1395 nocumenta?

428 1426 486 1483 Si
518 1429 645 1499 quis
674 1435 860 1483 autem
884 1439 972 1485 est
1021 1430 1117 1500 qui
1148 1430 1476 1501 parvifaciat
1510 1432 1818 1488 caelestium
1854 1448 1943 1487 ra-

351 1522 590 1588 tionem,
641 1524 769 1580 talis
804 1525 877 1579 sit
919 1525 1110 1596 potius
1146 1525 1464 1596 quicunque
1488 1525 1642 1591 olim,
1668 1542 1834 1597 quam
1871 1526 1941 1593 is,

349 1615 446 1669 cui
465 1631 685 1670 omnem
708 1615 863 1671 orbis
888 1624 1219 1684 potestatem
1238 1617 1505 1672 Dominus
1525 1616 1699 1672 dedit.
1728 1618 1941 1675 Nostra

349 1714 541 1761 autem
575 1722 774 1778 preces
811 1716 961 1771 sunt,
990 1717 1053 1763 ut
1068 1708 1342 1780 judicium
1374 1724 1403 1763 a
1437 1717 1530 1763 tua
1565 1709 1769 1780 pietate
1796 1711 1939 1766 acci-

348 1796 878 1867 piamus:mentem
928 1799 1076 1855 enim
1126 1809 1279 1853 tuam
1318 1799 1387 1854 ad
1427 1809 1672 1857 exactam
1712 1816 1933 1870 eorum,

347 1905 477 1960 quae
509 1890 891 1961 inquiruntur,
916 1892 1469 1962 comprehensionem
1492 1892 1650 1963 ,Deus
1685 1893 1930 1951 inducet.
1968 1864 2010 1922 Β

416 1981 672 2048 Demum,
727 1982 773 2037 si
817 1981 953 2053 quid
998 1998 1149 2037 nunc
1186 1983 1510 2053 prohiberet
1554 1982 1753 2056 (neque
1786 1985 1935 2041 enim

351 2079 464 2127 tua!
487 2071 710 2142 pietatis
730 2072 949 2144 negotia
977 2073 1164 2129 omnia
1188 2083 1319 2129 nota
1342 2090 1465 2129 esse
1490 2075 1769 2148 possunt),
1797 2076 1939 2147 peti-

344 2179 478 2219 mus
510 2180 540 2219 a
565 2171 661 2219 tua
686 2165 1012 2231 serenitate,
1039 2175 1101 2220 ut
1122 2165 1191 2221 ad
1219 2167 1445 2236 propria
1467 2174 1588 2222 tuto
1611 2177 1668 2223 et
1702 2167 1939 2224 feliciter

346 2260 719 2331 commigrare
765 2260 926 2315 nobis
972 2259 1156 2315 liceat.
1208 2260 1345 2315 Nam
1398 2260 1649 2317 videmus
1687 2261 1938 2318 civitates

343 2351 515 2407 nobis
546 2352 871 2408 commissas
906 2368 974 2408 ex
1005 2353 1097 2408 tali
1132 2368 1284 2408 mora
1323 2369 1436 2409 non
1470 2370 1665 2425 parum
1701 2354 1934 2421 oﬁ‘endi,

344 2452 581 2514 propter
623 2459 740 2510 eos,
782 2445 878 2515 qui
913 2446 1080 2501 etiam
1135 2445 1193 2501 in
1228 2446 1397 2502 rebus
1440 2448 1567 2518 piis,
1605 2457 1666 2503 ut
1693 2449 1935 2514 videtur,

344 2535 763 2591 contentionem
819 2546 1114 2606 quaerunt,
1181 2538 1332 2593 nulla
1398 2538 1526 2595 inde
1575 2538 1935 2610 proveniente

344 2626 610 2683 utilitate.

341 2738 598 2813 CLXVII.
622 2740 902 2813 —_Altera
915 2741 1236 2813 forumdem
1288 2742 1469 2813 petitio
1501 2741 1613 2811 (69)
1646 2760 1673 2796 υ
1716 2740 1936 2799 Calche-

455 2810 590 2864 done
629 2810 742 2881 (70)
792 2811 863 2865 ad
911 2811 1255 2866 Theodosium
1289 2810 1599 2883 ‘Augustum
1641 2814 1825 2868 missa.

420 2899 808 2971 Saepenumero
842 2901 1102 2973 pietatem
1126 2912 1390 2969 vestram,
1420 2910 1477 2960 et
1503 2921 1604 2975 per
1627 2920 1729 2961 nos
1752 2905 1932 2976 ipsos,

342 3000 404 3045 et
438 3007 537 3061 per
572 3007 688 3057 eos,
715 2993 810 3063 qui
845 3008 876 3047 a
900 2993 1061 3048 nobis
1096 2993 1247 3048 missi
1274 3002 1423 3059 sunt,
1450 2994 1763 3058 docuimus,
1785 2994 1936 3066 quod

346 3091 517 3140 recta:
550 3083 678 3139 ﬁdei
710 3085 904 3156 dogma
929 3084 1275 3155 corruptioni
1307 3086 1607 3142 obnoxium
1648 3088 1933 3154 videatur,

2043 630 2220 686 nuper
2258 627 2460 673 exortae
2508 625 2672 683 sunt,
2728 619 3120 689 inquirantur;
3177 634 3369 674 verum
3412 634 3617 674 conve-

2041 708 2324 763 nientibus
2377 708 2634 765 omnibus
2693 710 3057 780 pientissimis
3109 711 3426 781 episcopis,
3478 709 3615 765 nihil

2040 799 2248 869 profuit
2273 801 2457 856 lectio.

2116 891 2327 964 1342
2349 894 2513 949 Venit
2531 894 2733 949 nobilis
2756 895 3029 951 Palladius
3049 895 3458 967 Magistrianus,
3479 896 3617 951 alias

2039 993 2236 1037 vestrae
2262 985 2563 1055 majestatis
2590 985 2800 1041 litteras
2832 985 3087 1052 aﬁ‘erens,
3116 988 3375 1044 docentes
3404 988 3617 1044 rescin-

2040 1072 2218 1130 denda
2268 1091 2391 1131 esse
2440 1077 2623 1130 omnia
2684 1090 2805 1147 qua:
2864 1077 3271 1147 particulariter
3316 1080 3616 1134 constituta

2038 1165 2282 1227 fuerant,
2332 1173 2388 1221 et
2431 1167 2727 1221 concilium
2773 1166 2958 1222 denuo
2999 1171 3472 1238 congregandum,
3515 1184 3616 1223 ve-

2038 1271 2271 1327 rumque
2323 1257 2520 1329 dogma
2566 1259 2943 1314 sanciendum.
2991 1257 3378 1328 Contemptum
3401 1268 3485 1313 est
3516 1276 3616 1314 au-

2038 1358 2151 1405 tem
2184 1360 2239 1407 et
2275 1351 2402 1416 hoc,
2432 1367 2584 1407 more
2620 1352 2802 1418 solito,
2847 1355 2998 1424 pium
3026 1361 3269 1407 vestrum
3301 1352 3615 1407 mandatum

2038 1444 2110 1501 ab
2139 1444 2248 1511 his,
2280 1446 2373 1517 qui
2409 1445 2595 1501 omnia
2630 1446 2852 1501 audent.

2108 1540 2128 1559 ‘
2159 1537 2397 1594 Advenit
2450 1554 2642 1594 rursus
2714 1538 3292 1611 magniﬁcentissimus
3363 1537 3621 1608 magister

2034 1629 2294 1696 Joannes,
2320 1628 2414 1701 qui
2450 1638 2787 1687 tunccomes
2815 1629 3060 1685 omnium
3086 1630 3461 1701 largitionum,
3481 1628 3618 1682 alias

2037 1720 2236 1778 iterum
2268 1722 2506 1778 all‘erens
2534 1722 2771 1787 litteras,
2806 1720 3197 1793 signiﬁcantes,
3212 1720 3355 1793 quod
3381 1737 3410 1775 a
3433 1728 3615 1774 vestra

2036 1811 2320 1882 majestate
2354 1811 2521 1865 trium
2557 1811 2930 1881 depositiones
2970 1811 3204 1867 decretae
3240 1820 3388 1875 sunt,
3414 1811 3615 1865 tollen-

2035 1899 2214 1971 daquc
2247 1917 2278 1957 e
2311 1901 2493 1957 medio
2516 1902 2740 1957 suborta
2758 1902 3110 1968 oﬂ‘endicula,
3136 1902 3418 1972 solamque
3451 1900 3614 1954 ﬁdem

2036 1992 2091 2046 in
2124 1993 2304 2048 Nicaea
2327 1993 2632 2064 expositam
2664 2009 2694 2047 a
2726 1995 2932 2049 sanctis
2959 2002 3015 2049 et
3046 1993 3223 2049 beatis
3251 1991 3614 2053 Patribus,ab

2035 2081 2295 2137 omnibus
2330 2081 2782 2139 conﬁrmandam.
2823 2083 3171 2154 Transgressi
3226 2092 3374 2145 sunt,
3420 2091 3481 2137 ut
3522 2097 3614 2135 so-

2034 2174 2174 2241 lent,
2201 2185 2257 2231 et
2280 2174 2424 2231 hanc
2460 2175 2637 2247 legem
2664 2176 2725 2242 ii,
2770 2176 2867 2247 qui
2901 2176 3083 2231 omnia
3117 2192 3217 2246 pro
3244 2174 3485 2230 ludibrio
3520 2172 3617 2228 ha-

2037 2263 2189 2320 bent.

2101 2356 2395 2413 Enimvero
2427 2374 2528 2414 nce
2568 2366 2692 2429 post
2724 2357 3014 2413 lectionem
3072 2372 3103 2411 a
3158 2356 3353 2427 emptis
3385 2353 3616 2410 destite-

2036 2456 2186 2512 runt,
2243 2457 2298 2503 et
2348 2449 2791 2517 communionem
2843 2449 3089 2503 habuero
3139 2462 3265 2501 cum
3325 2445 3614 2517 depositis,

2036 2538 2514 2609 memineruntque
2546 2538 2657 2611 (75)
2673 2554 2886 2604 eorum,
2919 2545 3176 2609 tanquam
3202 2537 3614 2609 episcoporum,

2033 2644 2146 2685 non
2180 2630 2561 2700 permittentes
2627 2639 2687 2685 ut
2737 2629 2976 2700 capitula
3013 2630 3136 2695 ista,
3181 2627 3237 2682 in
3274 2628 3538 2683 damnum
3561 2634 3617 2683 et

2035 2721 2445 2792 corruptionem
2505 2722 2608 2792 piae
2655 2720 2780 2776 ﬁdei
2837 2721 3106 2791 exposita,
3144 2718 3613 2802 exploderentur;

2035 2813 2252 2869 tametsi
2285 2828 2316 2868 a
2341 2813 2502 2869 nobis
2533 2813 2602 2868 ad
2635 2814 2967 2885 colloquium
2991 2814 3190 2884 saepius
3216 2811 3470 2868 accersiti
3499 2810 3617 2866 fue-

2035 2902 2167 2957 rint.
2227 2902 2577 2959 Habebamus
2616 2903 2762 2958 enim
2812 2903 2866 2957 in
2916 2909 3172 2973 promptu
3229 2900 3615 2957 haereticorum

2035 2993 2408 3064 capitulorum
2439 3002 2783 3066 argumenta.

2109 3086 2319 3142 Horum
2351 3086 2516 3142 nobis
2550 3086 2707 3142 testis
2748 3091 2833 3141 est
2877 3081 3456 3156 magniﬁcentissimos
3496 3096 3616 3139 ma—

346 3180 407 3227 et
437 3173 586 3243 quod
626 3173 664 3228 ii
706 3174 1023 3245 discerpere
1057 3176 1352 3232 videantur
1410 3176 1669 3233 Ecclesiae
1707 3194 1932 3250 corpus,
1959 3203 2003 3262 ο
2036 3176 2341 3250 gister,qui
2361 3176 2522 3231 nobis
2554 3184 2611 3231 et
2638 3174 2747 3230 illis
2775 3174 2938 3230 tertio
2966 3190 3031 3230 ac
3058 3182 3256 3244 quarto
3276 3172 3614 3239 convocatis,

347 3262 446 3333 qui
472 3264 656 3318 omnia
689 3278 893 3335 susque
922 3263 1101 3335 deque
1131 3264 1340 3337 1341
1378 3264 1607 3331 faciunt,
1625 3276 1684 3322 et
1712 3283 1935 3324 omnem

347 3353 780 3433 ecclesiasticam
828 3353 1300 3419 constitutionem,
1349 3368 1680 3424 omnemque
1726 3357 1934 3426 regiam

345 3443 518 3515 legem
536 3444 1256 3515 conculcant,universaque
1267 3444 1427 3500 simul
1441 3445 1783 3503 confundunt
1798 3448 1878 3519 (7i
1889 3450 1930 3520 ),

347 3546 409 3590 ut
448 3538 756 3609 expositam
804 3537 1057 3594 haeresim
1081 3552 1113 3592 a
1146 3536 1352 3610 Cyrillo
1388 3537 1763 3594 Alexandrino
1799 3554 1933 3595 con-

347 3627 591 3683 ﬁrment.

414 3719 551 3776 Nam
587 3720 683 3777 ubi
719 3719 830 3795 (72)
862 3737 893 3777 a
925 3733 1108 3777 vestra
1141 3721 1346 3792 pietate
1372 3721 1427 3776 in
1449 3722 1729 3794 Ephesum
1754 3725 1934 3780 vocati

346 3828 560 3880 sumus,
579 3812 646 3867 ad
674 3812 1034 3884 inquirendas
1053 3812 1163 3886 (75)
1178 3813 1531 3885 quaestiones,
1550 3831 1672 3885 quae
1695 3814 1933 3886 pullula—

346 3916 511 3974 runt,
562 3916 619 3963 et
662 3906 731 3962 ad
767 3905 1199 3962 conﬁrmandam
1253 3905 1416 3962 ﬁdem
1465 3908 1840 3979 evangelieam
1877 3917 1935 3965 et

346 3999 707 4071 apostolicam
744 4014 774 4053 a
812 3997 1018 4053 sanctis
1048 3997 1308 4053 Patribus
1337 3998 1663 4067 expositam,
1688 4000 1934 4056 nondum

343 4089 607 4147 omnibus
651 4087 1022 4159 praesentibus
1061 4088 1377 4143 convocatis
1419 4089 1714 4159 episcopis,
1758 4088 1796 4145 ii
1837 4090 1933 4160 qui

343 4182 680 4252 particulare
747 4178 1043 4236 concilium
1112 4179 1458 4244 habuerunt,
1510 4180 1767 4241 haeretica
1842 4181 1932 4237 illa

345 4272 551 4343 capita,
585 4287 709 4342 qua:
747 4285 872 4326 eum
906 4269 1043 4336 Arii,
1095 4279 1152 4325 et
1202 4269 1481 4333 Eunomii,
1519 4277 1575 4327 et
1607 4270 1930 4340 Apollinarii

344 4362 628 4433 impietate
662 4360 1022 4422 conveniunt,
1059 4358 1280 4428 scriptis
1312 4358 1724 4413 commentariis
1765 4358 1931 4413 robo—

344 4462 563 4508 rarunt.
605 4453 675 4516 Et
726 4452 865 4506 alios
910 4450 1131 4521 quidem
1183 4448 1557 4519 deceperunt;
1615 4449 1753 4505 alios
1798 4466 1931 4506 vero

2033 3276 2090 3323 et
2127 3268 2244 3323 haec
2265 3281 2369 3323 nec
2392 3266 2734 3337 praetendere
2756 3265 2986 3330 audens,
3020 3273 3249 3336 propter
3283 3264 3504 3327 illorum
3532 3263 3616 3318 in-

2032 3356 2423 3423 obedientiam,
2459 3370 2641 3427 opera:
2658 3356 2897 3427 pretium
2919 3354 3076 3411 duxit
3112 3353 3343 3426 posthac
3373 3353 3483 3409 huc
3514 3369 3615 3410 nos

2031 3462 2254 3503 vocare.

2103 3539 2442 3596 Advenimus
2473 3539 2611 3595 nihil
2658 3547 2943 3606 remorati,
2981 3556 3085 3596 nec
3115 3541 3447 3610 quievimus,
3481 3553 3609 3594 cum

2032 3631 2143 3686 huc
2173 3632 2525 3703 pervenimus
2554 3630 2688 3705 (76),
2725 3638 2779 3687 et
2810 3630 2956 3701 apud
2976 3641 3213 3713 vestram
3236 3632 3515 3702 pietatem,
3556 3638 3614 3687 et

2032 3724 2177 3794 apud
2219 3723 2430 3779 illustre
2489 3723 2876 3780 consistorium
2902 3764 2917 3789 ,
2970 3724 3360 3789 obsecrantes,
3404 3732 3467 3779 ut
3507 3721 3611 3793 ipsi

2033 3826 2313 3873 certamen
2338 3816 2444 3871 hoc
2478 3831 2579 3887 pro
2608 3817 2868 3887 capitulis
2899 3817 3267 3888 susciperent,
3301 3832 3366 3873 ac
3404 3816 3461 3872 in
3497 3816 3614 3873 col—

2033 3907 2280 3977 loquium
2324 3906 2602 3973 venirent,
2647 3906 2736 3962 vel
2780 3921 2847 3961 ea
2891 3915 3153 3978 tanquam
3188 3907 3365 3962 aliena
3394 3921 3427 3961 a
3459 3913 3609 3961 recta

2035 3999 2141 4054 ﬁde
2174 3997 2554 4069 exploderent,
2570 4007 2856 4054 manentes
2882 3997 2937 4052 in
2962 3998 3079 4053 sola
3102 3997 3447 4068 expositione
3483 3980 3611 4051 ﬁdei

2034 4086 2322 4142 beatorum
2352 4087 2595 4153 Patrum,
2629 4087 2726 4157 qui
2761 4087 2817 4142 in
2850 4086 3033 4142 Nicaea
3068 4093 3443 4142 convenerunt
3471 4081 3608 4156 (77).

2102 4178 2172 4233 Et
2196 4178 2254 4233 hi
2284 4178 2508 4248 quidem
2537 4179 2677 4233 nihil
2701 4179 2901 4233 horum
2939 4178 3120 4233 facere
3145 4178 3473 4243 voluerunt;
3512 4177 3607 4231 sed

2018 4278 2319 4333 manentes
2362 4271 2418 4325 in
2457 4269 2714 4325 haeretica
2762 4270 3138 4335 contentione,
3194 4269 3448 4338 permissi
3481 4277 3613 4323 sunt

2030 4359 2293 4415 ecclesias
2313 4359 2687 4430 frequentare,
2714 4368 2772 4415 et
2792 4358 3101 4415 sacerdotio
3127 4358 3277 4428 fungi
3309 4376 3322 4411 :
3351 4372 3453 4412 nos
3472 4373 3615 4413 vero

2034 4452 2222 4525 synaxi
2261 4451 2512 4507 destituti
2554 4451 2858 4506 mansimus
2908 4457 3064 4505 tanto
3129 4457 3395 4519 tempore,
3442 4456 3499 4501 et
3552 4449 3610 4501 in

346 4553 700 4610 terruerunt;
754 4543 892 4599 alios
944 4550 1128 4597 autem
1179 4540 1248 4595 de
1284 4541 1483 4597 haeresi
1538 4551 1824 4597 accusatos
1865 4543 1920 4597 in
1956 4555 1997 4608 ι)
2025 4544 2325 4615 Epheso,et
2358 4543 2449 4598 hic
2484 4541 2595 4615 (78)
2629 4558 2779 4598 nunc
2802 4559 2816 4609 ;
2838 4542 3240 4612 innumeraque
3275 4539 3520 4611 pericula
3553 4546 3610 4594 et

343 4636 787 4694 communionem
825 4640 1213 4705 susceperunt,
1246 4640 1303 4687 et
1334 4631 1475 4698 aliis,
1508 4632 1602 4703 qui
1635 4647 1747 4687 non
1780 4648 1935 4688 com-

343 4725 723 4791 municabant,
756 4724 1099 4789 mercedem,
1137 4732 1197 4779 ut
1244 4723 1736 4790 communicarent,
1767 4725 1935 4782 dede-

344 4828 473 4873 .unt
497 4834 512 4885 ;
541 4817 680 4873 alios
711 4818 931 4872 demum
959 4830 1055 4886 spe
1091 4812 1366 4870 hono'rum
1393 4813 1527 4886 (74),
1556 4814 1760 4886 quibus
1786 4816 1932 4872 indi-

343 4909 439 4979 gni
487 4915 664 4973 erant,
706 4905 1121 4961 accenderunt:
1155 4917 1212 4963 et
1248 4908 1323 4962 ita
1364 4907 1469 4964 sibi
1514 4910 1928 4966 multitudinem

342 5004 771 5071 congregarunt,
815 4994 970 5064 quasi
1015 4995 1363 5061 nescientes,
1407 4998 1555 5067 quod
1591 4999 1737 5068 piam
1790 5000 1924 5055 reli-

343 5091 563 5163 gionem
598 5105 711 5146 non
745 5086 1065 5151 multitudo,
1099 5086 1198 5141 sed
1232 5087 1435 5142 veritas
1462 5089 1723 5144 ostendit.

416 5184 618 5237 lterum
640 5182 796 5236 lectae
814 5185 943 5233 sunt
974 5184 1170 5232 vestrae
1206 5176 1427 5246 pietatis
1460 5177 1659 5233 litterae
1687 5194 1787 5248 per
1810 5194 1923 5234 ma-

344 5273 858 5348 gniﬁcentissimum
883 5270 1141 5326 comitem
1169 5267 1590 5333 Candidianum,
1608 5268 1921 5340 signiﬁcan-

440 5410 527 5477 68)
562 5409 691 5466 Usus
710 5407 882 5464 Mansi
904 5407 959 5462 in
986 5413 1157 5477 textu,
1184 5404 1537 5477 inmargine,
1564 5422 1742 5461 ausus.

440 5410 527 5477 68)
562 5409 691 5466 Usus
710 5409 882 5464 Mansi
904 5409 959 5462 in
986 5413 1157 5468 textu,
1184 5409 1237 5460 in
1272 5409 1537 5471 mareine,
1564 5422 1742 5461 ausus.

550 5479 647 5535 Est
798 5476 1033 5561 c..ap‘ud
1092 5474 1347 5561 Mansit.
1378 5444 1466 5541 IV,
1500 5491 1553 5546 p.
1596 5477 1732 5531 1405
1772 5494 1914 5549 seq.,

344 5545 548 5605 ex'alia
578 5549 834 5618 versione
866 5545 1161 5618 in:§yuod.
1192 5562 1239 5598 «ξ.
1284 5545 1371 5600 3i.

440 5619 528 5674 70)
562 5616 892 5674 Chalcedone
919 5617 989 5671 Μ.

442 5620 507 5673 70
562 5619 892 5674 Chalcedone
919 5619 989 5671 Μ.

442 5619 528 5760 71)
562 5687 925 5760 gonfuderunt
956 5687 1125 5742 Mans.

440 5757 526 5823 72⁷)
558 5757 621 5813 Ut
654 5758 823 5814 Mans.

440 5829 527 5898 75)
567 5826 942 5898 Inquirendum
976 5827 1145 5881 Mans.

2032 4634 2145 4690 illic
2176 4643 2233 4690 et
2287 4633 2379 4687 hic
2411 4632 2742 4703 pertulimus
2776 4651 2789 4687 :
2844 4640 2902 4688 et
2939 4646 3066 4687 cum
3106 4630 3501 4703 lapidaremur,
3550 4637 3611 4684 et

2029 4732 2240 4781 tantum
2261 4740 2373 4779 non
2397 4723 2762 4794 perderemur
2788 4739 2818 4779 a
2853 4724 3048 4787 servis,
3077 4722 3477 4778 monachorum
3507 4722 3607 4777 ha-

2030 4819 2148 4874 bitu
2172 4817 2402 4883 indutis,
2428 4817 2559 4873 boni
2589 4817 2991 4884 consuluimus,
3024 4824 3215 4888 utpote
3256 4831 3359 4887 pro
3403 4815 3613 4888 pietate

2031 4910 2157 4966 talia
2184 4908 2423 4966 libenter
2457 4909 2819 4980 perferentes.

2102 5001 2231 5056 Post
2269 5001 2387 5056 haec
2418 5001 2598 5055 visum
2639 5009 2726 5055 est
2768 5008 2963 5054 vestrae
2996 4999 3289 5069 majestati,
3319 5007 3380 5053 ut
3406 4998 3613 5053 iterum

2028 5104 2129 5145 nos
2162 5106 2226 5145 ac
2260 5091 2337 5145 illi
2362 5097 2881 5154 convocaremur,nt
2915 5087 3026 5160 (79)
3049 5088 3117 5144 ad
3138 5088 3466 5159 inquirenda
3500 5087 3609 5141 do-

2027 5191 2208 5252 gmata
2234 5181 2617 5236 inobedientes
2640 5181 3120 5252 compellerentur.
3143 5180 3270 5236 Haec
3296 5188 3356 5234 ut
3386 5177 3603 5239 ﬁerent.

2028 5270 2191 5327 nobis
2234 5272 2702 5342 exspectantibus,
2757 5280 2940 5328 vestra
2989 5272 3165 5342 pictas
3216 5272 3272 5325 in
3321 5269 3605 5326 civitatem

2099 5406 2210 5618 (74)
2250 5407 2475 5462 Honoris
2504 5405 2912 5478 habebatvulg.
2951 5414 3147 5460 textus.

2123 5479 2188 5531 75
2243 5478 2305 5533 Et
2335 5479 2681 5533 menzinerunt
2701 5477 2871 5533 Mans.

2099 5549 2187 5618 (76
2263 5548 2438 5603 Donec
2489 5552 2589 5603 huc
2644 5549 3028 5618 perveniremus
3076 5542 3147 5596 Ma

2123 5477 2210 5533 75)
2243 5478 2305 5533 Et
2335 5479 2681 5533 menzinerunt
2701 5477 2871 5533 Mans.

2098 5536 2208 5620 (76)
2263 5548 2438 5603 Donec
2489 5552 2589 5620 huc
2644 5549 3028 5620 perueniremus
3076 5538 3377 5620 Mans.§ed
3428 5536 3602 5596 Gam.

2021 5611 2374 5690 lee‘tio'etiam
2403 5634 2528 5675 cum
2559 5611 2826 5690 Synodico
2860 5614 3030 5684 magis
3062 5611 3351 5669 consentit.

2098 5690 2208 5757 (77)
2239 5688 2610 5744 Convenerant‘
2624 5688 2793 5742 Mans.

2126 5759 2211 5812 78)
2248 5758 2343 5814 Hic
2370 5759 2526 5813 abest
2557 5775 2587 5813 a
2618 5757 2786 5811 Mans.

2127 5815 2212 5901 70)
2246 5828 2312 5882 Et
2339 5827 2487 5882 addit
2513 5828 2680 5882 Mans.
