4072 6422
423 379 523 446 ιιι
532 379 557 445 1

1425 374 1911 437 THEODORETI
1949 369 2288 431 EPISCOPI
2327 368 2693 430 CYRENSIS

3537 360 3673 427 1472

423 490 669 564 profecta
701 494 806 556 est,
830 495 887 545 et
917 501 1015 544 eos
1038 485 1283 558 quidem,
1309 484 1405 555 qui
1434 484 1503 538 de
1541 482 1737 537 haeresi
1779 494 2000 536 accusa-
2028 484 2070 538 Α
2103 478 2257 533 tinne
2278 478 2347 532 ab
2370 492 2436 531 eo
2465 475 2575 540 die,
2612 490 2723 545 quo
2769 474 3046 544 Ephesum
3068 469 3459 543 .pervenimus,
3495 486 3676 543 usque

422 583 651 648 bantur,
705 592 762 637 et
799 591 1026 652 propter
1051 579 1178 645 hoc,
1213 579 1352 633 alios
1402 594 1469 634 ex
1516 577 1605 631 his
1641 574 1922 645 depositos
1968 590 1999 628 a

421 675 613 739 nobis,
638 672 775 728 alios
807 687 936 727 vero
969 668 1491 734 excommunicatos,
1515 678 1571 722 et
1606 667 1805 721 deinde
1837 680 2002 720 cano-

421 764 571 819 nicis
614 763 794 833 pinnis
847 760 1260 831 subjiciendus;
1321 759 1582 830 praecepit
1634 758 1689 812 in
1722 758 1999 812 civitatem

419 857 631 921 venire,
649 854 956 910 sacerdotio
978 852 1130 923 fungi
1148 861 1204 907 et
1228 851 1486 907 ordinare
1512 849 1622 922 (80)
1646 892 1658 905 .
1698 850 1810 905 Nos
1842 863 1996 912 vero,

426 946 523 1015 qui
577 962 679 1017 pro
729 946 935 1016 pietate
986 953 1201 999 tantum
1245 950 1521 998 certamen
1545 941 1908 1012 suscepimus,
1944 947 2001 994 et

421 1052 524 1106 pro
546 1036 712 1092 rectis
731 1035 1080 1108 dogmatibus
1110 1035 1325 1089 nullum
1360 1050 1470 1088 non
1503 1032 1807 1104 periculum
1832 1032 2000 1087 susti-

424 1127 672 1191 nuimus,
717 1143 897 1196 neque
934 1125 1144 1198 ingredi
1170 1126 1225 1179 in
1251 1125 1527 1179 civitatem
1554 1125 1738 1196 jussit,
1770 1131 1832 1177 ut
1873 1122 2000 1177 ﬁdei

424 1219 794 1291 periclitantis
828 1219 1105 1289 negotium
1132 1234 1436 1289 ageremus,
1467 1224 1522 1271 et
1551 1230 1653 1286 pro
1693 1216 1867 1270 rectis
1896 1213 1998 1269 do-

422 1310 700 1381 gmatibus
752 1325 1094 1380 urgeremus,
1133 1325 1311 1379 neque
1337 1310 1404 1365 ad
1451 1307 1668 1378 propria
1700 1305 1999 1377 remigrare

423 1400 714 1470 permisit;
753 1400 849 1455 sed
874 1415 1066 1455 sumus
1101 1400 1157 1453 in
1185 1399 1531 1455 Calchedone
1567 1397 1678 1469 (81)
1712 1397 1916 1462 tristes,
1944 1403 2000 1451 et

428 1502 713 1566 gementes
736 1493 791 1545 in
812 1491 1083 1558 Ecclesia,
1103 1507 1229 1561 quae
1260 1498 1550 1546 exercetur
1577 1489 1891 1544 schismate.

496 1581 706 1637 Idcirco
730 1582 823 1652 qui
847 1583 1058 1636 nullum
1093 1597 1414 1652 responsum
1448 1580 1782 1644 obtinemus,
1812 1594 2002 1635 neces-

424 1668 631 1723 sarium
662 1669 917 1724 duximus
972 1677 1031 1723 ut
1060 1671 1422 1740 prmsentibus
1450 1670 1650 1725 litteris
1678 1669 2001 1725 doceremus

424 1765 663 1812 vestram
703 1757 987 1828 pietatem,
1030 1775 1213 1813 coram
1254 1760 1366 1813 Deo
1417 1766 1475 1812 et
1509 1758 1729 1813 Christo
1765 1758 1885 1828 ipso
1934 1772 2000 1812 ac

2102 568 2158 620 in
2186 566 2536 621 hodiernum.

2175 656 2560 710 Verumtamen
2596 664 2657 709 ut
2685 654 2928 718 videtur,
2967 652 3105 706 nihil
3147 651 3311 707 nobis
3362 650 3573 723 profuit
3617 650 3677 705 in

2100 744 2205 798 hoc
2236 745 2437 798 saeculo
2470 744 2740 799 modestia
2769 752 2990 809 nostra;
3022 743 3132 797 imo
3153 743 3319 797 etiam
3350 742 3674 811 plurimum,

2100 842 2162 888 ut
2194 834 2465 899 videmus,
2513 834 2711 888 obfuit.
2754 835 2891 889 Nam
2937 849 3040 888 nos
3077 833 3324 903 quidem,
3350 833 3548 902 quisic
3576 847 3679 886 nos

2100 923 2435 989 habuimus,
2481 927 2499 946 '
2543 939 2717 995 usque
2772 924 2827 978 in
2882 934 3208 994 praesentem
3261 923 3408 978 diem
3436 922 3679 991 Calche-

2100 1014 2243 1069 done
2271 1014 2483 1069 detenti
2528 1029 2721 1070 sumus
2750 1014 2886 1083 (85),
2934 1030 3085 1069 nunc
3123 1024 3308 1069 autem
3347 1013 3416 1068 ad
3452 1014 3677 1084 propria

2100 1105 2453 1160 dimittimur.
2496 1105 2564 1161 Hi
2579 1121 2731 1171 vero,
2762 1105 2857 1175 qui
2884 1105 3068 1159 omnia
3094 1105 3487 1169 confuderunt,
3505 1112 3563 1159 et
3586 1120 3680 1159 or-

2100 1198 2225 1254 bem
2268 1199 2445 1254 turbis
2496 1200 2886 1269 impleverunt,
2941 1206 2999 1253 et
3041 1198 3321 1254 Ecclesias
3361 1198 3678 1269 discerpere

2100 1290 2461 1353 contendunt,
2504 1301 2562 1346 et
2594 1291 2856 1361 pietatem
2898 1291 3189 1345 manifeste
3218 1299 3560 1361 oppugnant,
3598 1306 3681 1345 sa-

2100 1382 2347 1438 cerdotio
2384 1381 2712 1453 funguntur,
2758 1381 3021 1437 ecclesias
3063 1390 3438 1452 congregant,
3486 1389 3573 1446 et,
3616 1389 3680 1435 ut

2098 1482 2325 1543 putant,
2370 1475 2761 1528 auctoritatem
2796 1473 3088 1528 ordinandi
3132 1472 3367 1539 habent,
3413 1472 3680 1527 nimirum

2100 1562 2293 1617 illicite
2317 1562 2388 1616 ab
2416 1562 2527 1617 illis
2550 1563 2781 1632 petitam
2805 1579 2819 1627 ;
2851 1562 3151 1617 seditiones
3181 1562 3237 1615 in
3258 1562 3503 1618 Ecclesia
3534 1562 3681 1617 exci-

2100 1661 2221 1708 tant
2250 1671 2265 1721 ;
2303 1669 2428 1724 quae
2459 1653 2819 1725 expendenda
2854 1653 2910 1708 in
2932 1669 3065 1709 usus
3112 1668 3437 1723 pauperum,
3466 1653 3523 1707 in
3551 1666 3682 1708 suos

2105 1745 2393 1800 insumunt
2417 1746 2644 1800 milites.

425 1856 618 1903 sancto
650 1846 881 1917 Spiritu,
917 1848 1060 1918 quod
1089 1849 1133 1903 si
1167 1848 1291 1918 quis
1314 1848 1601 1903 ordinatus
1625 1847 1792 1902 fuerit
1819 1848 1996 1917 (ante-
2031 1829 2073 1884 Β
2170 1835 2443 1892 Caeterum
2474 1853 2584 1892 non
2621 1836 2842 1891 illorum
2869 1842 3109 1900 tantum,
3146 1835 3242 1889 sed
3269 1843 3326 1890 ct
3359 1844 3549 1888 noster
3583 1851 3682 1890 rex

425 1953 591 2008 quam
618 1938 988 1995 discutiantur
1012 1949 1163 1996 recta
1201 1937 1477 2010 dogmata)
1516 1938 1584 1993 ab
1633 1938 1722 1992 his
1756 1938 1849 2007 qui
1882 1936 2000 1991 hae-

423 2030 594 2084 retica
618 2030 883 2095 sentiunt,
916 2042 1144 2086 necesse
1176 2032 1247 2086 sit
1306 2039 1367 2085 ut
1421 2037 1534 2084 tota
1581 2029 1825 2083 Ecclesia
1852 2028 2000 2082 scin-

424 2120 629 2182 datur.
671 2131 782 2174 tam
822 2122 971 2177 clero
997 2162 1011 2185 ,
1059 2138 1224 2193 quam
1275 2121 1530 2192 plebibus
1580 2117 1998 2174 dissidentibus.

422 2212 623 2268 Nullus
696 2213 846 2268 enim
904 2215 1122 2284 piorum
1180 2214 1322 2268 feret
1379 2213 1639 2267 haeretica
1694 2210 2004 2266 colentibus

424 2302 870 2358 communionem
914 2304 1057 2368 dari,
1091 2303 1483 2375 propriamque
1514 2303 1745 2358 salutem
1786 2299 2004 2355 annihi-

425 2392 552 2448 lari.

498 2479 602 2538 Ubi
651 2488 834 2539 autem
891 2479 1029 2541 bazc,
1077 2496 1200 2550 quae
1249 2478 1434 2535 futura
1487 2484 1644 2546 sunt,
1683 2477 2001 2541 evenerint,

427 2576 563 2624 tunc
600 2568 712 2639 (82)
733 2576 915 2624 vestra
948 2569 1124 2639 pietas
1150 2576 1349 2639 praeter
1382 2583 1536 2623 suam
1569 2574 1810 2621 mentem
1841 2581 2005 2637 agere

426 2667 675 2729 cogetur.
705 2658 843 2713 Nam
878 2667 936 2713 et
965 2658 1204 2713 schisma
1235 2666 1435 2728 praeter
1483 2656 1813 2710 sententiam
1852 2655 2006 2710 inva—

426 2750 619 2815 lescet,
644 2756 701 2804 et
732 2763 849 2812 eos,
880 2747 976 2818 qui
1010 2763 1109 2818 pro
1141 2748 1344 2817 pietate
1375 2753 1607 2812 certant,
1635 2744 2003 2810 contristabit,

426 2853 541 2895 non
573 2838 832 2904 ferentes,
859 2847 921 2893 ut
963 2853 1075 2893 suae
1120 2837 1319 2892 animae
1357 2844 1606 2906 pereant,
1655 2843 1712 2890 et
1753 2843 2007 2890 constent

429 2931 793 2987 contentiosis
844 2928 1054 3001 135,3
1099 2928 1267 2999 impia
1320 2926 1509 2999 Cyrilli
1567 2926 1840 2996 dogmata,
1884 2941 2007 2996 quae

426 3019 733 3093 justiﬁcare
759 3017 973 3073 volunt.

500 3110 657 3166 Multi
697 3119 905 3176 autem,
929 3109 1022 3182 qui
1045 3109 1235 3180 pietati
1263 3108 1504 3175 student,
1538 3107 1728 3181 Cyrilli
1752 3107 2007 3181 dogmata

430 3202 647 3260 admitti
673 3218 781 3257 non
806 3201 989 3257 sinent
1014 3219 1027 3255 :
1047 3216 1226 3271 neque
1247 3216 1378 3255 vero
1405 3201 1669 3266 sinemus,
1692 3202 1788 3271 qui
1816 3216 2007 3256 sumus

427 3307 625 3349 omnes
652 3308 755 3350 nos
775 3309 854 3378 ex.
876 3290 1141 3349 Orientali
1168 3290 1416 3357 dioecesi,
1456 3300 1656 3348 vestrae
1684 3292 2004 3362 provinciae,

425 3399 503 3442 ex
530 3385 755 3441 dimcesi
782 3382 963 3445 Ponti,
983 3391 1040 3437 et
1064 3382 1225 3447 Asiae,
1244 3392 1301 3437 et
1322 3382 1592 3445 Thraciae,
1618 3393 1676 3439 et
1708 3382 1933 3454 Illyrici,
1952 3390 2009 3437 et

432 3478 738 3542 ltaliarum,
781 3475 876 3546 qui
927 3483 984 3529 et
1024 3481 1222 3529 vestra:
1253 3474 1444 3545 pietati
1467 3474 1668 3530 librum
1704 3475 2009 3530 beatissimi

427 3565 711 3623 Ambrosii
755 3564 1028 3619 miserunt
1077 3562 1212 3635 (85),
1260 3563 1490 3621 adversa
1531 3565 1825 3636 pullulanti
1878 3565 2012 3622 huic

435 3653 816 3725 superstitioni
854 3653 1164 3709 docentem.

507 3744 853 3814 Quapropter
875 3758 943 3797 ne
972 3743 1078 3797 hoc
1098 3741 1336 3803 eveniat.
1361 3749 1418 3798 et
1435 3751 1620 3799 vestra
1643 3744 1821 3813 pietas
1838 3743 2012 3816 magis

437 3831 824 3902 conturbetur,
865 3834 1267 3904 supplicamus,
1293 3849 1607 3904 precamur.
1637 3834 2010 3902 obsecramus,

440 3933 504 3982 ut
542 3926 745 3989 edicat,
764 3941 835 3981 ne
870 3927 1144 3982 ordinatio
1166 3934 1326 3982 antea
1352 3926 1466 3990 ﬁat,
1500 3926 1677 3982 donec
1705 3927 2014 3984 orthodoxa

447 4014 586 4070 ﬁdes
612 4014 902 4079 formetur,
924 4023 1149 4085 propter
1177 4029 1342 4086 quam
1384 4030 1487 4070 nos
1516 4017 1872 4088 congregavit
1919 4034 2015 4074 ve-

440 4113 574 4169 stra,
600 4119 723 4175 quae
744 4102 1025 4160 Christum
1063 4112 1231 4171 amat,
1276 4104 1566 4161 celsitudo.

439 4236 971 4312 CLXVIII.—-—Tertia
1006 4238 1308 4312 earumdem
1343 4238 1630 4310 postulatio
1681 4238 1793 4312 (84)
1827 4256 1855 4295 e
1883 4239 2015 4298 Cal-

799 4308 1027 4363 ckedane
1058 4309 1128 4363 ad
1152 4308 1495 4380 imperatores
1527 4311 1707 4365 missa.

511 4420 631 4476 Non
651 4420 802 4477 hunc
827 4429 1086 4476 eventum
1108 4420 1427 4477 sortituram
1446 4432 1643 4478 vestrae
1675 4424 1900 4494 pietatis
1924 4440 2019 4480 ex-

440 4511 824 4584 spectabamus
869 4511 1247 4567 evocationem

442 4618 654 4667 sumus,
682 4610 944 4673 tanquam
978 4604 1293 4678 sacerdotes
1320 4620 1351 4658 a
1382 4619 1529 4674 rege,
1546 4613 1603 4661 et
1624 4605 1803 4661 vocati
1826 4621 2018 4662 sumus

442 4694 514 4749 ad
549 4694 980 4751 conﬁrmandam
1013 4705 1330 4750 sanctorum
1373 4695 1601 4749 Patrum
1644 4694 1849 4751 ﬁdem:
1884 4706 2018 4765 pro-

442 4792 631 4856 pterea
655 4785 844 4846 etiam,
876 4793 1136 4853 tanquam
1175 4784 1272 4854 pio
1317 4785 1432 4854 regi
1468 4784 1766 4849 obedituri,
1796 4786 2022 4841 adveni-

442 4889 588 4929 mus.
623 4873 727 4929 Ubi
749 4883 932 4929 nutem
952 4873 1226 4936 venimus,
1271 4886 1452 4941 neque
1497 4873 1797 4929 Ecclesiam
1832 4875 2018 4932 minus

440 4966 618 5022 secuti
658 4981 871 5030 sumus,
911 4979 1092 5034 neque
1137 4963 1350 5036 1344
1390 4971 1638 5020 vestrum
1684 4965 2018 5036 contempsi-

439 5071 566 5111 mus
591 5055 866 5123 edictum;
896 5054 993 5110 sed
1026 5064 1239 5111 vestros
1265 5064 1436 5111 nutus
1469 5055 1644 5111 secuti
1672 5072 1864 5115 sumus
1885 5073 2019 5114 con-

509 5209 556 5243 “
578 5208 601 5264 Ι
621 5209 764 5265 Tim.
794 5224 870 5276 vr,
899 5207 985 5263 15.
1063 5207 1110 5241 ⁸²
1148 5206 1351 5264 Ezech.
1381 5225 1461 5276 ιιι,
1497 5209 1587 5265 18.

441 5436 495 5492 ὅ
513 5363 628 5440 (80)
667 5363 827 5490 Ριέη
853 5380 901 5420 c.
939 5364 1198 5431 venirent,
1245 5363 1452 5420 δασεῖα.
1485 5365 1833 5438 fungerentur
1860 5375 1911 5422 et
1933 5383 2023 5421 or-

500 5452 665 5492 naren
692 5474 707 5489 .
799 5477 809 5489 .

500 5443 707 5492 narent.
739 5443 809 5490 Il.

542 5507 632 5576 si)
663 5504 909 5576 Qhalced.
933 5504 1103 5576 Mans.

542 5573 631 5646 8‘2)
662 5573 755 5646 Ubii
782 5593 834 5631 a.
863 5573 973 5632 licet:
1001 5575 1183 5646 futura
1210 5582 1354 5639 sunt,
1391 5582 1535 5646 tunc,
1561 5583 1666 5631 etc.
1700 5575 1772 5631 Μ.

546 5644 636 5715 85)
695 5645 765 5701 Et
792 5662 969 5701 omnes
1003 5644 1124 5707 nos,
1188 5646 1279 5715 qui
1328 5659 1394 5715 ea:
1440 5644 1688 5701 orientali
1737 5645 1939 5700 dioecesi
1973 5653 2024 5701 et

449 5713 634 5773 castris
663 5718 962 5781 prouinciae,
989 5730 1052 5769 ea:
1079 5713 1283 5768 etiamsi
1318 5713 1474 5767 Pont.
1509 5724 1558 5767 et
1597 5715 1688 5770 As.
1737 5724 1788 5767 et
1819 5714 1941 5770 Thr.
1973 5724 2022 5770 et

456 5783 546 5841 ιιι.
576 5793 627 5840 et
656 5782 962 5854 Italiamin,
988 5783 1175 5857 Cyrilli
1208 5782 1383 5854 dogm.
1426 5784 1569 5840 adm.
1602 5802 1655 5841 ιι.
1700 5787 1890 5853 sinent,
1932 5787 2023 5858 qui

2100 1942 2180 1982 es.
2217 1927 2339 1981 Non
2371 1929 2520 1982 enim
2547 1943 2715 1998 parva
2744 1926 2925 1997 portio
2959 1928 3109 1996 regni
3138 1925 3217 1979 tui
3251 1932 3337 1979 est
3375 1923 3592 1991 Oriens,
3624 1926 3683 1980 in

2100 2034 2211 2088 quo
2239 2033 2458 2088 semper
2486 2026 2634 2073 recta
2668 2018 2802 2073 ﬁdes
2823 2017 3059 2083 refulsit,
3099 2024 3156 2071 et
3191 2031 3317 2070 cum
3359 2016 3467 2071 hoc
3512 2018 3683 2071 etiam

2099 2109 2221 2165 alite
2261 2110 2558 2180 provinciae
2603 2119 2660 2165 et
2692 2110 2996 2175 dimceses,
3060 2124 3091 2164 e
3130 2108 3332 2179 quibus
3370 2108 3682 2180 congregati

2101 2201 2328 2257 fuimus.

2171 2293 2413 2350 Proinde
2444 2310 2515 2350 ne
2546 2294 2816 2364 despiciat
2854 2301 3036 2348 vestra
3060 2293 3319 2363 majestas
3350 2291 3535 2358 fidem,
3560 2307 3686 2361 qua;

2103 2384 2469 2450 adulteratur,
2511 2385 2567 2439 in
2608 2400 2771 2455 quam
2801 2392 2857 2438 et
2885 2399 2985 2438 vos
3020 2383 3283 2453 haptizati
3318 2382 3473 2449 estis,
3505 2390 3563 2437 et
3588 2397 3686 2437 ve-

2104 2476 2205 2531 stri
2240 2476 2661 2547 progenitores;
2720 2476 2776 2530 in
2826 2490 2990 2545 quam
3035 2475 3292 2530 Ecclesiae
3328 2474 3686 2529 fundamenta

2103 2576 2234 2622 sunt
2260 2569 2439 2639 jacta;
2476 2574 2702 2637 propter
2742 2581 2907 2636 quam
2935 2565 3268 2621 sanctissimi
3304 2572 3574 2637 martyres
3602 2564 3688 2618 in-

2103 2673 2333 2712 numera
2361 2657 2559 2711 mortis
2589 2670 2790 2726 genera
2814 2669 2937 2709 cum
2976 2655 3261 2725 voluptate
3287 2660 3683 2724 susceperunt;

2105 2761 2232 2802 cum
2267 2762 2375 2816 qua
2405 2756 2462 2801 et
2485 2746 2754 2800 Barbaros
2775 2745 3006 2810 vicistis,
3033 2755 3089 2800 et
3119 2754 3382 2817 tyrannos
3409 2744 3691 2800 destruxi-o

2107 2838 2243 2904 stis;
2274 2854 2380 2908 qua
2415 2846 2469 2892 et
2495 2852 2644 2892 nunc
2675 2853 2814 2907 opus
2842 2837 3061 2891 habetis
3103 2837 3162 2890 in
3193 2836 3360 2901 bello,
3387 2851 3498 2906 quo
3541 2835 3689 2891 Afri—

2106 2942 2225 2981 cam
2251 2926 2525 2996 premitis.
2555 2924 2796 2980 Futurus
2821 2924 2931 2996 (86)
2962 2934 3047 2979 est
3079 2924 3226 2979 enim
3261 2925 3407 2979 Deus
3438 2926 3690 2979 omnium

2108 3018 2416 3073 commilito
2437 3027 2641 3084 vester,
2673 3017 2716 3072 si
2740 3032 2841 3086 pro
2870 3016 2976 3086 piis
3001 3017 3120 3086 ejus
3157 3016 3508 3086 dogmatibus
3533 3015 3690 3071 labo-

2110 3109 2449 3173 raveritis,et
2466 3108 2866 3180 prohibueritis
2888 3123 3089 3178 corpus
3101 3107 3361 3163 Ecclesiae
3379 3107 3648 3178 disrumpi
3669 3125 3686 3162 ε

2111 3200 2491 3270 disrumpetur
2530 3198 2641 3272 (87)
2686 3200 2857 3265 enim,
2892 3199 2940 3254 si
2980 3199 3191 3269 opinio,
3239 3215 3405 3269 quam
3451 3197 3692 3270 Cyrillus

2110 3286 2239 3343 ﬁdei
2273 3286 2659 3357 superinduxit
2717 3286 2859 3358 (88)
2904 3295 2963 3342 et
3009 3286 3103 3341 alii
3135 3286 3693 3342 bmreticiconiirma-

2109 3384 2266 3444 runt,
2287 3378 2610 3433 invalescat.

2181 3487 2307 3543 Hzec
2330 3503 2474 3558 saepe
2514 3487 2738 3558 quidem
2792 3502 2979 3542 coram
3020 3486 3154 3551 Deo,
3184 3495 3240 3541 et
3267 3486 3323 3541 in
3347 3487 3590 3558 Epheso,
3629 3496 3691 3542 et

2110 3578 2203 3633 hic
2231 3578 2417 3634 testati
2445 3594 2661 3643 sumus,
2693 3586 2751 3633 et
2785 3584 3025 3633 vestram
3067 3579 3327 3648 pietatem
3376 3578 3690 3646 docuimus,

2111 3669 2379 3725 rationem
2409 3669 2582 3734 illius,
2616 3677 2880 3725 utcoram
2913 3668 3162 3724 omnium
3205 3670 3337 3734 Deo,
3370 3669 3689 3727 reddentes.

2113 3756 2229 3812 Hoc
2268 3757 2417 3813 enim
2449 3758 2615 3830 exigit
2643 3775 2675 3813 a
2705 3758 2884 3821 nobis,
2934 3758 3077 3814 sicut
3116 3760 3316 3815 divinae
3370 3759 3691 3829 Scriptum,

2111 3849 2446 3920 prophetica:
2490 3857 2547 3905 et
2589 3850 2921 3920 apostolicae,
2956 3851 3176 3906 docent.
3231 3851 3452 3907 Etenim
3497 3851 3697 3906 beatus

2112 3941 2316 3998 Paulus
2358 3942 2596 3998 clamat:
2651 3961 2670 3993 ‹
2706 3941 2995 3997 Testificor
3023 3958 3205 3997 coram
3250 3943 3386 4007 Deo,
3421 3944 3516 4012 qui
3545 3957 3697 3996 mor-

2113 4038 2240 4087 tuos
2270 4032 2534 4097 viviﬁcat,
2582 4041 2637 4087 et
2688 4031 2921 4087 Domino
2948 4041 3141 4087 nostro
3168 4032 3297 4088 Jesu
3326 4031 3567 4097 Christo,
3596 4031 3696 4102 qui

2115 4123 2439 4180 testiﬁcatus
2467 4132 2552 4179 est
2584 4125 2686 4179 sub
2720 4124 2918 4179 Pontio
2947 4124 3123 4179 Pilato
3154 4125 3353 4180 bonam
3390 4123 3697 4180 confessio-

2113 4232 2242 4272 nem
2268 4217 2333 4271 ⁸⁸.
2368 4235 2388 4268 ι
2435 4217 2505 4272 Et
2550 4215 2826 4272 Ezechieli
2859 4218 3121 4287 praecepit
3153 4216 3318 4282 Deus,
3372 4224 3436 4271 ut
3480 4232 3701 4271 annun-

2116 4306 2217 4362 tiet
2240 4308 2487 4378 populo;
2524 4316 2579 4363 et
2603 4308 2779 4363 minas
2807 4307 3016 4378 adjicit,
3061 4308 3251 4362 dicens
3304 4326 3319 4362 :
3377 4327 3395 4360 ι
3437 4305 3553 4362 Nisi
3596 4322 3701 4360 an-

2116 4397 2481 4461 nuntiaveris,
2540 4397 2859 4468 sanguinem
2894 4397 3017 4467 ejus
3060 4396 3129 4452 de
3177 4412 3344 4451 manu
3385 4405 3479 4452 tua
3511 4386 3702 4466 requi-

1297 4529 1311 4566 :
1361 4513 1540 4567 vocati
1593 4514 1742 4569 enim
1782 4514 2014 4572 honeste
2048 4513 2091 4568 D
2122 4502 2239 4542 ram
2264 4485 2375 4540 u"

2189 4601 2473 4657 Timentes
2505 4600 2691 4671 itaque
2712 4601 2821 4657 hoc
2839 4600 3131 4672 judicium,
3165 4599 3538 4655 necessarium
3575 4598 3699 4652 exi-

2116 4693 2421 4749 stimamus.
2439 4693 2641 4748 iterum
2667 4693 2867 4748 docere
2892 4700 3130 4748 vestram
3155 4692 3518 4762 majestatem,
3548 4690 3701 4759 quod

2114 4783 2176 4849 ii,
2200 4784 2295 4853 qui
2318 4784 2573 4854 permissi
2608 4792 2738 4838 sunt
2767 4783 3043 4839 Ecclesias
3075 4782 3300 4847 habere,
3351 4782 3410 4836 in
3450 4780 3705 4837 ecclesiis

2118 4874 2338 4939 docent,
2361 4891 2484 4945 quat
2504 4874 2897 4944 Apollinarius,
2943 4883 3000 4929 et
3027 4874 3212 4939 Arius,
3258 4882 3316 4929 et
3351 4872 3700 4928 Eunomius:

2119 4966 2405 5038 illegitime
2433 4974 2489 5022 et
2520 4976 2712 5022 contra
2743 4981 2984 5022 canones
3024 4965 3330 5020 sacerdotio
3373 4963 3702 5034 funguntur,

2120 5068 2177 5115 et
2206 5060 2419 5116 animas
2442 5057 2705 5116 occidunt
2734 5073 2954 5125 eorum,
2987 5056 3085 5129 qui
3125 5056 3196 5113 ad
3239 5071 3300 5113 se
3329 5054 3623 5123 accedunt,
3655 5055 3707 5113 si

2118 5375 2169 5422 et
2200 5376 2407 5433 uestrae,
2434 5376 2541 5423 etc.
2570 5366 2662 5424 Sic
2680 5367 2851 5424 Mans.

2191 5436 2299 5508 (84)
2335 5438 2403 5492 Et
2422 5438 2541 5493 haec
2571 5446 2655 5493 est
2683 5438 2738 5493 in
2769 5439 2907 5494 actis
2958 5438 3067 5494 illis
3120 5436 3264 5508 apud
3324 5435 3520 5508 Mansi,
3546 5436 3705 5504 LIV,

2116 5522 2175 5578 p.
2204 5507 2515 5579 1405_seq.,
2541 5516 2598 5561 et
2626 5508 2682 5561 in
2727 5508 2956 5579 Synod.,
2985 5524 3036 5564 c.
3066 5507 3229 5579 85η.
3255 5508 3321 5577 γ,
3353 5523 3410 5579 p.
3446 5507 3550 5565 808
3581 5521 3705 5578 seq.

2188 5578 2313 5648 (85).
2334 5577 2481 5648 ﬂenti
2511 5577 2803 5633 commoti
2836 5595 3038 5634 sumus.
3068 5577 3238 5635 Mans.

2218 5645 2307 5715 86')
2346 5645 2578 5701 Futurus
2602 5648 2761 5703 abest
2788 5664 2819 5703 a
2851 5649 3024 5706 Mans.

2217 5719 2304 5785 87)
2336 5716 2698 5788 Disrumpitur
2726 5717 2895 5776 Garn.

2214 5787 2303 5859 88)
2332 5787 2746 5845 IndumitMans.
