4072 6420
369 393 503 457 1473

1691 393 2048 455 EPISTOLA
2085 393 2335 457 CLXIX.

3493 396 3631 464 1474

363 502 490 572 quis
514 511 695 555 tamen
729 496 878 569 ipsos
918 496 1028 570 (89)
1066 497 1214 553 volet
1280 499 1494 554 audire.
1550 499 1685 554 Nam
1719 516 1819 570 per
1858 502 1953 556 Dei
1985 513 2027 568 Α
2058 503 2319 558 virtutem
2355 505 2640 575 explorat,
2680 523 2860 578 neque
2909 508 3177 579 supplicia
3223 509 3435 582 1356
3483 511 3630 567 irro-

364 591 594 661 gratiam
625 588 760 660 (90),
785 587 873 641 cui
899 590 1144 642 omnium
1172 588 1454 642 hominum
1481 603 1613 642 cura
1639 599 1743 653 est,
1766 598 1821 644 et
1849 591 1945 660 qui

363 695 557 736 omnes
582 679 701 733 vult
728 678 958 742 servari,
987 678 1221 732 maxima
1263 694 1390 747 pars
1428 679 1616 750 populi
1658 696 1788 735 sana
1823 688 1942 746 est,

363 783 420 827 et
452 788 552 842 pro
585 771 692 841 piis
727 769 964 825 sollicita
989 769 1337 839 dogmatibus
1372 787 1386 824 :
1413 780 1636 841 propter
1669 772 1792 827 illos
1825 789 1945 828 ma-

362 864 510 918 xime
533 862 802 917 dolemus.

435 953 505 1008 Et
557 953 686 1022 quia
718 951 1053 1016 cruciamur,
1098 951 1358 1006 timentes
1402 967 1472 1008 ne
1515 954 1781 1023 paulatim
1827 970 1946 1010 ser-

363 1062 503 1117 pens
535 1045 765 1100 morbus
812 1045 999 1114 plures
1043 1045 1498 1113 comprehendat,
1539 1061 1944 1116 eommuneque

364 1137 573 1192 malum
606 1135 719 1202 ﬁat,
754 1136 871 1190 haec
892 1150 994 1190 nos
1026 1143 1265 1190 vestram
1298 1137 1652 1192 serenitatem
1684 1137 1946 1193 docemus

362 1241 422 1288 et
464 1233 663 1288 docere
711 1246 823 1285 non
879 1230 1222 1294 desistimus,
1263 1239 1320 1284 et
1363 1245 1658 1301 precamur
1702 1240 1944 1287 vestram

364 1325 732 1393 majestatem,
761 1331 822 1377 ut
842 1323 1048 1376 nostris
1070 1322 1328 1391 precibus
1356 1331 1584 1388 annuat,
1613 1333 1670 1378 et
1701 1324 1840 1378 nihil
1872 1325 1946 1378 si-

362 1424 462 1470 nat
491 1415 655 1485 adjici
686 1414 754 1468 ad
803 1413 964 1468 ﬁdem
999 1423 1315 1494 sanctorum
1344 1414 1598 1480 Patrum,
1629 1416 1725 1486 qui
1757 1417 1812 1470 in
1845 1417 1943 1472 Ni-

365 1523 475 1562 cara
500 1507 812 1576 congregati
848 1506 1091 1560 fuerunt.

437 1596 595 1662 Quod
623 1598 690 1661 si,
716 1609 772 1652 et
825 1605 949 1666 post
993 1597 1135 1650 hanc
1184 1605 1430 1652 nostram
1481 1597 1940 1664 obsecrationem,

365 1687 529 1753 hanc,
555 1703 675 1756 qua:
697 1703 881 1741 coram
908 1687 1020 1740 Deo
1048 1686 1175 1740 data
1201 1695 1306 1750 est,
1332 1687 1637 1743 doctrinam
1675 1704 1784 1744 non
1819 1705 1942 1743 sus-

365 1777 576 1846 ceperit
618 1786 801 1831 vestra
845 1776 1041 1846 pietas,
1069 1792 1171 1831 nos
1210 1777 1376 1832 etiam
1407 1781 1690 1847 pulverem
1737 1780 1940 1850 pedum

2048 603 2139 662 gat
2165 598 2180 614 '
2223 603 2448 664 propter
2473 611 2558 662 ea,
2586 613 2708 666 quze
2743 608 2942 667 praeter
2979 607 3222 653 mentem
3255 599 3410 654 ﬁunt.

2114 685 2190 738 De
2239 687 2419 740 amico
2474 697 2656 742 autem
2711 692 2848 745 sciat
2900 699 2991 745 tua
3044 692 3308 746 sanctitas
3347 692 3516 762 quod,
3579 695 3627 748 si

2048 776 2266 844 quando
2293 779 2414 848 ejus
2438 777 2745 834 faceremus
2777 783 3133 846 mentionem,
3166 783 3252 837 vel
3292 783 3436 852 apud
3469 785 3631 853 pien-

2049 867 2321 921 tissimum
2371 885 2576 939 regem,
2617 872 2703 925 vel
2755 873 2899 943 apud
2941 874 3151 928 illustre
3200 875 3625 940 consistorium,

2047 958 2372 1016 defectionis
2424 963 2754 1018 notabamur
2809 983 2822 1018 ε
2885 973 3049 1020 tantae
3100 975 3229 1021 sunt
3279 981 3493 1032 eorum,
3528 969 3626 1038 qui

2048 1050 2193 1104 intro
2227 1059 2376 1116 sunt,
2408 1068 2539 1123 erga
2589 1054 2746 1109 illum
2792 1056 3110 1113 inimicitiae.
3150 1059 3218 1112 Et
3246 1058 3350 1112 hoc
3388 1068 3474 1114 est
3504 1075 3625 1114 mo-

2045 1139 2427 1196 lestissimum.
2471 1145 2858 1200 Pientissimus
2906 1164 3003 1202 rex
3048 1165 3161 1219 prze
3205 1151 3462 1205 omnibus
3502 1150 3627 1206 aliis

2046 1242 2331 1286 aversatur
2360 1249 2584 1299 nomen,
2613 1236 2905 1292 manifeste
2941 1238 3134 1293 dicens
3189 1259 3202 1292 :
3245 1241 3320 1294 De
3357 1241 3462 1296 hoc
3488 1241 3625 1297 mihi

2046 1324 2232 1378 nullus
2261 1325 2539 1395 loquatur.
2599 1327 2890 1398 Specimen
2953 1331 3100 1384 enim
3152 1332 3321 1385 semel
3372 1331 3485 1400 ipse
3524 1331 3625 1386 de-

2046 1414 2147 1470 dit.
2203 1415 2461 1472 Attamen
2511 1417 2642 1472 dum
2704 1419 2794 1474 hic
2845 1436 3060 1485 sumus,
3125 1438 3235 1476 non
3289 1422 3627 1477 cessabimus

2045 1506 2194 1558 omni
2229 1508 2452 1572 virtute,
2484 1510 2679 1578 etejus
2712 1511 2888 1580 patris
2925 1527 3112 1566 curam
3144 1527 3354 1581 gerere,
3386 1512 3627 1566 scientes

2044 1596 2241 1652 factam
2269 1598 2348 1652 illi
2378 1599 2447 1653 ab
2476 1599 2663 1670 impiis
2688 1601 3034 1672 injustitiam.

2070 1759 2073 1761 _
2114 1688 2286 1744 Nobis
2323 1705 2544 1760 quoque
2589 1691 2833 1746 studium
2864 1700 2982 1755 est,
3018 1699 3079 1746 ut
3129 1692 3260 1746 hinc
3297 1692 3621 1759 liberemur,

2043 1786 2101 1831 et
2130 1786 2315 1832 vestra
2366 1779 2635 1834 liberetur
2685 1783 2880 1852 pietas.
2915 1782 3063 1836 Nihil
3111 1783 3258 1837 enim
3312 1783 3444 1838 hinc
3489 1783 3624 1840 boni

364 1870 730 1932 excutiemus,
775 1876 833 1923 et
887 1869 1248 1924 clamabimus
1303 1885 1429 1924 cum
1480 1870 1642 1925 beato
1695 1871 1866 1925 Paulo
1924 1889 1937 1924 :
1974 1847 2016 1904 Β
2047 1866 2400 1934 sperandum,
2425 1883 2493 1923 eo
2509 1869 2657 1939 quod
2677 1871 2896 1940 judices
2930 1871 3034 1940 ipsi
3057 1887 3250 1926 omnes
3273 1887 3410 1926 auro
3448 1872 3621 1927 conﬁ-

374 1981 393 2014 ε
441 1963 628 2017 Mundi
660 1978 854 2016 sumus
882 1977 912 2038 ξι
947 1963 1212 2033 sanguine
1244 1971 1431 2016 vestro
1462 1963 1526 2015 ⁸⁵.
1572 1982 1590 2014 ι
1639 1963 1756 2017 Non
1795 1964 1944 2018 enim

365 2069 648 2108 cessamus
674 2062 836 2108 nocte
860 2062 916 2108 et
945 2053 1056 2117 die,
1083 2053 1153 2107 ab
1196 2069 1264 2108 eo
1293 2053 1405 2117 die,
1435 2070 1544 2123 quo
1583 2055 1637 2108 in
1678 2055 1821 2109 hanc
1851 2071 1943 2110 ee-

364 2144 573 2199 lebrem
599 2144 866 2215 synodum
893 2144 1234 2208 advenimus,
1265 2153 1321 2198 et
1343 2144 1480 2215 regi,
1500 2153 1555 2199 et
1579 2145 1942 2215 principibus,

366 2242 424 2289 et
461 2234 752 2298 militibus,
781 2242 839 2287 ει
882 2234 1284 2300 sacerdotibus,
1326 2245 1383 2290 et
1415 2235 1572 2289 laicis
1606 2237 1830 2304 testari,
1873 2253 1944 2293 ne

365 2324 682 2380 amittamus
713 2325 969 2379 traditam
1002 2324 1164 2379 nobis
1197 2340 1225 2378 a
1256 2325 1511 2380 Patribus
1533 2325 1715 2380 ﬁdem.

363 2479 920 2554 CLXIX.—Epistola
965 2483 1279 2554 Theodoreti
1314 2484 1539 2554 episcOpi
1599 2482 1724 2552 Cyri
1759 2499 1785 2535 ε
1812 2482 1942 2536 Cal-

437 2553 663 2692 ῗὲῗῖοηε
712 2552 781 2606 ad
830 2551 1196 2607 Alexandrum
1234 2551 1698 2624 Hierapolitanum
1741 2555 1941 2623 scripta

435 2783 660 2838 Nullum
693 2781 1072 2846 humanitatis,
1095 2781 1309 2836 nullum
1353 2780 1694 2850 asperitatis,
1725 2782 1940 2835 nullum

363 2871 790 2935 adhortationis,
825 2872 1036 2924 nullum
1067 2870 1487 2925 declamationis
1517 2887 1686 2941 genus
1729 2869 1940 2941 1345

365 2964 675 3028 omisimus,
713 2979 824 3032 quo
870 2962 1015 3031 apud
1050 2963 1457 3032 pientissimum
1509 2979 1690 3032 regem
1722 2971 1778 3016 et
1812 2962 1939 3015 illu-

364 3061 477 3108 stre
506 3052 895 3108 consistorium
926 3067 1035 3105 non
1065 3052 1240 3107 simus
1261 3052 1736 3118 usi,testiﬁcantes
1755 3067 1940 3107 coram

362 3146 496 3209 Deo,
516 3145 611 3214 qui
636 3143 820 3199 omnia
846 3143 1017 3208 videt,
1048 3152 1106 3198 et
1141 3143 1372 3198 Domino
1404 3153 1597 3198 nostro
1621 3144 1751 3200 Jesu
1780 3143 1940 3198 Chri-

361 3243 469 3301 sto,
493 3235 588 3306 qui
605 3234 954 3305 judicaturus
984 3242 1068 3288 est
1087 3234 1278 3288 orbem
1306 3234 1362 3288 in
1381 3235 1598 3306 justitia
1626 3235 1707 3300 3‘;
1735 3243 1790 3290 et
1819 3235 1940 3304 Spi-

363 3329 472 3382 ritu
492 3333 703 3390 sancto,
727 3335 784 3380 et
805 3328 998 3381 electis
1021 3327 1142 3396 ejus
1178 3325 1382 3396 angelis
1409 3343 1422 3378 :
1453 3342 1521 3380 ne
1550 3335 1937 3381 contemnatur

362 3418 520 3483 ﬁdes,
545 3433 666 3488 qua:
689 3417 758 3471 ab
793 3417 900 3480 his,
935 3416 1028 3486 qui
1065 3416 1320 3470 haeretica
1351 3416 1605 3486 dogmata
1645 3431 1938 3485 suscepere

360 3517 419 3565 et
461 3508 550 3564 his
595 3508 946 3564 subscribere
975 3507 1094 3561 ausi
1145 3506 1321 3570 fuere,
1360 3506 1740 3571 adulteratur;
1777 3517 1831 3560 et
1878 3517 1939 3560 ut

361 3600 732 3672 praecipiatur,
770 3600 941 3654 solam
973 3597 1352 3668 exponendam
1383 3597 1528 3651 sicut
1571 3597 1623 3651 in
1663 3597 1861 3662 Nicma,
1885 3607 1940 3653 et

327 3676 728 3766 vabjiciendam
771 3691 1220 3761 superiuductam
1290 3689 1525 3744 haeresin
1573 3690 1641 3744 ad
1675 3691 1937 3745 damnum

360 3793 420 3841 et
447 3782 750 3855 perniciem
781 3781 1002 3852 pietatis
1031 3799 1043 3833 :
1074 3789 1130 3835 et
1157 3795 1329 3849 usque
1362 3779 1415 3833 in
1440 3780 1770 3834 hodiernum
1794 3781 1940 3836 diem

361 3877 500 3931 nihil
524 3874 738 3930 eﬁicere
761 3873 1053 3936 valuimus,
1076 3888 1224 3927 nunc
1247 3872 1378 3937 huc,
1402 3887 1549 3927 nunc
1575 3873 1704 3928 illuc
1721 3873 1940 3928 audito-

362 3969 518 4023 ribus
533 3983 652 4022 sese
686 3966 1013 4021 ferentibus.

433 4059 690 4114 Attamen
740 4072 843 4110 nos
872 4054 1008 4108 nihil
1057 4055 1256 4108 horum
1307 4053 1589 4108 dehortari
1633 4055 1831 4123 potuit,
1883 4063 1943 4108 ut

363 4152 434 4207 ab
460 4149 704 4222 urgendo
729 4149 1071 4218 propositum
1106 4147 1519 4210 desisteremus,
1549 4147 1645 4202 sed
1668 4146 1940 4216 persecuti

363 4256 557 4296 sumus
604 4254 846 4302 causam,
891 4237 986 4291 Dei
1021 4237 1215 4308 gratia.
1261 4235 1397 4292 Cum
1435 4237 1751 4306 juramento
1791 4236 1941 4290 enim

361 4331 708 4404 pientissimo
732 4336 923 4384 nostro
957 4328 1072 4398 regi
1096 4327 1388 4390 suasimus,
1426 4326 1572 4395 quod
1601 4325 1942 4395 impossibile

362 4423 458 4488 sit,
513 4421 676 4476 nobis
707 4420 974 4492 Cyrillum
1027 4427 1085 4473 et
1128 4419 1472 4472 Memnonem
1523 4417 1832 4481 conciliari,
1886 4426 1944 4471 et

2047 1955 2200 2022 dant,
2233 1965 2290 2011 et
2320 1959 2658 2016 contendant
2712 1977 2877 2015 unam
2923 1977 3046 2016 esse
3099 1969 3353 2016 naturam
3403 1961 3626 2018 deitatis

2045 2057 2103 2102 et
2131 2049 2510 2104 humanitatis.

2113 2141 2355 2210 Populus
2395 2150 2581 2197 autem
2615 2142 2797 2198 omnis
2827 2144 2998 2215 gratia
3031 2143 3128 2200 Dei
3171 2144 3312 2200 bene
3347 2144 3532 2209 habet,
3568 2151 3626 2199 et

2042 2230 2247 2301 jugiter
2291 2231 2359 2286 ad
2413 2247 2515 2286 nos
2556 2234 2859 2304 egreditur.
2893 2235 3203 2304 lncepimus
3255 2244 3438 2290 autem
3491 2236 3626 2306 ipsis

2046 2324 2213 2378 etiam
2277 2325 2594 2390 disserere,
2649 2335 2706 2383 et
2759 2327 3159 2384 celebravimus
3209 2328 3626 2383 communiones

2046 2419 2332 2481 maximas,
2373 2427 2430 2474 et
2478 2428 2676 2488 quarto
2728 2419 2840 2474 illis
2870 2427 3190 2474 enarratum
3241 2430 3328 2476 est
3363 2421 3628 2490 precibus

2047 2516 2155 2562 tuae
2184 2507 2407 2578 pietatis
2436 2508 2505 2562 de
2533 2507 2639 2563 ﬁde
2665 2526 2680 2575 ;
2719 2517 2775 2563 et
2801 2518 2949 2564 tanta
2984 2510 3283 2564 audierunt
3320 2510 3623 2580 voluptate,

2046 2608 2109 2653 ut
2140 2615 2311 2669 usque
2334 2599 2400 2654 ad
2427 2600 2617 2653 horam
2639 2601 2927 2670 septimam
2955 2617 3066 2654 non
3094 2600 3454 2655 discesserint
3485 2600 3623 2672 (92),

2045 2691 2141 2746 sed
2180 2691 2602 2762 perduraverint
2648 2707 2823 2761 usque
2857 2691 2926 2746 ad
2968 2700 3164 2746 aestum
3211 2691 3365 2747 solis.
3401 2691 3461 2745 In
3502 2691 3627 2746 aula

2045 2783 2194 2838 enim
2229 2784 2486 2848 maxima,
2521 2793 2578 2838 et
2603 2792 2840 2853 quatuor
2876 2784 3111 2838 habente
3145 2784 3410 2854 porticus,
3439 2783 3636 2838 multi-

2046 2873 2183 2928 tudo
2229 2882 2558 2944 congregata
2601 2875 2727 2938 fuit,
2759 2881 2815 2929 et
2839 2889 2941 2928 nos
2973 2889 3212 2944 superne
3257 2873 3626 2930 concionaha-

2047 2979 2172 3018 mur
2205 2979 2236 3019 e
2263 2974 2519 3035 suggestu
2551 2980 2723 3035 prope
2749 2972 2979 3020 tectum.

2119 3054 2321 3108 Verum
2353 3055 2538 3109 clerus
2576 3055 2757 3110 omnis
2800 3070 2926 3109 cum
2957 3054 3119 3110 bonis
3146 3055 3430 3111 monachis
3469 3056 3629 3113 valde

2045 3145 2212 3200 nobis
2259 3154 2379 3200 erat
2426 3145 2709 3208 infensus,
2769 3146 2846 3199 ita
2907 3155 2967 3198 ut
3024 3145 3180 3200 ﬁeret
3237 3148 3628 3217 collapidatio,

2042 3234 2268 3302 quando
2327 3249 2359 3287 a
2416 3234 2726 3288 Ruﬁnianis
2784 3241 2908 3302 post
2955 3233 3252 3290 adventum
3299 3238 3631 3306 pientissimi

2041 3323 2392 3392 imperatoris
2435 3323 2762 3388 rediremus,
2799 3334 2857 3379 et
2905 3313 3334 3380 vulnerarentur
3382 3341 3413 3380 a
3469 3326 3630 3383 laicis

2039 3421 2097 3468 et
2126 3413 2276 3468 lalsis
2301 3414 2608 3477 monachis,
2643 3415 2800 3469 multi
2831 3415 2927 3485 qui
2970 3416 3262 3472 nobiscum
3300 3426 3462 3472 erant
3489 3418 3626 3490 (93).

2111 3505 2352 3560 Noverat
2380 3513 2564 3560 autem
2595 3523 2693 3562 rex
2732 3507 3132 3577 pientissimus,
3155 3508 3301 3578 quod
3332 3509 3628 3564 multitudo

2042 3604 2472 3666 congregaretur
2519 3604 2713 3650 contra
2743 3611 2844 3651 nos
2893 3595 3029 3667 (94),
3063 3605 3120 3651 ει
3153 3598 3287 3652 solis
3341 3598 3504 3654 nobis
3529 3614 3626 3654 oc-

2044 3701 2295 3751 currens,
2320 3687 2540 3744 dicebat
2591 3705 2604 3741 :
2649 3688 2786 3742 Novi
2834 3687 2980 3757 quod
3013 3689 3154 3742 male
3193 3689 3628 3760 congregamini.

2043 3777 2300 3831 Dicebam
2351 3786 2537 3832 autem
2582 3778 2632 3832 ei
2692 3797 2704 3831 :
2762 3798 2780 3829 ι
2828 3778 2965 3845 Quia
2997 3777 3199 3833 dedisti
3248 3779 3505 3834 fiduciam
3548 3779 3629 3834 lo-

2043 3869 2272 3938 quendi,
2325 3885 2452 3924 cum
2510 3870 2673 3924 venia
2725 3869 2876 3924 audi.
2933 3870 3152 3926 Justum
3207 3878 3292 3925 est
3341 3871 3630 3926 haereticos

2044 3959 2272 4028 quidem
2327 3963 2834 4016 excommunicatos
2883 3961 2937 4014 in
2988 3961 3237 4016 ecclesiis
3281 3975 3474 4032 agere;
3528 3977 3630 4016 nos

2043 4065 2196 4115 vero,
2227 4051 2320 4120 qui
2346 4067 2446 4121 pro
2470 4053 2574 4107 ﬁde
2600 4062 2898 4117 certamus,
2927 4061 2983 4107 et
3017 4060 3243 4122 propter
3279 4052 3386 4107 hoc
3410 4053 3479 4108 ab
3505 4054 3630 4109 aliis

2045 4144 2455 4199 communionis
2492 4157 2746 4200 exsortes
2791 4145 2919 4200 facti
2974 4160 3166 4199 sumus
3213 4145 3348 4215 (95),
3381 4159 3494 4200 non
3541 4145 3628 4200 in-

2045 4243 2188 4290 trare
2232 4235 2289 4288 in
2337 4236 2667 4290 ecclesiam?
2717 4237 2784 4289 Et
2845 4235 2935 4290 ille
2976 4236 3262 4305 respondit
3336 4254 3349 4289 :
3406 4236 3473 4289 Et
3526 4253 3628 4307 ego

2045 4327 2177 4396 quid
2225 4326 2453 4380 faciam?
2506 4327 2784 4396 Respondi
2846 4327 3012 4396 igitur
3080 4328 3213 4381 illi:
3271 4327 3426 4394 Quod
3499 4328 3630 4384 fecit

2045 4417 2306 4488 magister
2356 4425 2484 4471 tuus
2530 4433 2716 4472 eomes
2763 4418 3117 4485 largitionum
3149 4419 3205 4473 in
3249 4419 3486 4488 Epheso.
3531 4419 3628 4474 lllc

363 4515 512 4586 quod
564 4513 680 4569 ﬁeri
734 4520 994 4582 nequeat,
1040 4519 1101 4564 ut
1154 4509 1262 4563 illis
1315 4507 1816 4572 communicemus,
1847 4506 1940 4577 qui
1976 4507 2192 4594 l)euim
2251 4515 2312 4559 ut
2372 4504 2584 4559 invenit
2658 4506 2954 4559 nonnullos
2996 4507 3339 4577 congregari,
3389 4523 3490 4561 nos
3532 4522 3630 4561 au-

363 4623 475 4662 non
509 4614 666 4660 antea
693 4604 960 4675 ejecerint
985 4602 1240 4656 haeretica
1267 4600 1524 4670 capitula.

327 4736 339 4748 κ
435 4700 626 4771 Itaque
657 4713 757 4751 nos
784 4696 1009 4766 quidem
1041 4695 1184 4748 hanc
1213 4693 1481 4747 habemus
1512 4700 1751 4746 mentem
1779 4709 1792 4745 :
1823 4698 1942 4748 stu-

365 4789 516 4845 dium
559 4797 743 4842 autem
772 4797 855 4842 est
896 4788 1004 4851 his,
1048 4806 1066 4836 ‹
1106 4785 1198 4856 qui
1232 4801 1347 4839 sua
1393 4785 1637 4854 ipsorum
1667 4790 1942 4853 quarunt,

366 4897 478 4936 non
503 4889 684 4934 autem
712 4894 833 4947 quae
865 4877 994 4932 Jesu
1030 4877 1234 4932 Christi
1265 4877 1332 4940 ⁸⁸,
1370 4895 1388 4928 ι
1426 4885 1488 4930 ιιι
1516 4875 1945 4931 reconcilientur

365 4967 469 5032 eis,
501 4973 698 5037 praeter
726 4971 969 5017 mentem
999 4973 1264 5017 nostram.
1295 4965 1365 5018 At
1394 4981 1502 5018 non
1533 4970 1619 5019 est
1643 4964 1804 5018 nobis
1825 4965 1944 5033 ejus

365 5060 451 5114 rei
477 5073 630 5114 cura.
657 5057 803 5111 Deus
831 5053 980 5109 enim
1007 5061 1259 5107 nostrum
1281 5053 1628 5122 propositum
1661 5053 1852 5122 exigit,
1887 5062 1942 5106 et

433 5235 479 5270 “
509 5236 631 5292 Act.
656 5249 808 5297 xvm,
845 5232 912 5298 6;
939 5248 1029 5296 xx,
1055 5230 1144 5285 26.
1218 5227 1264 5261 ⁸⁸
1298 5229 1344 5284 ll
1371 5229 1513 5284 Tim.
1532 5244 1607 5293 tv,
1637 5227 1688 5281 l.

433 5387 544 5462 (89)
571 5391 628 5448 Si
659 5409 712 5462 q.
742 5397 790 5444 et
820 5391 960 5461 ipsos
987 5386 1125 5462 volet
1155 5385 1283 5442 aud.
1307 5385 1378 5440 M.

456 5459 546 5536 90)
578 5459 1005 5536 iDioinant'grat.
1254 5527 1296 5536 _
1340 5528 1356 5536 _
1447 5526 1458 5536 _
1508 5525 1519 5536 .
1593 5524 1608 5536 _
1685 5524 1698 5536 ο

456 5465 524 5519 90
587 5465 834 5516 Divinam
864 5467 1005 5528 grat.
1045 5465 1115 5512 Μ.

434 5465 550 5600 ξω)
575 5535 635 5588 In
673 5531 812 5586 actis
859 5529 1221 5586 Orientalium
1254 5525 1554 5600 Ephesinis
1593 5524 1795 5600 legitur
1831 5525 1952 5600 [nec

366 5595 771 5675 interpretatio,
799 5617 858 5675 p.
917 5600 1052 5675 1497
1108 5614 1256 5675 εει]ἐι
1299 5595 1448 5675 tom_i_
1488 5595 1554 5651 ιν
1598 5595 1792 5675 Αίξιιιε.
1825 5595 1954 5650 Col-

366 5666 534 5740 lect,
563 5675 668 5729 alia
707 5666 1077 5742 inSynodicq
1109 5684 1160 5724 c.
1187 5666 1283 5736 30,
1322 5676 1362 5722 t.
1403 5667 1472 5731 γ,
1503 5681 1559 5736 p.
1598 5666 1702 5721 799
1735 5680 1851 5735 seq.

452 5747 562 5815 (92)
593 5741 1124 5817 Discederent‘hlans.
1198 5809 1216 5817 _
1255 5809 1266 5817 _
1301 5809 1314 5817 .
1595 5810 1606 5817 -
1628 5808 1640 5817 _
1801 5806 1814 5817 .

446 5808 558 5893 (95)
587 5813 742 5870 Multi
778 5829 840 5867 ex
872 5812 1020 5866 laicis
1077 5818 1126 5863 et
1189 5809 1338 5878 falsis
1400 5808 1688 5872 monachis,
1723 5808 1814 5876 qui
1859 5821 1956 5862 na-

2056 4607 2166 4653 tem
2191 4613 2303 4652 non
2327 4597 2665 4668 congregari,
2694 4597 3033 4667 compescuit
3051 4612 3148 4652 eos
3171 4597 3361 4653 dicens
3386 4615 3398 4652 :
3436 4598 3492 4652 Si
3517 4615 3628 4652 non

2049 4689 2266 4744 fueritis
2300 4688 2534 4760 paciﬁci,
2582 4705 2691 4742 non
2733 4688 3032 4743 concedam
3069 4689 3164 4743 ιιιιί
3214 4691 3361 4760 parti
3401 4706 3631 4762 congre-

2050 4779 2187 4850 gari.
2256 4779 2324 4832 Et
2379 4779 2668 4848 oportebat
2744 4779 2911 4833 etiam
2961 4788 3108 4834 tuam
3167 4780 3425 4850 pietatem
3495 4797 3634 4851 prm-

2051 4868 2237 4939 cipere
2306 4869 2397 4923 hic
2445 4869 2725 4939 episc0po,
2778 4885 2846 4923 ne
2912 4871 3279 4940 permitteret,
3341 4889 3520 4942 neque
3568 4872 3632 4925 il-

2050 4961 2155 5023 lis,
2222 4977 2402 5030 neque
2462 4961 2623 5015 nobis
2675 4961 3023 5030 congregari,
3091 4961 3268 5018 donec
3336 4965 3629 5020 convenia-

2053 5067 2194 5113 mus,
2251 5061 2311 5106 ut
2354 5053 2502 5122 justa
2557 5061 2647 5106 tua
2694 5053 2969 5107 sententia
3029 5055 3288 5110 omnibus
3352 5063 3482 5110 nota
3520 5055 3630 5110 ﬁat.

1766 5227 1812 5258 ⁸⁸
1836 5226 2076 5297 Philipp.
2109 5242 2168 5289 ιι,
2194 5227 2285 5281 21.

2050 5383 2249 5436 biscum
2275 5390 2449 5438 erant.
2477 5382 2568 5439 Sic
2611 5383 2782 5440 Mans.
2811 5384 2918 5441 Sed
2956 5387 3043 5441 vel
3073 5385 3322 5441 Garnerii
3356 5384 3519 5441 lectio
3548 5402 3637 5441 rc-

2056 5452 2280 5524 tinenda
2311 5462 2416 5516 est,
2447 5455 2561 5518 vel,
2613 5457 3023 5524 accommodate
3057 5456 3123 5509 ad
3166 5454 3520 5524 Synodicum,
3553 5457 3634 5510 le-

2052 5523 2292 5594 gendum
2327 5541 2340 5577 :
2372 5523 2527 5578 Multi
2562 5541 2592 5578 ε
2621 5525 2790 5590 laicis,
2833 5528 2924 5596 qui
2953 5526 3145 5580 nobisa.
3179 5523 3355 5590 erant,
3389 5532 3438 5576 et
3479 5525 3635 5594 falsis

2055 5609 2199 5647 mon.

2129 5663 2240 5734 (94)
2272 5664 2356 5718 Ad
2383 5681 2477 5738 nos
2504 5679 2613 5718 non
2651 5663 2896 5738 dubitem
2955 5661 3319 5732 substituere;
3376 5662 3526 5738 quod
3579 5671 3642 5718 et

2056 5733 2348 5804 contextus
2377 5735 2536 5789 docet
2573 5743 2628 5788 et
2660 5733 2992 5804 Synodieon.

2129 5803 2250 5875 (95),
2279 5803 2487 5859 Exsort.
2524 5805 2686 5874 factos
2704 5803 2885 5859 Mans.
