4072 6424
338 392 477 459 1477

1649 394 2015 455 EPlSTOLA
2053 394 2245 454 CLXX
2259 443 2271 453 .

3474 394 3610 460 1478

333 511 517 581 ἕτεροι
547 509 596 561 οἱ
636 509 701 561 ὲκ
725 507 998 578 διαφόρων
1038 506 1381 577 διοικήσεων,
1427 507 1568 560 ὥστε
1602 508 1701 577 τὴν
1735 509 1792 560 ὲν
1820 506 1920 560 Νι-

2023 516 2291 560 venerunt
2316 508 2330 570 ,'
2354 514 2415 559 ut
2437 505 2573 560 ﬁdes
2593 520 2623 559 a
2650 505 2825 561 beatis
2862 506 3119 562 Patribus
3140 506 3336 563 Nicaeae
3360 511 3611 579 exposita

336 604 473 674 καία
521 600 840 655 ἐκτεθεῖσαν
879 600 984 653 ὐπὸ
1026 598 1137 653 τῶν
1172 599 1460 671 μακαρίων
1495 600 1755 670 Πατέρων
1783 615 1923 669 κρα-

333 694 598 763 τυνθῆναι
630 692 836 747 πίστιν.
878 691 1044 746 Οὐδὲν
1070 690 1181 762 γὰρ
1219 691 1357 761 αὐτῇ
1393 690 1653 755 ἐλλείπει,
1685 690 1760 753 ὡς
1783 688 1924 743 οἶδεν

334 789 367 856 ἡ
409 784 477 856 σὴ
516 786 764 855 ἁγιότης,
817 783 898 847 είς
937 800 997 836 τε
1026 783 1378 837 διδασκαλίαν
1411 781 1519 835 τῶν
1551 782 1924 851 εὐαγγελικῶν

333 878 647 946 δογμάτων,
681 876 779 929 καὶ⁸
808 877 889 939 είς
920 874 1143 945 ἔλεγχον
1177 876 1359 944 πάσης
1393 874 1680 945 αἱρέσεως.

423 971 594 1041 Ὑπὲρ
617 969 824 1037 ταύτης
853 969 1249 1038 ἀγωνιζόμενοι
1294 968 1668 1038 διατελοῦμεν,
1705 970 1924 1023 πάντων

336 1063 479 1132 όμοῦ
511 1062 621 1116 τῶν
642 1063 783 1117 κατὰ
811 1064 902 1115 τὸν
934 1061 1048 1133 βίον
1087 1062 1560 1133 καταφρονοῦντες
1579 1061 1832 1133 τερπνῶν
1864 1079 1924 1115 τε

339 1157 438 1209 καὶ
482 1156 762 1227 λυπηρῶν,
823 1155 965 1209 ὥστε
1022 1155 1302 1221 ἀνέπαφον
1352 1153 1783 1224 διαφυλαχθῆναι
1835 1152 1925 1205 τὸν

339 1245 596 1316 πατρῷον
623 1246 813 1300 τοῦτον
836 1246 1060 1317 κλῆρον.
1090 1245 1293 1299 Τούτου
1326 1245 1486 1317 χάριν
1512 1244 1609 1298 καὶ
1635 1243 1923 1315 Κύριλλον,

339 1336 439 1388 καὶ
480 1337 741 1406 Μέμνονα
795 1335 910 1406 (τόν
968 1336 1068 1407 μὲν
1106 1334 1182 1399 ὼς
1220 1334 1604 1407 αἱρεσιάρχην,
1631 1335 1722 1388 τὸν
1760 1335 1817 1389 δὲ
1848 1334 1927 1399 ὡς

342 1427 609 1497 συνεργὸν
642 1427 1033 1497 γεγενημένον,
1082 1426 1178 1480 καὶ
1225 1428 1284 1479 ὲν
1329 1424 1536 1479 ἅπασιν
1586 1425 1735 1496 αὐτῷ
1788 1443 1925 1496 συμ-

344 1519 689 1589 μαχήσαντα,
739 1517 880 1570 ὥστε
917 1517 1281 1588 βεϐαιωθῆναι
1316 1519 1411 1571 καὶ
1440 1517 1805 1590 στηριχθῆναι
1856 1518 1923 1573 τὰ

340 1610 441 1662 ἐπὶ
476 1608 746 1681 διαφθορᾷ
778 1609 891 1682 (-12)
943 1610 1054 1663 τῶν
1101 1609 1440 1680 Ἑκκλησιῶν
1489 1611 1782 1666 ἐκτεθέντα
1832 1629 1925 1666 κε-

342 1701 574 1773 φάλαια)
596 1745 609 1764 ,
654 1701 977 1774 καθαιρέσει
1008 1702 1482 1773 ὐποϐεϐλήκαμενσ
1516 1704 1610 1757 καὶ
1636 1705 1762 1769 τούς
1788 1705 1923 1758 ὑπο-

338 1789 553 1860 γράψαι
583 1790 677 1843 καὶ
714 1790 1007 1844 συνθέσθαι
1053 1793 1167 1854 τοῖς
1198 1791 1464 1855 ἐναντίοις
1500 1792 1601 1862 τῆς
1636 1791 1924 1857 εὐσεϐείας

2030 597 2469 651 conﬁrmaretur.
2489 596 2634 651 Nihil
2664 597 2833 662 enim,
2864 609 2925 652 ut
2953 598 3218 653 sanctitas
3239 604 3329 653 tua
3350 601 3524 664 novit,
3554 602 3609 654 in

2029 686 2120 740 illa
2146 687 2511 751 desideratur,
2564 687 2714 756 quod
2754 687 2823 741 ad
2861 687 3301 743 conﬁrmandam
3329 692 3609 761 evangeli~

2027 794 2219 834 corum
2245 779 2561 850 dogmatum
2585 780 2915 847 doctrinam,
2934 789 2991 836 et
3010 780 3080 835 ad
3100 781 3354 851 quamvis
3375 782 3610 838 haeresin

2027 869 2419 925 confutandam
2443 869 2626 925 faciat.

2102 958 2317 1030 1349
2336 960 2568 1029 Propter
2602 961 2743 1015 hanc
2768 961 3024 1017 omnibus
3055 963 3195 1019 laetis
3224 964 3605 1034 tristibusque,

2025 1067 2149 1121 quae
2203 1052 2458 1106 humanm
2490 1053 2618 1107 vitae
2666 1053 2920 1108 accidere
2953 1064 3208 1124 possunt,
3251 1057 3412 1111 simul
3450 1066 3605 1127 post-

2026 1142 2250 1207 habitis,
2272 1143 2476 1214 jugiter
2504 1143 2560 1198 in
2592 1143 2711 1198 acie
2741 1159 3046 1210 versamur,
3072 1154 3133 1199 ut
3162 1147 3305 1202 hanc
3338 1157 3544 1204 sortem
3574 1156 3607 1203 ιι

2026 1233 2285 1289 Patribus
2336 1235 2592 1290 traditam
2655 1235 3146 1291 incontaminatam
3194 1254 3602 1295 conservemus.

2025 1324 2138 1381 Hac
2162 1318 2328 1381 etiam
2370 1327 2438 1382 de
2470 1343 2635 1383 causa
2672 1327 2937 1399 Cyrillum
2968 1340 3025 1383 et
3058 1330 3402 1385 Memnonem
3434 1332 3606 1401 depo-

2026 1417 2273 1482 suimus;
2334 1419 2491 1473 illum
2557 1419 2783 1489 quidem
2848 1431 3107 1491 tanquam
3160 1423 3605 1487 haeresiarcham,

2026 1506 2176 1560 hunc
2201 1522 2332 1562 vero
2362 1516 2619 1578 tanquam
2653 1509 2801 1564 illius
2830 1508 3105 1565 fautorem
3134 1519 3191 1565 et
3214 1512 3525 1582 adjutorem
3552 1514 3608 1568 in

2024 1599 2305 1664 omnibus,
2366 1598 2432 1653 ad
2481 1600 2860 1656 confirmanda
2908 1616 2972 1655 ac
3029 1601 3357 1656 stabilienda
3403 1604 3605 1673 capita,

2025 1704 2148 1759 qua:
2170 1690 2418 1760 exposita
2445 1698 2574 1746 sunt
2597 1692 2651 1745 in
2674 1691 3050 1746 Ecciesiarum
3067 1694 3368 1762 perniciem
3391 1713 3404 1759 ;
3439 1706 3605 1749 (δεξιον

2027 1795 2120 1836 ros
2148 1798 2301 1847 vero,
2338 1783 2434 1853 qui
2472 1783 2821 1854 dogmatibus
2861 1784 2971 1839 illis
3013 1785 3206 1855 pietati
3241 1787 3609 1844 dissentaneis

338 1878 576 1950 δόγμασι
614 1878 1038 1949 τετολμηκότας.
1091 1878 1488 1948 άκοινωνήτους
1521 1861 1918 1950 πεποιήκαμεν,

2025 1872 2377 1928 subscribere
2402 1881 2457 1928 et
2473 1874 2760 1945 astipulari
2778 1883 2908 1929 sunt
2929 1877 3072 1941 ausi,
3102 1878 3368 1948 tantisper
3384 1894 3607 1934 excom-

338 1971 447 2034 ἓως
491 1969 559 2025 ἂν
584 1958 765 2024 ἐκεῖνα
808 1970 908 2040 μὲν
937 1969 1430 2040 ἀναθεματίσωσιν,
1482 1970 1563 2033 εἰς
1600 1969 1657 2023 δὲ
1707 1969 1803 2041 τὴν
1834 1970 1925 2024 πί-

341 2080 463 2118 στιν
495 2064 605 2117 τῶν
642 2065 700 2117 ἐν
729 2064 936 2135 Νικαία
965 2063 1327 2117 συνελθόντων
1354 2062 1743 2117 ἐπανέλθωσιν.

424 2238 566 2292 Ἀλλ’
607 2239 762 2292 οὐδὲν
795 2240 995 2304 αὐτοὺς
1023 2238 1233 2311 ὤνησεν
1282 2243 1316 2312 ἡ
1361 2241 1605 2312 ἡμετέρα
1653 2241 1928 2312 μακροθυ-

343 2330 465 2400 μία.
506 2330 684 2403 Μέχρι
718 2331 827 2402 γὰρ
856 2332 956 2401 τῆς
1005 2332 1249 2403 σήμερον
1279 2332 1493 2404 ἡμέρας
1518 2334 1627 2387 τῶν
1662 2334 1926 2406 διεφθαρ-

345 2423 522 2494 μένων
547 2423 771 2477 ἐκείνων
804 2424 1215 2495 ὐπερμάχονται
1233 2423 1543 2495 δογμάτων·
1569 2426 1925 2498 περιέπειραν

338 2512 397 2566 δὲ
432 2515 661 2576 ἑαυτοὺς
692 2514 785 2567 καὶ
816 2515 893 2586 τῷ
925 2516 1019 2569 τοῦ
1043 2515 1267 2577 κανόνος
1296 2515 1560 2587 ὅρῳ.,⁶’()ς
1614 2516 1804 2587 σαφῶς
1836 2518 1919 2570 δι-

338 2606 617 2676 αγορεύει·
641 2605 716 2660 El
733 2622 825 2670 τις
858 2607 1231 2675 καθαιρεθείς
1257 2606 1598 2672 ἐπίσκοπος
1624 2608 1745 2661 ὑπὸ
1777 2624 1926 2661 συν-

338 2697 505 2759 όδου,
543 2698 582 2766 ἢ
621 2698 1026 2768 πρεσϐύτερος
1063 2700 1100 2768 ἢ
1140 2697 1423 2765 διάκονος
1453 2698 1576 2753 ὑπὸ
1623 2699 1730 2754 τοῦ
1766 2698 1924 2755 ἰδίου

336 2787 698 2852 ἐπισκόπου,
751 2790 944 2856 ἐαυτῷ
972 2790 1306 2859 ἐπιτρέψειε
1354 2788 1471 2858 τὴν
1516 2792 1918 2860 λειτουργίαν,

339 2880 437 2934 καὶ
469 2880 558 2950 μὴ
608 2881 947 2952 ἁναμείνειε
978 2882 1251 2937 συνόδου
1290 2882 1515 2950 κρίσιν,
1561 2882 1775 2951 μηκέτι
1807 2880 1923 2952 χὼ-

330 2991 454 3044 ραν
518 2975 710 3030 αὐτὸν
761 2976 933 3045 ἔχειν
987 2976 1341 3047 ἀπολογίας,
1378 2975 1537 3046 μηδὲ
1589 2978 1684 3046 ἐφ’
1719 2977 1926 3045 ἑτέρας

338 3065 612 3121 συνόδου
636 3083 650 3096 ·
691 3065 852 3121 ἀλλὰ
889 3065 987 3118 καὶ
1046 3065 1192 3132 τοὺς
1237 3066 1680 3134 κοινωνοῦντας
1725 3066 1886 3126 αὐτῶ
1908 3105 1922 3129 .

337 3153 651 3220 παντελῶς
669 3153 1015 3219 ἐξωθεῖσθαι
1042 3153 1157 3224 τῆς
1206 3156 1591 3223 Ἐκκλησίας.

409 3245 599 3316 Τούτῳ
620 3245 698 3316 τῷ
724 3247 838 3316 ὅρῳ
864 3244 1360 3317 περιππτὼκασιν
1383 3247 1439 3299 οἶ
1468 3264 1529 3298 τε
1560 3244 1921 3315 καθαιρεθένο

339 3356 453 3402 τες,
480 3338 534 3390 οἵ
558 3353 618 3389 τε
640 3335 998 3407 ἁκοινὼνητοι
1031 3336 1409 3406 γεγενημένοι.
1443 3336 1618 3399 Εὐθὺς
1643 3336 1754 3405 γὰρ
1781 3334 1922 3406 μετὰ

338 3430 399 3484 τὸ
423 3428 630 3499 γνῶναι
658 3427 756 3499 τὴν
792 3428 1095 3500 γενομένην
1128 3429 1451 3500 καθαίρεσιν
1494 3430 1589 3483 καὶ
1617 3430 1920 3501 ἀκοινωνη-

342 3522 487 3585 σίαν,
513 3523 607 3576 καὶ
638 3520 1186 3593 συνελειτούργησαν,
1220 3520 1317 3574 καὶ
1338 3521 1644 3576 διατελοῦσι
1680 3521 1921 3593 λειτουρ-

338 3612 584 3681 γοῦντες,
610 3611 687 3676 ὼς
706 3611 1064 3675 ἀπιστοῦντες
1087 3610 1329 3682 δηλονότι
1358 3611 1436 3681 τῷ
1469 3612 1728 3665 εἰπόντιί
1764 3613 1828 3666 Ὀ
1856 3611 1920 3682 δὴ

304 3768 307 3771 η
337 3704 406 3759 ἂν
449 3705 655 3776 δήσητε
690 3705 786 3758 ἐπὶ
822 3704 919 3774 τῆς
967 3704 1092 3774 γῆς,
1117 3704 1270 3757 ἔσται
1298 3703 1583 3775 δεδεμένον
1611 3706 1666 3757 ὲν
1692 3706 1804 3768 τοῖς
1832 3704 1923 3757 ού-

340 3811 540 3865 ρανοις.
570 3813 589 3845 ι

407 3970 594 4025 Ταῦτα
626 3969 1065 4040 ἐϐουλευσάμεθα
1102 3970 1201 4042 μὲν
1226 3970 1391 4035 εὐθὺς
1427 3975 1493 4042 τῇ
1528 3975 1596 4044 σῇ
1639 3972 1918 4047 ἁγιωσύνῃ

337 4060 625 4134 γνωρίσαι,
662 4061 1138 4131 προσδοκήσαντες
1185 4062 1243 4116 δὲ
1278 4062 1500 4117 ἔσεσθαί
1542 4081 1664 4118 τινα
1694 4065 1800 4119 τῶν
1829 4066 1922 4119 λυ-

339 4154 533 4225 πηρῶν
571 4153 874 4225 μεταϐολὴν
905 4154 1071 4226 μέχρι
1098 4155 1194 4210 τοῦ
1224 4157 1491 4226 παρόντος
1527 4157 1917 4229 ἀνεμείναμεν.

349 4246 487 4299 Ἀλλ’
533 4244 880 4316 ἐψεύσθημεν
919 4248 1021 4316 τῆς
1070 4246 1307 4312 ἐλπίδος.
1342 4248 1603 4317 Ἔμειναν
1656 4249 1764 4318 γὰρ
1810 4252 1912 4321 τῆς

337 4335 632 4400 δυσσεϐοῦς
658 4336 863 4406 ταύτης
893 4336 1156 4407 αἱρέσεως
1189 4338 1658 4410 ὑπερμαχοῦντες,
1694 4339 1787 4393 καὶ
1816 4357 1921 4412 μη-

335 4424 395 4479 δὲ
421 4425 516 4479 τοῦ
543 4425 939 4481 εὐσεϐεστάτου
980 4425 1249 4495 βασιλέως
1275 4430 1375 4494 τὰς
1396 4430 1706 4500 συμϐουλὰς
1737 4432 1919 4485 αἰδού-

2026 1963 2386 2018 municationi
2426 1965 2785 2035 subiecimus,
2834 1968 2967 2022 dum
3006 1983 3070 2023 ea
3103 1969 3607 2025 anathematizave-

2026 2053 2157 2119 rint,
2199 2064 2255 2110 et
2274 2055 2342 2109 ad
2364 2065 2682 2111 sanctorum
2709 2058 2932 2113 Patrum
2953 2059 3300 2116 Nicaenorum
3336 2061 3496 2118 fidem
3523 2078 3609 2131 re-

2026 2146 2252 2202 dierint.
3576 2202 3591 2209 -

2100 2238 2303 2294 Verum
2354 2249 2541 2294 nostra
2598 2239 2797 2295 lenitas
2845 2242 2955 2297 illis
3006 2242 3145 2297 nihil
3198 2245 3426 2314 profuit.
3470 2247 3608 2302 Nam

2027 2347 2203 2401 usque
2232 2331 2399 2387 hodie
2450 2348 2553 2402 pro
2583 2334 2867 2403 perversis
2900 2334 3010 2390 illis
3035 2336 3385 2407 dogmatibus
3412 2339 3609 2394 decer-

2028 2428 2165 2483 tant,
2206 2430 2263 2477 et
2291 2424 2440 2477 ultro
2473 2423 2527 2476 in
2556 2425 2786 2479 canonis
2827 2426 3190 2491 sanctionem,
3221 2430 3423 2484 vulnus
3448 2446 3609 2485 acce-

2025 2513 2197 2582 pturi,
2228 2513 2602 2598 impegerunt.
2643 2514 2822 2570 Habet
2850 2516 2897 2571 is
2923 2516 3066 2573 hanc
3098 2521 3445 2589 perspicuam
3478 2537 3608 2577 sen-

2025 2603 2252 2659 tentiam
2288 2621 2304 2657 :
2338 2603 2399 2659 Si
2432 2606 2554 2676 quis
2599 2607 2867 2678 episc0pus
2897 2626 2929 2662 a
2958 2611 3179 2681 synodo,
3212 2620 3308 2665 aut
3336 2614 3609 2685 presbyter

2023 2694 2104 2747 vel
2119 2695 2374 2750 diaconus
2415 2696 2480 2750 ab
2523 2699 2762 2768 episcopo
2797 2716 2893 2754 suo
2942 2701 3231 2771 depositus,
3277 2720 3383 2757 non
3421 2720 3606 2775 exspe-

2025 2792 2164 2840 ctato
2188 2787 2375 2857 synodi
2395 2786 2602 2857 judicio
2625 2828 2639 2853 ,
2683 2791 2852 2844 sacris
2882 2793 3187 2846 ministeriis
3226 2809 3282 2847 se
3310 2794 3605 2864 ingesserit,

2026 2878 2205 2933 nullus
2232 2896 2287 2934 se
2315 2882 2646 2952 expurgandi
2677 2882 2839 2949 locus,
2865 2899 2929 2938 ne
2948 2885 3004 2938 in
3029 2884 3139 2939 alia
3157 2886 3365 2956 quidem
3385 2888 3606 2958 synodo,

2026 2972 2146 3024 huic
2183 2970 2398 3026 relictus
2430 2976 2445 2994 '
2472 2981 2603 3027 esto.
2651 2971 2754 3029 Sed
2804 2976 2901 3030 etsi
2942 2976 3032 3047 qui
3073 2984 3219 3042 sunt,
3262 2979 3352 3049 qui
3390 2995 3510 3032 eum
3547 2996 3608 3032 eo

2027 3065 2567 3132 communieaverint,
2610 3067 2678 3121 alii
2736 3068 2942 3139 penitus
2998 3068 3064 3123 ab
3121 3068 3360 3126 Ecclesia
3426 3070 3615 3143 expel-

2031 3152 2237 3209 lantur.

2099 3246 2158 3300 In
2182 3246 2323 3301 hanc
2338 3247 2678 3302 sanctionem
2702 3247 3021 3303 inciderunt
3038 3257 3147 3304 tam
3163 3250 3243 3315 hi,
3263 3252 3356 3321 qui
3381 3265 3609 3307 excom-

2022 3335 2431 3401 municationis,
2446 3352 2610 3405 quam
2632 3336 2731 3401 illi,
2754 3337 2849 3406 qui
2869 3338 3234 3408 depositionis
3276 3341 3606 3396 sententiam

2022 3424 2080 3478 in
2108 3440 2166 3479 se
2191 3433 2550 3496 exceperunt.
2580 3425 2717 3481 Nam
2749 3442 2877 3482 cum
2901 3428 3146 3498 primum
3175 3444 3235 3485 se
3261 3445 3291 3485 a
3319 3431 3482 3486 nobis
3506 3432 3607 3487 de-

2021 3516 2231 3586 positos
2259 3526 2425 3588 atque
2472 3519 2980 3575 excommunicatos
3013 3519 3379 3587 resciverunt,
3419 3523 3606 3577 statim

2023 3625 2132 3664 una
2158 3610 2332 3666 sacris
2359 3611 2574 3681 operati
2595 3621 2746 3676 sunt,
2786 3619 2843 3666 et
2877 3612 3061 3668 adhuc
3087 3627 3244 3667 sacra
3270 3612 3454 3669 facere
3482 3630 3609 3683 per-

2022 3709 2310 3768 severant;
2336 3709 2595 3773 tanquam
2620 3705 2670 3759 ei
2690 3705 2853 3759 fidem
2877 3720 2986 3758 non
3012 3704 3299 3770 habentes,
3318 3704 3412 3774 qui
3431 3704 3604 3761 dixit:

2031 3811 2049 3843 ι
2077 3790 2460 3862 Quodcunque
2489 3793 2793 3865 ligaveritis
2822 3795 3036 3867 1350
3056 3811 3224 3867 super
3248 3807 3475 3863 terram,
3498 3797 3608 3852 erit

2021 3884 2247 3955 ligatum
2278 3893 2334 3939 et
2362 3885 2418 3940 in
2448 3886 2605 3942 caelis
2629 3885 2773 3942 3"".
2810 3907 2829 3939 ι

2093 3976 2222 4033 Haec
2246 3978 2305 4032 in
2331 3978 2452 4048 ipso
2487 3994 2616 4034 mox
2644 3979 2874 4035 exordio
2909 3979 3185 4034 sanctitati
3221 3990 3327 4036 tua:
3357 3981 3606 4037 indicare

2021 4070 2415 4142 cogitavimus;
2439 4086 2633 4126 verum
2662 4070 2989 4126 mutationis
3020 4071 3277 4143 alicujus,
3301 4080 3355 4129 et
3384 4089 3416 4127 a
3445 4074 3606 4130 malis

2021 4163 2175 4219 hisce
2189 4163 2518 4220 emersionis
2537 4178 2634 4232 spe
2652 4162 2826 4227 ducti,
2851 4162 3119 4219 hactenus
3142 4165 3601 4233 exspectavimus.

2019 4255 2091 4311 At
2134 4271 2200 4311 ea
2230 4270 2332 4311 nos
2369 4271 2496 4326 spes
2534 4255 2745 4310 fefellit.
2790 4255 2930 4311 Nam
2964 4271 3148 4327 neque
3190 4257 3414 4327 impiam
3460 4259 3604 4314 hanc

2020 4347 2253 4404 heresin
2269 4362 2621 4419 propugnare
2647 4348 2999 4414 destiterunt,
3024 4364 3205 4419 neque
3239 4349 3473 4419 piissimi
3500 4351 3604 4406 im-

2018 4437 2296 4509 peratoris
2325 4437 2554 4493 consilia
2586 4445 2929 4493 reverentur.
2965 4438 3187 4494 Etenim
3209 4439 3463 4508 quintum
3487 4441 3604 4511 jam

341 4532 512 4587 μενοι.
559 4515 830 4579 Πεντάκις
864 4515 973 4584 γὰρ
1008 4516 1108 4588 ἤδη
1139 4519 1235 4571 καὶ
1264 4522 1452 4584 αὐτοῖς
1494 4522 1588 4574 καὶ
1623 4523 1756 4593 ἡμῖν
1793 4540 1918 4576 συν-

2023 4545 2129 4586 nos
2155 4538 2215 4585 et
2245 4531 2396 4600 ipsos
2429 4529 2650 4595 aﬂ‘atus,
2692 4530 2802 4584 illis
2829 4530 3052 4600 quidem
3091 4530 3394 4595 mandavit,
3427 4540 3489 4585 ut
3513 4534 3603 4589 vel

337 4606 674 4678 τετυχηκὼς,
734 4605 1069 4677 προσέταξεν
1122 4611 1338 4673 αὐτοῖς,
1388 4611 1420 4681 ἢ
1472 4612 1548 4676 ὡς
1586 4614 1811 4668 ἐναντία
1848 4618 1915 4687 τῇ

2023 4620 2201 4689 capita
2224 4620 2411 4692 Cyrilli
2438 4629 2697 4690 tanquam
2719 4635 2843 4674 cum
2870 4620 2976 4674 fide
2999 4621 3296 4690 pugnantia
3325 4622 3599 4693 rejiciant,

339 4698 519 4752 πίστει
556 4700 842 4755 ἐκϐάλλειν
882 4700 951 4753 τὰ
980 4702 1250 4773 Κυρίλλου
1276 4704 1569 4771 κεφάλαια,
1597 4704 1629 4776 ἢ
1657 4705 1748 4759 τὸν
1778 4707 1918 4778 ὑπὲρ

334 4790 541 4846 τούτων
579 4791 938 4859 ἀναδέξασθαι
973 4793 1180 4863 ἀγῶνα,
1210 4797 1304 4848 καὶ
1331 4796 1499 4863 δεῖξαι
1519 4797 1595 4862 ὡς
1631 4799 1921 4869 συμϐαίνει

335 4887 403 4957 τῇ
437 4885 545 4939 τῶν
584 4886 869 4956 μακαρίων
896 4887 1158 4957 Πατέρων
1195 4888 1477 4959 ὁμολογίᾳ.
1519 4889 1784 4959 Ἐτοίμως
1811 4891 1920 4961 γὰρ

336 4975 532 5045 ἔχομεν
562 4973 674 5047 (l5)
706 4975 866 5044 ἡμεῖς
894 4976 1022 5037 τοὺς
1056 4975 1334 5044 ἐλέγχους,
1362 4977 1430 5029 δι’
1451 4972 1528 5030 ὧν
1555 4977 1920 5048 ἀπεδείξαμεν

340 5065 425 5128 ἂν,
476 5064 553 5128 ὡς
595 5064 855 5135 ἄντικρυς
895 5064 995 5134 μὲν
1043 5064 1278 5135 μάχεται
1303 5069 1421 5129 τοῖς
1465 5070 1565 5137 τῆς
1609 5068 1920 5137 όρθοδοξίας

340 5156 701 5221 διδασκάλοις,
748 5157 1091 5228 συμφέρεται
1122 5157 1180 5211 δὲ
1206 5156 1328 5211 λίαν
1363 5160 1428 5229 τῇ
1478 5158 1589 5211 τῶν
1626 5160 1919 5229 αίρετικῶν

334 5244 678 5319 διδασκαλίᾳ.

407 5338 659 5392 Διδάσκει
687 5338 798 5411 γὰρ
822 5340 910 5394 διὰ
939 5340 1146 5395 τούτων
1184 5341 1365 5395 αὐτῶν
1386 5344 1415 5395 ὀ
1436 5342 1507 5397 τά
1537 5358 1672 5414 πονη
1684 5344 1750 5415 ρὰ
1775 5342 1913 5398 ταῦ-

329 5446 403 5481 τα
430 5430 620 5495 κτίσας
665 5433 1001 5503 γεννήματα,
1043 5435 1119 5499 ὡς
1157 5437 1192 5502 ἡ
1231 5434 1422 5506 θεότης
1468 5435 1564 5490 τοῦ
1597 5435 1918 5505 μονογενοῦς

346 5522 467 5576 ι’ἱοῦ
495 5524 630 5578 Θεοῦ
652 5523 842 5591 ἔπαθε,
870 5529 965 5580 καὶ
995 5529 1091 5597 οὐχ
1123 5530 1155 5599 ή
1187 5528 1541 5605 ἀνθρωπότης
1569 5530 1635 5599 ἢν
1661 5529 1801 5601 ὑπὲρ
1818 5530 1916 5600 τῆς

400 5674 516 5708 ⁸⁸⁸⁸³
547 5677 736 5733 Matth.
777 5695 924 5748 xvm,
964 5680 1051 5737 l8.

413 5789 520 5861 (12)
550 5790 778 5864 διαφορᾷ
801 5792 870 5847 M.
905 5794 959 5850 in
990 5810 1160 5867 marg.

2016 4714 2105 4769 vel
2135 4723 2291 4770 certe
2311 4723 2567 4784 suscepto
2586 4713 2641 4768 in
2660 4729 2853 4769 eorum
2876 4713 3252 4769 defensionem
3276 4715 3602 4783 certamine,

2018 4813 2334 4860 sanctorum
2356 4803 2579 4859 Patrum
2601 4802 2935 4859 confessioni
2961 4811 3331 4860 consentanea
3360 4819 3480 4861 esse
3504 4822 3603 4876 pa-

2016 4895 2127 4949 lam
2150 4896 2372 4951 faciant.
2406 4894 2467 4950 In
2489 4905 2749 4967 promptu
2778 4895 2928 4951 enim
2957 4902 3280 4967 argumenta
3314 4896 3601 4962 habemus,

2018 5002 2121 5056 per
2167 5002 2294 5057 qua:
2327 4987 2610 5042 ostensuri
2643 5002 2886 5051 eramus,
2921 4986 3069 5055 quod
3100 4987 3421 5043 orthodoxa:
3475 4988 3603 5061 fidei

2018 5076 2346 5132 doctoribus
2402 5077 2694 5131 manifeste
2743 5076 3129 5143 adversantur,
3187 5078 3605 5151 plurimumque

2018 5168 2409 5225 haereticorum
2436 5168 2705 5225 doctrinae
2730 5167 3108 5224 consentiunt.

2085 5346 2383 5401 Enimvero
2422 5346 2588 5402 homo
2628 5361 3013 5416 perversorum
3052 5351 3365 5419 germinum
3410 5360 3607 5408 auctor

2023 5453 2123 5509 per
2167 5438 2285 5493 haec
2348 5438 2465 5508 ipsa
2511 5439 2706 5503 docet,
2753 5438 3097 5495 divinitatem
3158 5442 3428 5514 unigeniti
3475 5443 3602 5499 Filii

2024 5529 2120 5586 Dei
2164 5545 2381 5600 passam
2416 5545 2558 5595 esse,
2597 5546 2708 5585 non
2750 5542 2933 5586 autem
2967 5531 3388 5602 humanitatem,
3436 5550 3603 5606 quam

1988 5822 1995 5829 η
2094 5799 2205 5873 (15)
2237 5800 2455 5873 εἴχομεν
2483 5800 2552 5857 Μ.
2587 5802 2642 5857 in
2671 5801 2934 5874 margine.
