4072 6428
459 343 592 409 1479

1447 342 1934 404 THEODORETI
1973 343 2312 403 EPISCOPl
2352 306 2717 407 CYRENSIS

3580 345 3716 410 1480

455 476 560 530 pro
592 460 769 516 salute
810 472 999 516 nostra
1039 457 1301 528 suscepit,
1355 473 1480 512 cum
1516 457 1779 514 divinitas
1821 459 2028 514 inhabi-

2146 463 2421 534 ἡμετέρας
2451 462 2711 534 ἀνείληφε
2741 459 3034 530 σωτηρίας,
3070 460 3170 529 τῆς
3195 459 3505 530 ὲνοικούσης
3531 460 3714 530 δηλον-

455 562 578 607 tans
616 553 900 623 passiones
939 550 1187 621 corporis
1209 590 1224 613 ,
1259 549 1414 620 quasi
1457 551 1701 620 proprii,
1739 551 1843 606 sibi
1877 553 2032 606 attri-

453 642 661 708 buerit,
691 652 747 698 et
781 652 960 698 tamen
993 642 1045 696 in
1078 641 1298 710 propria
1331 650 1528 695 natura
1556 642 1696 696 nihil
1728 643 1845 712 ipsa
1877 654 2031 712 pate-

453 743 627 788 retur.
666 733 827 788 Addit
855 743 1118 802 praeterea
1158 747 1226 786 ex
1258 732 1549 787 divinitate
1583 742 1641 787 et
1690 734 2032 791 humanitate

454 839 618 878 unam
658 825 856 879 factam
882 840 1001 879 esse
1031 832 1282 878 naturam
1312 841 1324 875 :
1351 824 1624 893 siquidem
1655 825 1788 880 illud
1819 844 1832 879 :
1865 846 1882 876 ι
1901 828 2034 882 Ver-

454 915 584 969 bum
615 931 744 968 caro
765 917 967 969 factum
989 924 1076 970 est
1104 918 1172 979 9°,
1211 935 1228 966 ι
1265 915 1339 970 ita
1366 917 1611 985 exponit,
1643 918 1799 986 quasi
1825 918 2031 972 divinis

453 1013 537 1058 tas
591 1005 1007 1059 conversionem
1069 1005 1310 1074 aliquam
1359 1021 1540 1074 passa,
1605 1015 1662 1061 et
1709 1007 1766 1060 in
1811 1023 2033 1062 carnem

454 1105 817 1150 transmutata
841 1095 929 1149 sit.
956 1095 1038 1149 Ad
1063 1096 1180 1149 haec
1202 1111 1298 1149 eos
1318 1105 1656 1163 exsecratur,
1684 1098 1778 1166 qui
1801 1113 2035 1168 cvange-

453 1187 589 1241 licas
625 1187 1066 1256 apostolicasque
1096 1201 1263 1239 voces
1313 1186 1379 1240 de
1425 1187 1648 1241 Christo
1672 1189 1906 1242 Domino
1945 1189 2032 1242 di-

455 1280 764 1349 stinguunt,
792 1287 852 1332 ut
885 1278 1119 1331 humiles
1148 1279 1371 1346 quidem
1397 1280 1463 1333 ad
1493 1280 1912 1345 humanitatem,
1945 1281 2032 1335 di-

455 1372 612 1424 vinas
649 1386 779 1424 vero
823 1369 889 1424 ad
921 1369 1126 1424 Christi
1170 1370 1515 1425 divinitatem
1559 1371 1800 1428 referant
1835 1391 1847 1427 :
1885 1374 2032 1443 quod

461 1461 666 1531 1351
699 1461 885 1515 Ariani
911 1471 967 1515 et
991 1461 1319 1515 Eunomiani
1346 1464 1669 1528 sentientes,
1689 1465 2034 1536 humilesque

453 1553 886 1623 dispensationis
955 1569 1120 1608 voces
1167 1554 1234 1608 ad
1303 1555 1646 1610 divinitatem
1709 1557 2030 1622 referentes,

453 1646 625 1700 Deum
659 1646 900 1700 Verbum
929 1654 1238 1700 creaturam
1269 1656 1324 1702 et
1363 1648 1654 1714 facturam,
1694 1650 2034 1721 alteriusque

2133 555 2215 606 ότι
2259 555 2508 624 Θεότητος
2556 552 2938 623 οἰκειουμένης
3004 552 3104 623 μὲν
3147 551 3214 605 τὰ
3262 552 3408 622 πάθη
3457 551 3534 615 ὡς
3584 551 3711 605 ιδίον

2137 645 2408 714 σώματος,
2445 645 2598 699 οὐδὲν
2640 645 2697 698 δὲ
2745 643 3060 713 πασχούσης
3092 644 3171 705 είς
3215 642 3313 712 τὴν
3348 643 3484 696 ἰδίαν
3530 660 3710 712 φυσιν.

2135 733 2278 804 Πρὸς
2326 734 2382 786 δὲ
2421 734 2650 798 τούτοις,
2696 735 2777 786 ὅτι
2825 734 2924 803 μία
2949 731 3109 799 φύσις
3138 731 3330 800 γέγονε
3375 731 3626 801 θεότητός
3653 750 3712 785 τε

2135 827 2230 880 xui
2259 827 2700 897 άνθρωπότητος*
2730 823 2873 878 οὕτω
2901 825 3030 894 γὰρ,
3063 844 3080 874 ε
3127 825 3184 876 'O
3218 823 3390 892 Λόγος
3417 823 3553 894 σὰρξ
3586 825 3709 892 ἐγέ-

2135 937 2278 984 νετο,
2322 939 2340 971 ι
2393 920 2751 991 ἐρμήνευσεν,
2807 917 2882 982 ὡς
2916 919 3017 986 τῆς
3061 916 3314 989 Θεότητος
3351 919 3560 988 τροπήν
3591 935 3713 971 τινα

2137 1011 2534 1082 ὑπομεινάσης,
2580 1011 2673 1063 xui
2719 1011 2798 1072 είς
2852 1009 3033 1078 σάρκα
3079 1005 3530 1078 μεταϐληθείσης.
3568 1008 3711 1079 lips;

2133 1105 2365 1169 τούτοις,
2393 1099 2784 1173 ἁναθεματίζει
2813 1100 2939 1163 τοὺς
2968 1099 3313 1170 διαιροῦντας
3348 1098 3447 1162 τὰς
3481 1099 3706 1167 εὐαγγε-

2135 1195 2291 1258 me;
2336 1196 2428 1248 xui
2468 1193 2832 1256 άποστολικὰς
2879 1193 3007 1262 περὶ
3048 1191 3141 1245 τοῦ
3173 1190 3444 1244 Δεσπότου
3472 1189 3710 1260 Χριστοῦ

2135 1288 2343 1356 φωνὰς,
2371 1288 2465 1341 xui
2499 1287 2598 1349 τὰς
2635 1287 2732 1356 μὲν
2765 1285 3026 1348 ταπεινὰς
3059 1287 3200 1338 κατὰ
3230 1283 3326 1353 τὴν
3353 1282 3709 1353 ἀνθρωπότη-

2133 1397 2221 1444 τα,
2267 1379 2366 1444 τὰς
2413 1381 2468 1433 δὲ
2521 1374 2845 1450 Θεοπρεπεῖς
2876 1378 3018 1432 κατὰ
3052 1377 3150 1446 τὴν
3179 1375 3408 1445 Θεότητα
3438 1368 3531 1427 τοῦ
3579 1375 3714 1446 Χρι-

2137 1468 2260 1522 στοῦ
2293 1469 2751 1539 ἐκλαμϐάνοντας·
2793 1469 2927 1538 ὅπερ
2954 1467 3275 1538 φρονοῦντες
3315 1465 3583 1535 ’Λρειανοὶ
3617 1463 3712 1518 xui

2134 1563 2476 1631 Εύνομιανοὶ,
2517 1561 2612 1615 xui
2649 1561 2744 1624 τὰς
2772 1564 2868 1628 μὲν
2899 1561 3154 1619 ταπεινὰς
3192 1557 3322 1628 περὶ
3361 1548 3460 1626 τῆς
3502 1555 3710 1609 οἰκονο-

2138 1653 2267 1723 μίας
2294 1653 2476 1721 φωνὰς
2500 1654 2580 1715 εἰς
2604 1653 2701 1723 τὴν
2720 1652 2950 1721 θεότητα
2976 1649 3360 1719 ἀναφέροντες,
3384 1648 3477 1700 xui.
3507 1648 3714 1716 κτίσμα

454 1737 798 1802 substantize,
833 1748 890 1793 et
925 1739 1072 1793 Patri
1109 1739 1434 1808 inaequalem
1464 1755 1585 1795 esse
1615 1741 1886 1798 afﬁrmare
1922 1760 2028 1800 non

2135 1745 2230 1796 xui
2257 1744 2469 1814 ποίημα
2490 1742 2578 1796 τὸν
2613 1742 2743 1796 Θεὸν
2770 1741 2964 1810 Λόγον,
3010 1741 3103 1794 xui.
3140 1738 3475 1810 ἑτεροούσιον
3501 1738 3594 1792 καὶ
3618 1740 3711 1791 ἄν·

453 1828 813 1882 dubitarunt.

528 1920 544 1937 ‘
571 1917 703 1983 Quae
722 1933 853 1972 vero
884 1918 1223 1989 blasphemia
1247 1935 1312 1974 ex
1343 1920 1493 1976 hisce
1520 1921 1810 1992 principiis
1834 1939 2031 1980 conse-

452 2017 678 2078 quatur,
710 2010 890 2079 quivis
929 2010 1089 2066 facile
1120 2011 1395 2081 intelligit.
1438 2013 1574 2066 Nam
1618 2023 1674 2068 et
1707 2023 2030 2071 naturarum

377 2123 382 2126 ·
454 2100 737 2154 inducitur
757 2101 1031 2164 confusio,
1058 2109 1116 2156 et
1141 2103 1254 2156 Deo
1283 2102 1463 2157 Verbo
1493 2102 1818 2158 attribuitur
1849 2103 1983 2158 illud
2014 2121 2028 2157 :

461 2209 478 2240 α
529 2177 891 2253 Βεηείηοιιε,
946 2192 1092 2246 Deus
1165 2206 1360 2254 meus,
1438 2191 1634 2260 utquid
1689 2191 2032 2262 dcreliquisti

453 2296 541 2335 me
563 2281 647 2334 "1?
681 2302 695 2329 ι
726 2289 782 2335 ct
811 2281 945 2334 illud
972 2299 985 2333 :
1024 2299 1042 2331 ‹
1075 2281 1237 2334 Pater
1261 2280 1354 2344 mi,
1374 2281 1419 2335 si
1442 2281 1705 2350 possibile
1723 2293 1828 2346 est,
1855 2292 2032 2338 trans-

451 2381 541 2428 eat
569 2389 599 2428 a
635 2388 721 2427 me
746 2373 885 2426 calix
924 2373 1027 2428 istc
1060 2375 1138 2439 ﬂ;
1179 2393 1196 2424 ι
1242 2389 1458 2428 rursum
1500 2372 1707 2439 fames,
1740 2375 1890 2440 sitis,
1929 2392 2031 2430 an—

452 2465 627 2534 gelica
671 2463 1038 2529 confortatio;
1094 2471 1150 2518 et
1185 2463 1318 2517 illud
1365 2480 1378 2516 :
1433 2483 1451 2513 ‹
1494 2463 1654 2518 Nunc
1691 2464 1873 2519 anima
1910 2482 2032 2522 mea

454 2555 669 2608 turbata
719 2561 803 2608 est
849 2554 927 2619 9';
960 2572 979 2605 ι
1029 2560 1085 2608 et
1128 2553 1332 2608 iterum
1379 2571 1391 2607 :
1434 2573 1451 2604 ‹
1490 2554 1688 2609 Tristis
1727 2563 1812 2610 est
1850 2556 2028 2611 anima

451 2660 573 2699 mea
609 2659 782 2713 usque
810 2643 879 2696 ad
906 2650 1141 2696 mortem
1177 2642 1258 2708 Μ;
1293 2662 1311 2693 ι
1350 2651 1407 2696 et
1440 2659 1784 2713 quaecunque
1813 2645 1940 2698 talia
1972 2647 2030 2700 in

452 2735 668 2790 Domini
703 2735 878 2788 nostri
919 2734 1317 2789 humanitatem
1358 2734 1697 2790 ceciderunt.
1741 2735 1871 2801 Quae
1901 2752 2030 2805 pcr-

452 2826 641 2895 spicue
686 2840 812 2879 cum
844 2824 960 2878 Arii
1001 2834 1056 2880 et
1097 2824 1355 2879 Eunomii
1401 2825 1681 2894 impietate
1725 2840 2030 2896 congruere

451 2919 610 2974 facile
639 2919 768 2987 quis
786 2917 1008 2972 viderit.
1034 2918 1117 2971 llli
1141 2917 1287 2971 enim
1319 2933 1444 2971 cum
1470 2917 1846 2984 heterousion,
1865 2927 2029 2973 natu-

452 3026 750 3079 rarumque
780 3009 1158 3063 diversitatem
1185 3017 1436 3063 astruere
1467 3024 1577 3063 non
1607 3009 1873 3073 valerent,
1901 3026 2027 3079 per-

452 3102 738 3172 pessioncs
771 3110 829 3156 et
870 3101 1108 3156 humiles
1139 3101 1259 3156 illas
1295 3117 1460 3156 voces
1488 3101 1764 3155 divinitati
1798 3101 2026 3167 Christi,

453 3202 516 3245 ut
539 3201 667 3247 ante
709 3192 917 3246 dictum
947 3201 1051 3255 est,
1095 3191 1402 3246 ascribunt.
1435 3191 1592 3246 Norit
1631 3199 1815 3247 autem
1851 3193 2030 3262 pietas

455 3291 567 3347 tua,
594 3283 926 3337 Arianorum
949 3282 1205 3338 doctores
1227 3283 1363 3336 nihil
1395 3281 1543 3337 aliud
1568 3282 1622 3336 in
1645 3283 1895 3339 ecclesiis
1915 3284 2030 3339 suis

453 3374 560 3429 hoc
584 3382 832 3443 tempore
853 3374 1075 3438 docere,
1095 3391 1258 3443 quam
1278 3374 1426 3442 quod
1443 3373 2030 3432 consubstantialitalis

452 3475 758 3521 assertores
781 3467 893 3536 jam
920 3466 1140 3520 domum
1178 3482 1303 3520 cum
1329 3466 1461 3519 Ario
1482 3466 1741 3531 sentiant,
1771 3469 2030 3538 quodque

453 3559 680 3622 veritas,
710 3573 833 3628 qum
871 3558 967 3612 diu
1006 3558 1264 3622 latuerat,
1309 3572 1458 3610 nunc
1498 3557 1718 3611 tandem
1756 3559 1812 3612 in
1846 3560 2029 3616 lucem

454 3651 706 3721 prodeat.

525 3765 637 3819 Nos
657 3772 842 3818 autem
877 3765 933 3817 in
954 3763 1304 3834 dogmatibus
1338 3764 1624 3820 beatorum
1653 3767 1900 3831 Patrum,
1933 3771 2028 3839 qui

454 3856 600 3926 apud
633 3855 868 3910 Nicaeam
907 3863 1306 3918 convenerunt,
1333 3867 1387 3910 et
1413 3871 1604 3910 eorum
1631 3857 1725 3927 qui
1754 3866 1877 3927 post
1906 3859 2029 3915 illos

454 3947 706 4002 doctrina
748 3948 1084 4011 claruerunt,
1132 3948 1404 4002 Eustathii
1449 3948 1801 4013 Antiocheni,
1843 3949 2026 4003 Basilii

451 4040 829 4104 Caesariensis,
855 4047 910 4094 et
928 4039 1198 4110 Gregorii,
1226 4048 1281 4094 et
1300 4039 1548 4104 Joannis,
1567 4049 1622 4093 et
1643 4041 1950 4104 Athanasii,
1972 4050 2030 4095 et

455 4131 765 4202 Theophili,
794 4140 852 4186 et
879 4131 1094 4186 Damasi
1127 4132 1382 4195 Romani,
1431 4139 1488 4185 et
1515 4131 1789 4186 Ambrosii
1817 4132 2025 4186 Medio-

454 4224 714 4287 lanensis,
743 4232 799 4278 et
821 4223 1180 4292 reliquorum,
1216 4225 1310 4292 qui
1335 4238 1458 4277 cum
1485 4223 1570 4276 his
1594 4223 1788 4277 eadem
1822 4223 2027 4277 docue-

454 4320 605 4373 runt,
638 4325 1076 4378 perseveramus,
1112 4311 1322 4381 1352
1357 4311 1572 4380 piisqus
1609 4312 1827 4366 illorum
1856 4313 2026 4367 vesti-

453 4403 558 4471 giis
575 4401 881 4457 insistimus
902 4421 915 4455 :
935 4403 1139 4472 quippe
1157 4405 1249 4471 qui
1271 4402 1604 4473 evangelica,
1626 4411 1683 4457 et
1704 4403 2024 4472 apostolica,

2062 1809 2104 1866 Β
2133 1835 2318 1907 όμοιον
2347 1809 2424 1904 τῷ
2450 1835 2622 1906 Πατρὶ
2649 1835 2826 1902 λέγειν
2855 1809 3396 1905 ἐπραγματεύσαντο.

2223 1927 2505 1980 Ἐντεῦθεν
2538 1926 2617 1988 δὲ,
2647 1925 2779 1979 εἴτι
2813 1925 2916 1978 κᾶν
2947 1923 3218 1994 συμϐαίνῃ
3261 1922 3321 1976 τὸ
3369 1922 3709 1992 βλάσφημον,

2135 2020 2318 2090 ῥᾴδιον
2368 2021 2623 2074 κατιδεῖν.
2680 2017 2949 2088 Σύγχυσις
2983 2016 3093 2087 γὰρ
3132 2011 3412 2084 εἰσάγεται
3455 2015 3562 2067 τῶν
3608 2011 3712 2082 φύ-

2134 2125 2294 2174 σεων,
2322 2110 2416 2162 xui
2445 2110 2817 2179 προσάπτεται
2839 2106 2917 2177 τῷ
2949 2105 3068 2176 Θεῷ
3096 2105 3254 2176 Λόγῳ
3283 2105 3364 2158 τό”
3405 2123 3422 2155 ι
3457 2103 3555 2157 Θεέ
3583 2121 3706 2174 μου,

2131 2205 2232 2258 Θεέ
2265 2222 2389 2273 μου,
2427 2204 2566 2257 ἱνατί
2598 2220 2665 2274 με
2715 2201 3110 2271 ὲγκατέλιπες;
3152 2220 3170 2252 ι
3200 2201 3294 2254 xui
3317 2199 3396 2252 τό·
3438 2217 3457 2250 t
3503 2198 3706 2268 Πάτερ.

2131 2297 2180 2348 εἰ
2206 2294 2449 2359 δυνατὸν,
2481 2292 2800 2365 παρελθέτω
2823 2293 2884 2346 τὸ
2907 2293 3162 2363 ποτήριον
3183 2289 3341 2343 τοῦτο
3360 2290 3454 2343 ἀπ’
3485 2288 3639 2359 ἐμοῦυ
3684 2309 3704 2340 ι

2131 2388 2223 2442 xui
2254 2388 2315 2440 τὸ
2353 2391 2567 2459 πεινῇν,
2618 2387 2712 2440 καὶ
2744 2386 2922 2457 διψῇν,
2966 2387 3063 2440 xui
3092 2385 3200 2438 ἀπὸ
3249 2383 3478 2453 ἀγγέλου
3516 2381 3706 2454 στηρί-

2132 2479 2343 2545 ζεσθαι·
2370 2480 2463 2533 xui.
2484 2480 2544 2531 τὸ
2561 2479 2762 2548 λέγειν·
2788 2497 2806 2530 ι
2826 2477 2940 2531 Νῦν
2967 2479 2998 2546 ἡ
3027 2477 3172 2547 ψυχή
3197 2493 3295 2546 μου
3316 2475 3704 2544 τετάρακταιη

2131 2572 2262 2626 καί*
2302 2590 2321 2623 ι
2363 2549 2667 2642 Περίλυτξός
2722 2571 2868 2623 ἐστιν
2908 2570 2942 2638 ἡ
2987 2568 3132 2638 ψυχή
3175 2583 3273 2637 μου
3315 2567 3418 2629 ἓως
3451 2564 3707 2618 θανάτου·

2131 2664 2228 2717 καὶ
2267 2663 2368 2716 ὅσα
2402 2661 2628 2715 τοιαῦτα
2658 2662 2786 2732 περὶ
2811 2661 2909 2732 τὴν
2946 2658 3339 2732 ἁνθρωπότητα
3367 2656 3460 2710 τοῦ
3502 2656 3710 2726 Κυρίου

2134 2755 2469 2826 συμϐέϐηκε.
2513 2754 2698 2808 Ταῦτα
2741 2755 2798 2806 δὲ
2851 2755 2927 2817 ὡς
2984 2750 3171 2822 σαφῶς
3216 2753 3282 2820 τῇ
3346 2750 3558 2820 Ἀρείου
3612 2748 3711 2802 xui

2129 2846 2396 2916 Εύνομίου
2434 2843 2723 2914 δυσσεϐείᾳ
2749 2841 3053 2912 συμϐαίνει,
3082 2839 3321 2910 εὐχερῶς
3348 2840 3412 2894 ἄν
3445 2856 3528 2900 τις
3571 2855 3709 2891 κατ-

2135 2936 2253 2990 ίδοι.
2297 2937 2528 2989 Ἐκεῖνοι
2580 2934 2688 3004 γὰρ
2720 2934 2782 2986 τὸ
2833 2933 3172 3002 ἑτεροούσιον
3203 2929 3608 2986 κατασκευάσαι
3633 2923 3713 3000 μὴ

2129 3029 2439 3098 δυνάμενοι,
2471 3028 2537 3080 τὰ
2581 3027 2878 3097 παθήματα
2902 3026 2997 3079 xui
3035 3026 3133 3089 τὰς
3159 3026 3395 3088 εὐτελεῖς
3428 3022 3610 3092 φωνὰς

2057 3158 2098 3214 C
2133 3120 2347 3190 θεότητι
2390 3119 2482 3173 τοῦ
2524 3119 2761 3190 Χριστοῦ
2797 3119 3214 3187 περιάπτουσιν,
3251 3117 3326 3180 ὡς
3359 3115 3709 3186 προείρηται.

2136 3215 2299 3266 Ἴστω
2324 3213 2381 3266 δέ
2419 3230 2512 3266 σου
2555 3214 2587 3282 ἡ
2627 3210 2928 3274 θεοσέϐεια,
2965 3209 3038 3273 ὡς
3068 3210 3118 3262 oi
3147 3209 3256 3262 τῶν
3306 3206 3600 3278 Ἀρειανῶν
3632 3206 3712 3259 δι-

2131 3304 2388 3357 δάσκαλοι
2419 3303 2512 3357 νῦν
2547 3302 2700 3355 οὐδὲν
2729 3302 2914 3372 ἓτερον
2941 3303 2998 3354 ὲν
3036 3302 3155 3363 ταῖς
3183 3297 3498 3369 ἐκκλησίαις
3531 3297 3713 3350 αὐτῶν

2130 3395 2494 3462 διδάσκουσιν,
2541 3393 2679 3464 ἢὼς
2721 3395 2770 3445 οἱ
2811 3393 2871 3446 τὸ
2908 3390 3190 3462 ὁμοούσιον
3235 3390 3578 3452 διδάσκοντες
3613 3387 3714 3443 νῦν

2131 3488 2198 3540 τὰ
2257 3487 2469 3556 Ἀρείου
2502 3485 2781 3558 φρονοῦσι,
2813 3485 2907 3539 καὶ
2937 3485 3020 3538 ὅτι
3063 3483 3154 3537 διὰ
3183 3483 3376 3556 χρόνου
3407 3479 3622 3553 μακροῦ
3648 3482 3713 3536 τὸ

2131 3578 2328 3648 ἀληθὲς
2360 3580 2623 3649 ἀνεφάνη.

2215 3762 2404 3832 Ἡμεῖς
2435 3760 2492 3814 δὲ
2516 3762 2627 3824 τοῖς
2653 3760 2760 3813 τῶν
2797 3759 3080 3831 μακαρίων
3111 3755 3367 3828 Πατέρων
3387 3755 3496 3810 τῶν
3519 3757 3575 3810 ὲν
3605 3756 3709 3810 Νι-

2131 3853 2268 3925 καίᾳ
2314 3852 2772 3924 συνεληλυθότων,
2829 3853 2923 3904 xui
2985 3850 3092 3903 τῶν
3133 3850 3248 3921 μετ’
3285 3850 3526 3912 ἐκείνους
3549 3851 3606 3901 ἐν
3636 3851 3705 3918 τῇ

2129 3944 2447 4014 διδασκαλίᾳ
2504 3943 2950 4015 διαπρεψάντων,
3004 3939 3302 3994 Εὐσταθίου
3345 3939 3438 3993 τοῦ
3504 3940 3708 3991 Ἀντιο-

2130 4037 2304 4106 χείας,
2345 4037 2626 4091 Βασιλείου
2678 4035 2773 4089 τοῦ
2824 4035 3185 4104 Καισαρείας,
3227 4033 3321 4086 xui
3364 4031 3703 4102 Γρηγορίου.

2129 4130 2224 4184 xui
2266 4131 2534 4191 Ἰωάννου,
2582 4128 2677 4181 xui
2727 4126 3067 4191 ἈΟανασίου,
3119 4125 3214 4178 xui
3259 4123 3519 4191 Θεοφίλου
3547 4162 3562 4185 ,
3609 4122 3705 4174 xui

2128 4223 2388 4292 Δαμάσου
2416 4220 2510 4274 τοῦ
2558 4219 2791 4290 Ῥώμης,
2831 4220 2922 4272 xui.
2964 4218 3288 4288 ’Λμϐροσίου
3316 4215 3409 4269 τοῦ
3443 4213 3706 4268 Μεδιολά-

2129 4332 2257 4376 νων,
2299 4313 2391 4366 καὶ
2428 4312 2535 4364 τῶν
2566 4310 2741 4364 ταυτὰ
2778 4311 2988 4371 τούτοις
3019 4307 3364 4371 διδαξάντων,
3395 4305 3707 4375 ἐμμένομεν

2126 4402 2396 4471 δόγμασι,
2444 4402 2538 4454 xui.
2578 4403 2690 4463 τοῖς
2753 4397 3032 4451 εύσεϐἐσιν
3080 4395 3257 4449 αὐτῶν
3305 4394 3704 4463 ἀκολουθοῦμεν

451 4501 508 4548 et
553 4493 873 4563 prophetica
899 4493 1066 4547 verba
1097 4502 1410 4561 sequentes,
1438 4501 1682 4547 exactam
1715 4494 2028 4549 orthodoxae

2135 4497 2323 4565 ίχνεσιο
2384 4496 2494 4557 τοῖς
2545 4492 2655 4562 γὰρ
2730 4491 3128 4558 εὐαγγελικοῖς,
3176 4491 3272 4541 xui.
3328 4486 3704 4549 ἀποστολικοῖς

453 4579 580 4634 fidei
610 4581 854 4650 regulam
885 4581 1045 4634 nobis
1076 4580 1408 4634 tradiderint
1441 4596 1639 4649 :quam
1662 4584 1906 4652 regulam
1929 4599 2028 4637 nos

452 4675 837 4730 inconcussam
908 4675 1359 4742 immobilemque
1429 4676 1670 4730 retinere
1741 4678 2028 4732 studemus

451 4783 644 4823 omnes
691 4768 788 4837 qui
828 4768 888 4821 in
938 4767 1163 4822 Oriente
1209 4766 1561 4831 habitamus;
1627 4769 1886 4824 similiter
1931 4769 2027 4838 qui

448 4859 779 4930 Bithyniam,
803 4869 859 4913 et
873 4859 1320 4928 Paphlagoniam,
1345 4867 1400 4913 et
1418 4859 1814 4928 Cappadociam
1832 4876 2027 4915 secun-

449 4950 598 5015 dam,
626 4959 684 5004 et
709 4949 992 5013 Pisidiam,
1018 4955 1076 5003 et
1113 4948 1477 5010 Thessaliam,
1525 4956 1582 5003 et
1605 4948 1848 5019 Mysiam,
1878 4951 2026 5004 Rho-

449 5041 743 5110 dopcnque
773 5040 1042 5103 incolunt,
1068 5047 1125 5093 et
1145 5038 1238 5092 alii
1259 5039 1652 5108 quamplurimi
1684 5039 2024 5096 diversarum

445 5131 879 5210 provinciarum.
930 5132 1096 5186 Italos
1119 5147 1342 5201 quoque
1366 5139 1580 5186 certum
1612 5141 1697 5187 est
1727 5133 2022 5189 novitatem

447 5226 596 5280 illam
631 5239 979 5295 nequaquam
1005 5225 1217 5278 laturos
1235 5238 1376 5278 esse.
1425 5223 1560 5278 Nam
1599 5223 1866 5279 Martinus
1894 5240 2022 5279 san-

447 5315 750 5380 ctissimus,
809 5313 1032 5382 Deoque
1083 5311 1478 5368 dilectissimus
1525 5312 2016 5368 Mediolanensium

445 5407 759 5477 episcopus,
801 5405 868 5460 ad
908 5421 1012 5461 nos
1050 5405 1292 5475 scripsit,
1334 5404 1651 5473 librumque
1696 5406 1843 5460 beati
1887 5406 2016 5460 Am-

445 5497 616 5551 brosii
640 5498 708 5552 de
741 5496 1026 5554 Dominica
1064 5495 1448 5551 incarnatione
1475 5495 1540 5549 ad
1573 5495 1880 5563 piissimum
1921 5498 2020 5551 im-

520 5611 565 5643 ’°
604 5611 763 5676 Joan,
798 5627 839 5677 ι,
871 5612 958 5666 Η.
1031 5611 1075 5643 ⁹¹
1107 5610 1252 5665 Psai.
1291 5623 1399 5671 xxt,
1493 5607 1545 5659 l.

513 5721 625 5864 EH)
655 5723 918 5792 δόγμασιν
947 5722 1016 5775 M.
1048 5723 1102 5775 in
1133 5720 1396 5845 margine.

541 5793 625 5864 15)
653 5793 1017 5864 Μαρτινιανός
1045 5791 1211 5846 scribi
1286 5788 1396 5845 ebeT

2126 4587 2220 4639 xu".
2265 4585 2622 4655 προφητικοῖς
2653 4582 2904 4651 ἑπόμενοι
2939 4582 3177 4652 ῥήμασιν
3211 4578 3344 4649 (Η),
3375 4578 3576 4648 ἀκριδῆ
3601 4577 3703 4646 τῆς

2124 4677 2432 4747 ὀρθοδοξίας
2482 4677 2612 4745 ἡμῖν
2665 4673 2958 4727 κατέλιπον
2999 4671 3216 4726 κανόνων
3267 4672 3326 4725 ὂν
3374 4670 3567 4740 ἀκλινῆ
3605 4671 3703 4722 xui

2125 4768 2425 4822 ἀσάλευτον
2486 4767 2716 4836 φυλάξαι
2786 4765 3159 4835 σπουδάζομεν
3215 4763 3451 4825 ἅπαντες
3507 4763 3556 4814 οί
3599 4759 3702 4832 τὴν

2137 4857 2426 4928 Ἀνατολὴν
2455 4857 2750 4921 οἰκοῦντες.
2806 4857 3079 4920 Ὡσαύτως
3123 4856 3179 4908 δὲ
3233 4857 3283 4909 οἱ
3327 4855 3556 4916 Βιθυνοὶ,
3605 4855 3706 4908 xui.

2123 4950 2498 5018 Παφλαγόνες,
2526 4952 2621 5002 xui.
2643 4950 2920 5019 ήδευτέρα
2932 4949 3316 5012 Καππαδοκία,
3345 4949 3437 5002 xui.
3463 4947 3699 5011 Πισιδία,

2121 5043 2217 5095 xui
2245 5042 2528 5107 Θετταλία,
2597 5044 2691 5095 καὶ
2736 5043 2942 5107 Μυσία,
2995 5043 3088 5095 xui.
3133 5041 3381 5110 Ῥοδόπη,
3423 5039 3516 5091 xui
3549 5038 3700 5092 ἄλλοι

2121 5133 2364 5186 πλεῖστοι
2411 5134 2518 5187 ἀπὸ
2545 5133 2819 5204 διαφόρων
2850 5131 3150 5203 ἐπαρχιῶν.
3183 5131 3344 5199 Δῆλοι
3385 5130 3441 5182 δέ
3467 5131 3572 5182 εἰσι
3603 5128 3702 5181 καὶ

2132 5226 2434 5280 Ἰταλιῶται
2466 5228 2565 5296 τῆς
2594 5227 2946 5296 καινοτομίας
2987 5227 3190 5294 ταύτης
3223 5225 3325 5278 οὐκ
3357 5221 3693 5292 ἀνεξόμενοι.

2135 5319 2195 5370 '0
2224 5318 2331 5388 γὰρ
2367 5317 2779 5385 θεοφιλέστατος
2808 5319 2899 5369 xui.
2936 5315 3232 5384 άγιώτατος
3256 5314 3528 5384 Μαρτῖνος
3558 5309 3698 5382 (15),

2127 5410 2156 5462 ὁ
2203 5409 2303 5478 τῆς
2341 5408 2685 5462 Μεδιολάνων
2731 5408 3051 5470 ἐπίσκοπος,
3084 5407 3177 5459 xui.
3215 5405 3514 5476 γράμματα
3559 5401 3702 5472 πρὸς

2128 5499 2273 5568 ἡμᾶς
2303 5498 2610 5564 ἀπέστειλε,
2640 5498 2736 5551 xui
2759 5497 2838 5568 τῷ
2862 5494 3237 5565 εύσεϐεστάτῳ
3261 5491 3470 5564 βασιλεῖ
3497 5489 3705 5561 βιϐλίον

1623 5606 1667 5638 ⁹²
1707 5606 1897 5662 Matth.
1937 5625 2080 5674 xxvi,
2113 5611 2201 5667 39.
2279 5614 2326 5646 ”
2353 5614 2508 5670 Joan.
2540 5632 2634 5683 xu,
2669 5615 2758 5670 27.
2835 5615 2880 5646 ”
2939 5612 3130 5667 Matth.
3160 5625 3306 5678 xxvr,
3330 5607 3419 5663 58.

541 5786 625 5864 15)
653 5786 1017 5864 Μαρτινιανός
1045 5791 1211 5846 scribi
1249 5786 1504 5856 debebat,
1539 5786 1684 5858 quod
1714 5798 1796 5844 est
1825 5804 2016 5846 verum

2131 5819 2176 5858 lS
2205 5815 2423 5857 nomen.
