4072 6416
373 361 501 426 1481

1691 365 2050 426 EPISTOLA
2087 367 2306 426 CLXX.

3479 364 3613 428 1482

365 475 640 546 ἐξέπεμψε
683 475 780 530 τοῦ
839 475 1113 546 μακαρίου
1182 473 1509 545 ’Δμϐροσίου
1560 477 1816 548 περὶτῆς
1843 476 1926 530 τοῐ

2043 486 2356 546 peratorem
2395 478 2566 543 misit,
2596 477 2690 548 qui
2721 477 2998 534 haereticis
3029 477 3139 532 illis
3165 477 3439 546 capitibus
3473 493 3609 534 con-

367 568 573 638 Κυρίου
612 567 1101 638 ἐνανθρωπήσεως.
1127 567 1266 638 ὅπερ
1297 570 1364 621 τά
1405 569 1622 622 ἐναντία
1659 571 1763 630 τοῖς
1792 570 1940 638 αἱρε-

364 660 534 720 τικοῖς
563 657 773 720 τούτοις
799 657 1041 710 διδάσκει
1065 658 1402 726 κεφαλαίοις.

437 771 757 823 Γινωακέτω
811 771 868 822 δέ
929 787 1023 823 σου
1075 772 1107 840 ή
1151 771 1395 840 ἁγιότης.
1459 770 1534 832 ὡς
1579 770 1678 824 οὐκ
1737 769 1939 839 ἤρκεσε

365 863 620 934 Ruptum
653 865 746 916 καὶ
777 863 1041 931 Μέμνονι,
1073 863 1134 916 τὸ
1161 866 1227 933 τῇ
1258 859 1521 933 όρθοδόξῳ
1548 862 1728 914 πίστει
1759 861 1938 930 λυμή-

362 955 580 1017 νασθαι,
633 953 768 1006 ἀλλά
816 955 911 1007 καὶ
947 954 1153 1018 πάντας
1204 957 1330 1017 τοὺς
1379 955 1605 1016 κανόνας
1637 953 1934 1022 ἐπάτησαν.

361 1048 504 1110 Τοὺς
525 1046 634 1118 γὰρ
655 1045 762 1099 ἀπὸ
785 1047 1054 1117 διαφόρων
1083 1045 1362 1115 ἐπαρχιῶν
1387 1046 1478 1099 καὶ
1499 1047 1818 1114 διοικήσεων
1842 1061 1938 1112 γε-

361 1138 623 1208 νομένους
678 1138 1098 1205 ἀκοινωνήτους,
1147 1136 1308 1198 εὐθὺς
1343 1138 1421 1199 είς
1456 1136 1737 1188 κοινωνίαν
1760 1135 1939 1188 ἀνεδέ-

363 1228 526 1293 ξαντο
549 1226 686 1298 (l6).
709 1227 850 1296 Πρὸς
880 1226 1088 1288 τούτοις
1113 1225 1169 1278 δὲ
1204 1227 1297 1279 καὶ
1315 1226 1530 1296 ἑτέρους
1547 1226 1640 1277 καὶ
1667 1227 1757 1277 ἐπὶ
1785 1223 1936 1293 αἱρέ-

363 1338 516 1374 σεσιν
557 1319 1011 1388 ἐγκαλουμένους,
1065 1318 1159 1370 καὶ
1205 1317 1274 1370 τά
1297 1317 1434 1370 αὐτά
1471 1315 1799 1385 φρονοῦντας
1831 1318 1937 1398 K5:-

360 1413 558 1482 λεστίῳ
602 1412 694 1464 καὶ
722 1409 970 1480 ιιελαγίῳ
1010 1409 1258 1482 (Εὐχτται
1293 1408 1400 1478 γάρ
1426 1409 1582 1470 εἰσιν,
1614 1409 1780 1478 ἤγουν
1819 1407 1937 1459 Ἐν-

362 1502 736 1572 θουσιασταί)σ
765 1502 844 1554 διδ
868 1503 961 1554 καὶ
984 1501 1334 1570 ἀκοινώνητοι
1350 1495 1490 1569 ἦσαν
1506 1496 1584 1568 τῷ
1595 1516 1652 1550 τε
1668 1499 1932 1568 διοικητῇ,

360 1596 462 1649 καὶ
509 1595 586 1664 τῷ
626 1593 1017 1664 μητροπολίτῃ·
1055 1591 1151 1661 τῆς
1187 1591 1648 1661 ἐκκλησιαστικῆς
1683 1589 1935 1653 εὐταξίας

360 1687 883 1754 καταφρονήσαντες
936 1686 1016 1746 είς
1071 1683 1355 1735 κοινωνίαν
1413 1682 1662 1747 ἐδέξαντο
1711 1681 1930 1743 αὐτοὺς,

356 1777 423 1828 τὸ
458 1775 658 1843 πλῆθος
688 1775 898 1834 ἑαυτοῖς
933 1773 1269 1842 πανταχόθεν
1317 1770 1683 1841 ἀθροίζοντες,
1717 1769 1811 1822 καὶ
1841 1787 1932 1822 τυ-

2045 569 2211 622 traria
2245 569 2424 625 docet.

2109 764 2216 820 Sed
2240 781 2342 821 nec
2371 765 2514 820 istud
2540 767 2884 822 sanctitatem
2909 777 3056 822 tuam
3081 777 3388 836 prmtercat,
3414 783 3612 840 nempe

2039 856 2300 926 Cyrillum
2327 866 2385 910 et
2416 856 2760 910 Memnonem
2795 858 2810 875 ⁴
2849 871 2955 910 non
2989 865 3280 911 contentos
3314 857 3481 912 fuisse
3514 875 3608 913 or-

2042 944 2333 999 thodoxam
2361 944 2521 999 [idem
2567 946 2900 1014 corrupisse,
2933 962 3125 1000 verum
3163 962 3356 1002 omnes
3388 965 3609 1018 quoque

2039 1035 2334 1090 canonicas
2373 1035 2687 1090 sanctiones
2711 1037 3137 1104 proculcavisse.
3168 1037 3302 1090 Nam
3331 1039 3426 1107 qui
3467 1055 3496 1093 a
3525 1039 3608 1092 di-

2038 1128 2215 1184 versis
2250 1128 2584 1184 dimcesibus
2616 1136 2786 1198 atque
2830 1128 3131 1197 provinciis
3159 1132 3604 1184 excommunica-

2039 1218 2189 1274 tione
2203 1219 2442 1288 perculsi
2479 1217 2723 1282 fuerunt,
2759 1219 2880 1273 illos
2905 1219 3008 1287 ipsi
3049 1219 3230 1274 statim
3267 1219 3322 1273 in
3355 1237 3606 1275 commu-

2036 1311 2257 1364 nionem
2277 1320 2628 1379 receperunt.
2649 1309 2800 1363 Alios
2822 1318 3090 1378 praeterea
3110 1309 3178 1372 de
3195 1310 3424 1365 diversis
3440 1311 3605 1366 etiam

2037 1402 2346 1457 literesibus
2367 1409 2722 1466 -accusatos,
2773 1401 3076 1472 eademque
3135 1404 3437 1458 sentientes
3481 1419 3604 1458 cum

2035 1493 2296 1548 Coelestio
2339 1501 2396 1548 et
2431 1493 2653 1562 Pelagio
2677 1493 2948 1564 (Eucbitte
2987 1494 3137 1548 enim
3168 1503 3316 1557 sunt,
3353 1477 3468 1550 sive
3499 1496 3604 1549 En-

2038 1580 2362 1651 tbusiastae),
2381 1591 2436 1636 et
2463 1583 2533 1636 ob
2559 1583 2613 1636 id
2641 1598 2672 1636 a
2701 1599 2801 1637 suo
2829 1583 3142 1638 diaacesano
3173 1584 3257 1638 vel
3286 1586 3606 1655 metropoli-

2036 1681 2165 1726 tano
2194 1673 2719 1738 excommunicatos,
2747 1673 3121 1728 ecclesiastica
3152 1674 3442 1744 disciplina
3474 1689 3606 1729 con-

2036 1771 2262 1832 tempta,
2290 1764 2666 1818 communioni
2708 1764 3092 1827 restituerunt,
3125 1764 3477 1820 multitudine
3503 1781 3605 1819 uu-

359 1865 632 1936 ραννικῶς
665 1865 864 1934 μᾶλλον
902 1865 934 1935 ἢ
968 1863 1207 1925 εὐσεϐῶς
1230 1861 1574 1932 δογματίζειν
1613 1861 1926 1924 σπουδάζον·

2031 1855 2319 1924 decunque
2339 1856 2444 1910 sibi
2480 1866 2690 1920 coacta,
2726 1871 2790 1910 ac
2819 1857 3097 1927 tyrannicc
3123 1857 3306 1926 potius
3327 1874 3490 1927 quam
3516 1857 3604 1927 pie

353 1977 469 2022 τες.
514 1959 729 2029 Ἐπειδὴ
757 1957 865 2028 γάρ
889 1959 988 2026 τῆς
1017 1956 1300 2018 εὐσεϐείας
1329 1955 1732 2024 ἐγεγύμνωντο,
1757 1954 1928 2019 ἀναγ-

355 2050 530 2112 καίως
561 2051 770 2112 ἑαυτοῖς
803 2049 996 2118 ἑτέραν
1022 2048 1325 2117 ἐπενόησαν
1359 2044 1930 2116 δύναμιν,ἀνθρώπων

350 2141 530 2209 τείχη,
564 2139 860 2210 χρημάτων
911 2137 1173 2207 ῥεύμασιν
1201 2137 1434 2206 οἰόμενοι
1475 2137 1574 2206 τὴν
1605 2135 1713 2188 τῶν
1758 2134 1930 2188 Πατέ-

356 2249 468 2302 ρων
507 2228 972 2298 καταγωνίζεσθαι
995 2229 1197 2283 πίστιν.
1231 2228 1394 2281 Ἀλλὰ
1421 2227 1627 2280 τούτων
1653 2227 1805 2280 οὐδὲν
1829 2226 1927 2279 αὐ-

352 2325 486 2385 τοὺς
515 2322 698 2390 ὀνήσει
724 2319 818 2387 τῆς
855 2317 1121 2388 ὑμετέρας
1151 2316 1471 2387 ἐρρωμένης
1499 2311 1926 2383 ὁσιότητοςμἹ),

355 2414 455 2467 καὶ
488 2410 732 2481 συνήθως
765 2409 860 2476 τῆς
885 2408 1165 2470 εὐσεϐείας
1195 2405 1694 2475 ὐπερασπιζούσης.

424 2602 817 2678 Παρακλήθητι
851 2601 1048 2666 τοίνυν,
1083 2601 1319 2654 δέσποτα
1368 2599 1655 2667 ἀγιὼτατε,
1693 2605 1791 2671 τὴν
1825 2600 1924 2671 μὲν

351 2699 639 2752 κοινωνίαν
681 2694 790 2746 τῶν
831 2691 1003 2746 ταῦτα
1035 2691 1466 2761 τετολμηκότων,
1500 2695 1590 2743 καὶ
1635 2691 1733 2761 τὴν
1768 2694 1920 2762 αἴρε-

351 2807 438 2843 σιν
483 2787 696 2855 ταύτην
731 2784 1128 2853 εἰσαγαγόντων
1169 2782 1522 2852 φυλάξασθαι·
1572 2785 1832 2850 γνωρίσαι
1865 2783 1922 2835 δὲ

349 2880 487 2932 πᾶσι
518 2878 745 2939 καὶτοῖς
771 2877 936 2942 ἐγγὺς
979 2876 1073 2929 καὶ
1099 2877 1210 2936 τοῖς
1243 2875 1478 2944 μακράν,
1509 2875 1583 2937 ὡς
1616 2875 1786 2928 ταῦτά
1808 2876 1920 2927 ἐστι

347 2969 415 3020 τά
449 2967 736 3035 κεφάλαια,
761 2966 844 3033 ἐφ’
874 2959 953 3026 οἷς
979 2965 1008 3015 ὁ
1032 2967 1430 3034 τρισμακάριος
1457 2965 1704 3032 Δάμασος
1737 2963 1922 3017 καθεῖ-

347 3059 443 3112 λεν
493 3058 889 3127 Ἀπολινάριον,
943 3055 1034 3108 καὶ
1074 3056 1339 3119 Βιτάλιον,
1379 3056 1474 3108 καὶ
1501 3055 1762 3124 Τιμόθεον
1797 3057 1922 3119 τούς

2031 1945 2286 2015 dogmata
2315 1962 2412 2000 sua
2438 1955 2683 2002 statuere
2709 1947 3043 2002 laborantes.
3071 1948 3206 2002 Nam
3238 1964 3363 2004 cum
3402 1950 3603 2018 pietate

2035 2036 2244 2106 1353
2277 2037 2736 2100 destituerentur,
2758 2037 2922 2091 aliam
2945 2039 3258 2091 necessario
3281 2037 3386 2092 sibi
3407 2046 3604 2106 poten-

2032 2127 2164 2181 tiam
2190 2129 2592 2197 excogitarunt,
2629 2145 2828 2198 nempe
2853 2128 3134 2182 hominum
3170 2131 3600 2200 propugnacula.

2030 2219 2134 2272 rati
2172 2219 2488 2288 profusione
2517 2220 2764 2289 pecuniae
2785 2235 2844 2274 se
2867 2221 3090 2274 Patrum
3112 2219 3269 2274 [idem
3287 2235 3602 2290 expugnan-

2029 2319 2202 2365 turos.
2238 2311 2442 2365 Verum
2463 2310 2667 2380 pietate
2689 2319 2782 2364 tua
2801 2311 2940 2364 bene
2956 2312 3192 2374 valente,
3215 2310 3602 2380 religionisque

2025 2400 2402 2454 defensionem
2449 2417 2600 2456 more
2646 2416 2748 2456 suo
2799 2401 3169 2470 suscipiente,
3215 2400 3353 2454 nihil
3383 2401 3600 2456 illorum

2027 2492 2466 2549 machinationes
2499 2491 2714 2548 edicere
2753 2499 3033 2562 poterunt.

2095 2601 2482 2669 Quamobrem,
2515 2602 2861 2657 sanctissime
2904 2602 3159 2665 domine,
3197 2611 3436 2673 rogatus,
3472 2603 3596 2657 illo-

2023 2711 2146 2750 rum
2179 2695 2623 2751 communionem
2649 2735 2663 2759 ,
2695 2695 2788 2764 qui
2827 2701 2976 2748 tanta
3013 2694 3113 2747 hac
3160 2695 3471 2748 temeritate
3508 2695 3592 2748 usi

2022 2797 2171 2852 sunt,
2229 2787 2433 2857 quique
2489 2787 2631 2840 hanc
2687 2785 2919 2840 haeresin
2980 2784 3327 2846 invexerunt.
3376 2793 3590 2847 caveto,

2023 2879 2389 2946 omnibusque
2425 2885 2535 2930 tam
2569 2889 2739 2946 prope
2775 2890 2936 2944 quam
2980 2875 3140 2943 longe
3185 2874 3377 2942 positis
3414 2875 3594 2928 decla-

2024 2978 2163 3032 rato,
2205 2969 2382 3037 capita
2419 2968 2535 3021 bzec
2579 2967 2694 3035 ipsa
2736 2981 2878 3029 esse,
2922 2974 3151 3035 prepter
3179 2980 3300 3033 qute
3338 2965 3592 3021 beatissi-

2024 3075 2148 3114 mus
2184 3059 2452 3112 Damasus
2493 3055 2927 3125 Apollinarium,
2989 3055 3246 3110 Vitalium
3293 3063 3348 3110 et
3405 3056 3592 3111 Timo-

354 3148 684 3218 αἱρετικούς·
724 3147 816 3198 καὶ
845 3147 924 3199 ὅτι
962 3147 1024 3198 οὐ
1050 3147 1155 3216 χρὴ
1184 3149 1248 3216 τῇ
1292 3145 1665 3216 ἐκπεμφθείσῃ
1703 3147 1915 3199 ἐπιστο-

2029 3151 2211 3205 theum
2244 3148 2530 3202 haereticos
2562 3147 2732 3216 gradu
2765 3146 2935 3200 movit
2966 3164 2978 3198 :
3014 3147 3299 3216 epistolam
3330 3157 3592 3216 praeterea

345 3239 413 3309 λῇ
461 3240 588 3307 παρ’
633 3237 798 3289 αὐτοῦ
839 3235 1022 3298 ἁπλῶς
1057 3235 1361 3306 προσέχειν,
1399 3229 1511 3307 ἐνῇ
1542 3235 1603 3286 τὸ
1646 3237 1742 3303 μὲν
1771 3239 1919 3307 αἱρε-

345 3327 497 3382 τικὸν
528 3327 845 3380 συνεσκίασε
877 3327 1150 3395 φρόνημα,
1194 3326 1270 3395 τῷ
1302 3325 1359 3377 δὲ
1394 3328 1491 3394 τῆς
1518 3325 1797 3388 εὐσεϐείας
1819 3329 1915 3378 αὐο

345 3420 447 3490 τὴν
479 3419 790 3488 κατέχρωσε
814 3417 1068 3487 δόγματιο
1102 3418 1158 3467 ἐν
1183 3416 1281 3485 μὲν
1315 3416 1420 3484 γὰρ
1452 3419 1564 3478 τοῖς
1596 3418 1914 3484 κεφαλαίοις

348 3511 555 3580 σφόδρα
599 3508 764 3562 αὐτοῦ
805 3503 903 3578 τῆν
969 3505 1225 3560 ἀσέϐειαν
1263 3507 1597 3575 ἐγύμνωσεν,
1648 3505 1774 3558 ἔνθα
1821 3508 1914 3558 καὶ

343 3599 746 3668 ἀναθεματίσαι
775 3599 898 3660 τούς
941 3596 1014 3666 μὴ
1047 3595 1190 3648 οὐτω
1213 3595 1539 3666 φρονοῦντας
1589 3595 1908 3665 ἐτόλμησεν.

2016 3419 2245 3473 loratam
2294 3416 2593 3474 occultavit
2643 3433 2655 3468 :

2015 3517 2204 3578 aperta
2225 3507 2405 3562 fronte
2448 3505 2788 3575 impietatem
2819 3519 2974 3558 suam
3008 3505 3322 3574 proﬁtetur,
3355 3520 3581 3575 eosque,

2013 3601 2108 3670 qui
2159 3601 2318 3655 aliter
2371 3599 2653 3661 sentiunt,
2709 3597 2972 3651 audacter
3020 3597 3464 3651 anathematizat.
3527 3599 3585 3653 in

2021 3242 2091 3294 ab
2127 3255 2195 3295 eo
2235 3239 2481 3299 missam,
2512 3253 2620 3292 non
2649 3252 2770 3291 esse
2812 3238 3138 3307 simpliciter
3173 3239 3588 3304 admittendam.
3637 3304 3644 3310 I

2019 3331 2075 3384 in
2107 3346 2213 3400 qua
2251 3330 2576 3384 sententiam
2615 3329 2927 3382 litereticam
2958 3328 3179 3396 pietatis
3207 3328 3462 3398 dogmate
3491 3345 3588 3384 co-

2711 3415 2982 3484 siquidem
3037 3415 3092 3469 in
3154 3417 3428 3486 capitibus
3481 3419 3588 3473 illis

357 3692 446 3746 Ἐν
498 3691 554 3744 δὲ
607 3693 672 3760 τῇ
722 3689 975 3759 ἐπιστολῇ
1018 3687 1218 3758 βλάψαι
1270 3686 1381 3757 (i8)
1429 3687 1749 3758 πανούργως
1786 3689 1912 3751 τοὺς

2029 3693 2243 3762 apistola
2279 3699 2463 3746 autem
2504 3690 2699 3745 callide
2739 3689 3171 3758 simplicioribus
3209 3689 3468 3744 damnum
3498 3692 3583 3744 in-c

343 3782 740 3852 ἁπλουστέρους
774 3780 1118 3851 ἐπεχείρησε.

411 3871 503 3942 Μὴ
529 3871 708 3923 τοίνυν
739 3869 1125 3940 καταφρονήσῃ
1153 3868 1262 3939 (19)
1292 3868 1388 3936 τῆς
1413 3866 1726 3931 ὑποθέσεως
1763 3869 1795 3938 ή
1841 3867 1906 3937 σὴ

2015 3782 2159 3837 ferre
2188 3781 2421 3836 studuit.

2077 3874 2278 3929 Caveat
2310 3874 2496 3943 itaque
2517 3872 2782 3927 sanctitas
2823 3879 2935 3936 tua,
2968 3887 3036 3926 ne
3061 3887 3282 3927 causam
3319 3873 3578 3942 negligat,

2010 3983 2079 4022 ne
2110 3975 2297 4036 postea
2329 3966 2563 4020 haeresin
2591 3965 2734 4020 hanc
2759 3965 3169 4020 corroboratam
3203 3964 3496 4033 aspiciens,
3527 3966 3580 4018 in

341 4053 529 4105 θεῖσαν
557 4052 829 4120 ἁνονήτως
861 4049 1178 4120 ἁλγύνηται,
1219 4049 1310 4103 καὶ
1337 4048 1580 4120 ἁσχὰλλῃ
1624 4049 1906 4119 ἐπαμῦναι

2029 4075 2210 4114 ranum
2247 4059 2450 4121 doleat,
2488 4065 2544 4112 et
2583 4058 2726 4126 quod
2758 4057 3016 4126 pietatem
3052 4055 3334 4110 vindicare
3369 4055 3577 4110 deinde

343 4143 542 4215 μηκέτι
569 4142 837 4213 δυναμένη
864 4144 927 4211 τῇ
963 4139 1235 4210 εὐσεϐείᾳ.

2029 4159 2264 4221 nequeat,
2297 4166 2356 4205 se
2381 4149 2604 4221 afﬂigat.
3227 4197 3240 4208 .

421 4235 848 4303 ’Λπεστείλαμεν
879 4233 934 4284 δὲ
983 4231 1076 4284 καὶ
1101 4230 1161 4283 τὺ
1191 4232 1304 4284 ίσον
1337 4229 1431 4282 τοῦ
1473 4230 1662 4300 τόμου.
1689 4225 1750 4284 οῦ
1783 4233 1903 4284 ἐπι-

2076 4241 2322 4295 Misimus
2353 4240 2518 4295 etiam
2553 4239 2864 4310 exemplum
2893 4237 3102 4310 scripti,
3148 4239 3293 4308 quod
3332 4239 3575 4309 piissimo

337 4326 645 4395 δεδώκαμεν
685 4324 764 4393 τῷ
795 4323 1167 4391 εὐσεϐεστάτῳ
1208 4321 1303 4374 καὶ
1335 4321 1664 4391 φιλοχρίστῳ
1699 4322 1907 4392 βασιλεῖ

2029 4329 2582 4400 lbristianissimoque
2621 4329 2940 4399 imperatori
2974 4337 3162 4383 nostro
3197 4329 3570 4392 exhibuimus,

338 4416 514 4485 ἡμῶν,
545 4416 666 4482 ἔχον
709 4415 806 4483 τὴν
842 4413 1022 4466 πίστιν
1048 4411 1156 4463 τῶν
1201 4411 1371 4478 ἁγίων
1410 4412 1672 4482 Πατέρων
1703 4413 1809 4465 τῶν
1844 4414 1902 4466 ἐν

2029 4437 2116 4490 [uo
2150 4427 2463 4475 sanctorum
2507 4420 2851 4476 Nicmnorum
2889 4420 3112 4474 Patrum
3153 4420 3288 4473 ﬁdes
3320 4420 3571 4474 contine-

332 4507 380 4560 Ν
389 4508 558 4577 ικαίᾳ·
585 4507 643 4558 ἐν
665 4500 708 4573 ᾧ
729 4503 1049 4572 ἐξεϐάλομεν
1083 4503 1148 4555 τά
1181 4502 1488 4572 πρόσφατον
1512 4504 1902 4574 ἐπεισαχθέντα

2029 4487 2118 4576 ur,
2148 4519 2209 4566 et
2251 4509 2511 4566 haeretica
2545 4509 2731 4581 Cyrilli
2761 4509 2942 4578 capita
2985 4523 3178 4563 recens
3213 4508 3433 4564 inducta
3479 4525 3569 4564 rc-

334 4597 446 4650 ὐπὸ
471 4595 563 4652 τοῦ
601 4596 868 4668 Κυρίλλου
896 4593 1144 4664 αίρετικά
1179 4593 1467 4663 κεφάλαια,
1497 4594 1753 4666 ἀλλότρια
1783 4597 1901 4666 κρί-

2029 4601 2326 4665 νεοδοηιιιτ,
2355 4616 2420 4655 ea
2451 4601 2612 4656 nobis
2636 4599 3016 4671 iudicantibus
3043 4599 3112 4656 ab
3133 4599 3436 4654 orthodoxa
3463 4599 3568 4654 fide

331 4704 521 4749 ναντες
547 4685 683 4738 αὐτά
703 4686 801 4756 τῆς
835 4681 1112 4756 ὀρθοδόξου
1144 4683 1400 4746 πίστεως.

2033 4687 2197 4745 ιίθηεζ

2071 4801 2282 4877 1354
2307 4803 2576 4871 Quoniam
2609 4820 2740 4864 vero
2764 4805 2920 4876 juxta
2949 4805 3181 4876 piissimi
3219 4805 3568 4875 imperatoris

333 4885 787 4950 σταντινούπολιν,
829 4885 971 4940 οὕτω
1000 4887 1095 4938 τοῦ
1136 4887 1524 4942 εὐσεϐεστάτου
1558 4889 1898 4958 προστάξαν-

2029 4894 2312 4950 undatum
2351 4905 2478 4952 octo
2523 4904 2736 4952 tantum
2776 4897 2832 4949 in
2871 4895 3152 4950 civitatem
3182 4894 3568 4966 Constantino-

328 4995 420 5040 τος
452 4975 734 5046 βασιλέως,
764 4973 1112 5042 ὑπετάξαμεν
1133 4974 1246 5044 (το)
1271 4977 1365 5027 καὶ
1393 4975 1455 5027 τὸ
1487 4976 1600 5029 ἴσον
1639 4975 1732 5028 τοῦ
1757 4979 1900 5030 ἐντο-

2033 4986 2291 5041 olitanam
2343 4987 2625 5050 venimus,
2678 4988 2697 5007 ⁶
2744 4985 3102 5055 ascripsimus
3152 4986 3318 5039 etiam
3376 5001 3564 5042 exem-

325 5066 501 5130 λίκοῦ,
539 5066 632 5119 τοῦ
675 5063 824 5135 παρὰ
857 5064 956 5133 τῆς
1011 5063 1170 5130 ἁγίας
1217 5066 1432 5116 συνόδου
1467 5066 1708 5128 δοθέντος
1744 5067 1892 5136 ἡμῖν’

2030 5077 2144 5129 lum
2167 5077 2406 5132 mandati
2437 5091 2467 5130 a
2491 5085 2677 5131 sancta
2698 5075 2908 5146 synodo
2938 5077 3097 5131 nobis
3124 5075 3260 5141 dati,
3298 5092 3408 5146 quo
3435 5093 3563 5147 pro—

319 5158 413 5211 διὰ
443 5157 540 5228 τὴν
571 5157 769 5226 γνῶσιν
796 5155 904 5208 τῶν
931 5154 1264 5224 ἐγκειμένων
1297 5154 1448 5224 αὐτῷ
1489 5157 1790 5226 ἐπαρχιῶν,
1826 5158 1895 5219 ἃς

2031 5164 2188 5218 ἱηοὶω
2220 5165 2276 5218 in
2313 5165 2408 5218 illo
2439 5165 2728 5219 recensita
2764 5163 3180 5233 dignoscantur.
3224 5166 3329 5222 Eas
3355 5166 3502 5220 enim
3529 5181 3563 5218 ει

323 5251 476 5303 ἐστιν
502 5251 610 5303 ἀπὸ
653 5249 761 5303 τῶν
790 5247 1124 5319 ὑπογραφῶν
1157 5247 1266 5300 τῶν
1313 5247 1722 5316 μητροπολιτῶν
1750 5248 1891 5316 γνῶ·-

2029 5251 2543 5322 ietropolitanorum
2599 5251 3104 5323 subscriptionibus
3155 5255 3417 5309 sanetitas
3470 5263 3562 5307 tua

320 5359 410 5394 ναι
446 5341 546 5412 τὴν
583 5341 681 5412 σὴν
722 5340 993 5411 ὁσιότητα.
1037 5341 1226 5393 Πᾶσαν
1265 5337 1363 5409 τὴν
1409 5339 1504 5392 σὺν
1551 5339 1633 5392 σοι
1664 5337 1885 5409 ἁδελφόο

2029 5351 2308 5413 ognoscet.
2362 5341 2674 5400 Salutamus
2700 5345 3034 5412 universam,
3067 5362 3187 5417 qua:
3224 5353 3400 5400 tecum
3427 5343 3560 5419 agit.

318 5448 459 5499 τητα
486 5432 980 5506 προσαγορεύομεν.

2029 5435 2414 5492 raternitatem.

342 3962 579 4030 ὁσιότης,
615 3961 702 4014 ἵνα
748 3959 822 4031 μὴ
859 3959 1084 4029 ὓστερον
1116 3959 1299 4029 ὁρῶσα
1327 3957 1424 4028 τὴν
1445 3958 1658 4029 αἵρεσιν
1679 3970 1909 4028 κρατυν-

416 4796 630 4866 Ἐπειδὴ
677 4797 825 4867 μόνοι
853 4796 998 4850 ὀκτὼ
1037 4797 1448 4868 παρεγενόμεθα
1479 4798 1558 4862 είς
1596 4795 1694 4867 τὴν
1746 4800 1899 4854 Κων-

375 5588 438 5721 -ἐὶ
451 5590 505 5658 6)
536 5589 820 5654 ἀνεδέξατο
849 5591 918 5645 Μ.
1319 5609 1325 5614 '

375 5697 378 5704 .
414 5659 499 5721 l7)
530 5659 811 5721 ὁρωμένης
839 5660 1114 5721 Θεοφιλίας
1145 5659 1214 5712 Μ.
1252 5657 1307 5711 in

530 5659 811 5740 ὁρωμένης
839 5660 1114 5740 θεοφιλίας
1145 5659 1214 5712 Μ.
1252 5657 1307 5711 in
1337 5659 1602 5730 margine.

386 5725 497 5798 (l8)
528 5725 721 5799 κλέψαι
751 5725 820 5782 Μ.
853 5731 906 5783 in
939 5725 1194 5799 margine.

633 5824 899 5884 ΡΑτιιοι..
945 5825 1060 5884 Gn.
1107 5825 1418 5886 LXXXIII.

3088 5822 3158 5885 47

2065 5591 2176 5734 (l9;
2213 5592 2678 5665 καταφρόνησάτω
2710 5593 2778 5649 Μ.
2811 5593 2864 5646 in
2895 5592 3157 5661 margine.

2066 5662 2155 5733 (90
2209 5663 2604 5734 ὐπεγράψαμεν
2631 5665 2702 5718 Μ.
2729 5663 2782 5715 in
2813 5663 3077 5730 margine.

2209 5663 2604 5734 ὑπέγραψαμεν
2631 5665 2702 5718 Μ.
2729 5663 2782 5715 in
2813 5663 3077 5730 margine.
