4072 6414
373 355 510 419 1485
1671 350 1888 410 EPIST
1891 351 1982 410 OL

2074 351 2353 412 CLXXII.
3498 355 3635 422 1486

369 463 699 538 φρονοῦντας
714 461 1078 531 εὑρίσκοντες.
1099 479 1118 513 ι
1140 454 1235 525 Εἷς
1246 460 1354 532 γὰρ
1375 458 1593 532 Κύριος,
1616 460 1713 531 μία
1741 459 1945 523 πίστις,
1980 512 1982 519 λ

2074 459 2252 518 ientes
2290 463 2663 533 reperirentus
2695 464 2863 534 (unus
2893 465 3044 520 enim
3093 463 3378 530 Dominus,
3413 480 3517 519 una
3574 468 3633 519 li-

367 559 427 612 εν
472 558 775 629 βάπτισμα,
813 554 1200 624 »νὲδοξάσαμεν
1227 554 1319 606 τὸν
1368 551 1477 605 τῶν
1530 552 1665 606 ὅλων
1717 552 1945 621 Σωτῆρα

366 650 523 712 Θεὸν,
547 648 799 720 ἀλλήλοις
841 646 1249 716 συγχαίροντες,
1289 645 1374 697 ὅτι
1406 647 1524 707 ταῖς
1563 641 1945 703 Geo-mysticam;

368 743 649 814 Γραφαίς,
692 741 878 810 mira
934 738 1233 809 παραδόσει
1268 737 1377 790 τῶν
1421 737 1593 806 ἁγίων
1644 733 1941 805 Πατέρων,

372 830 777 901 συμϐαίνουσαν
827 827 1010 898 ἔχουσι
1052 827 1237 880 πίστιν
1285 824 1350 880 αἴ
1388 842 1446 877 τε
1489 824 1617 894 παρ’
1660 824 1792 893 ἡμῖν
1850 819 1945 873 καὶ

373 922 506 992 παρ’
542 922 673 991 ὑμῖν
720 917 1062 990 Ἑκκλησίαι.

371 1118 630 1176 CLXXII.
654 1148 725 1159 —
747 1116 995 1189 Epistota
1036 1116 1343 1172 Theodoreti
1374 1114 1445 1169 ad
1487 1112 1789 1168 Nestorium
1818 1110 1954 1181 (55).

377 1232 557 1287 Versio
611 1233 836 1302 antiqua
889 1231 1111 1354 inserth
1140 1230 1273 1352 actis.
1326 1228 1525 1298 quinta:
1572 1225 1884 1282 Collationis
1927 1239 1957 1277 ν

1114 1316 1215 1354 nmo
1253 1317 1295 1353 ι.

1114 1316 1295 1372 ynoat.

448 1414 681 1469 Domino
711 1427 836 1469 meo
865 1411 1325 1467 reverendissimo
1354 1418 1413 1465 et
1441 1409 1873 1480 religiosissime,
1905 1415 1963 1461 et

2049 548 2168 613 des,
2196 567 2365 605 unum
2385 552 2657 621 baptisma
2679 553 2769 623 θ’),
2799 553 3227 623 gloriﬁcavimus
3249 553 3635 608 universorum

2050 637 2387 696 Salvatorem
2417 644 2612 710 Deum,
2651 644 2887 699 invicem
2933 644 3364 715 congaudentes,
3404 647 3551 716 quod
3580 657 3636 700 et

2050 744 2173 798 quae
2201 732 2346 801 apud
2380 749 2480 788 nos
2508 743 2661 799 sunt,
2696 744 2753 789 et
2786 752 2907 805 quae
2945 735 3092 806 apud
3126 751 3245 799 vos,
3279 736 3540 791 Ecclesiae
3577 739 3637 790 li-

2052 819 2179 875 dem
2213 824 2453 880 habeant
2490 827 2696 881 divinis
2743 826 3047 898 Seripturis
3079 836 3511 898 sanctorumque
3536 828 3638 880 Pa-

2056 922 2205 969 trum
2239 918 2518 973 traditioni
2554 928 2998 975 consentaneam.

2150 1112 2405 1177 CLXXII.
2439 1145 2506 1155 --
2532 1113 2772 1186 Epistola
2805 1112 3105 1168 Theodoreti
3137 1111 3203 1165 ad
3237 1109 3553 1165 Nestorium.

2491 1227 2666 1282 Versio
2700 1228 2861 1282 Marii
2890 1226 3214 1280 Mercatoris.

2134 1398 2367 1455 Domino
2399 1415 2522 1455 meo
2547 1415 2677 1455 vere
2704 1401 2798 1455 Dei
2832 1399 3232 1464 amantissimo,
3258 1406 3316 1453 et
3332 1395 3642 1453 venerando

376 1508 728 1563 sanctissimo
759 1507 927 1577 patri,
969 1504 1230 1575 episcopo
1279 1502 1555 1566 Nestorio,
1591 1499 1963 1555 Theodoritus
2057 1498 2260 1545 sancto
2292 1492 2439 1546 Patri
2497 1493 2774 1558 Nestorio,
2828 1493 3109 1563 episcopo,
3164 1490 3549 1546 Theodoretus
3587 1488 3643 1542 in

380 1600 438 1655 in
469 1600 703 1655 Domino
734 1598 992 1670 gaudere.

451 1690 610 1756 Quod
653 1703 761 1743 non
814 1688 1023 1742 urbana
1071 1684 1492 1741 conversatione
1545 1683 1821 1745 delector,
1859 1697 1961 1736 nec

382 1779 639 1838 saeculari
688 1778 997 1842 curatione,
1040 1793 1146 1833 nec
1189 1777 1382 1848 gloria,
1427 1790 1530 1829 nec
1576 1774 1701 1828 aliis
1734 1772 1961 1827 sedibus

383 1889 508 1929 sum
534 1872 807 1942 alligatus,
839 1871 1080 1924 arbitror
1109 1868 1253 1923 scire
1289 1874 1437 1920 tuam
1474 1864 1840 1919 sanctitatem.
1871 1862 1965 1915 Li-

384 1972 477 2018 cet
506 1963 655 2016 enim
692 1970 748 2016 et
776 1960 915 2016 nihil
950 1959 1119 2026 aliud,
1165 1960 1281 2028 ipsa
1332 1966 1514 2011 tamen
1545 1955 1788 2010 solitudo
1827 1954 1965 2007 civi-

390 2055 538 2118 tatis,
583 2068 747 2123 quam
791 2052 1102 2123 gubernare
1128 2050 1360 2103 sortitus
1406 2063 1559 2111 sum,
1596 2044 1794 2101 sufﬁcit
1826 2045 1968 2098 hanc

387 2143 499 2213 (36)
536 2159 621 2198 me
650 2143 1055 2213 phiIOSOphiam
1086 2140 1305 2195 docere.
1336 2139 1456 2193 Non
1479 2138 1660 2193 solum
1696 2137 1847 2191 enim
1881 2151 1969 2189 so-

387 2232 698 2296 litudinem,
734 2231 831 2286 sed
857 2231 1023 2285 etiam
1054 2229 1323 2299 plurimos
1356 2228 1524 2282 habet
1549 2241 1733 2281 rerum
1766 2225 1971 2279 tumul-

391 2333 500 2390 tus,
532 2325 626 2395 qui
663 2332 893 2395 possnnt
913 2323 1094 2379 facere
1126 2322 1332 2393 pigros,
1369 2321 1535 2375 etiam
1558 2335 1655 2374 eos
1685 2319 1780 2389 qui
1812 2319 1969 2373 valde

387 2416 471 2471 eis
504 2416 764 2486 gaudent.

458 2507 630 2561 Nemo
663 2506 829 2578 igitur
856 2505 1184 2576 persuadeat
1212 2513 1319 2559 tua:
1358 2503 1660 2568 sanctitati,
1697 2501 1843 2572 quod
1868 2517 1971 2572 ego

388 2597 983 2680 episcopalem‘sedem
1016 2596 1267 2665 cupiens,
1305 2593 1615 2649 cohibenda
1654 2593 1673 2662 (
1694 2593 1800 2662 57)
1840 2606 1972 2646 ocu-

392 2692 476 2745 los
526 2705 701 2751 meos.
744 2699 1001 2760 tanquam
1042 2688 1379 2743 orthodoxas
1428 2685 1644 2755 suscepi
1694 2683 1973 2755 Egyptia-

393 2796 487 2836 cas
520 2780 753 2836 litteras.
784 2781 855 2836 Ut
893 2781 1039 2833 enim
1068 2795 1190 2833 cum
1229 2778 1344 2848 ipsa
1377 2777 1604 2831 veritate
1636 2776 1838 2839 dicam,
1867 2788 1970 2828 sa:-

394 2872 520 2943 pius
553 2887 616 2926 ea
661 2872 868 2942 perlegi
902 2879 957 2925 et
991 2870 1270 2924 subtiliter
1318 2868 1573 2933 discussi,
1613 2877 1670 2923 et
1712 2866 1971 2921 hmretica

396 2966 517 3020 illas
554 2963 1197 3019 amaritudineliberatas
1218 2960 1330 3032 (38)
1346 2976 1467 3015 esse
1496 2959 1706 3022 inveni,
1736 2966 1791 3012 et
1812 2957 1970 3012 timui

396 3055 690 3125 quamdam
717 3055 798 3109 eis
836 3053 1104 3107 maculam
1138 3053 1442 3122 imponere,
1475 3036 1533 3105 et
1570 3058 1720 3105 certe
1754 3047 1812 3101 in
1849 3048 1977 3102 odio

289 3204 311 3225 ,
399 3151 631 3215 habens,
670 3163 836 3219 quam
879 3147 1020 3201 alius
1047 3146 1295 3216 quidam,
1333 3154 1545 3214 patrem
1584 3144 1822 3204 illarum,
1859 3150 1981 3195 tan-

400 3256 565 3311 quam
588 3249 871 3293 auctorem
894 3237 1228 3290 tumultuum
1253 3234 1610 3297 exsistentem
1625 3231 1780 3284 orbis
1805 3238 1981 3282 terra-

406 3340 525 3382 rum
555 3345 567 3381 :
598 3335 655 3381 et
690 3339 851 3395 spero
882 3324 1062 3378 nullas
1089 3334 1280 3392 poenas
1305 3318 1586 3373 sustinere
1618 3315 1784 3384 hujus
1809 3311 1982 3383 gratia

405 3419 460 3472 in
484 3418 572 3473 die
589 3416 807 3488 judicii,
831 3414 1090 3484 quoniam
1110 3413 1294 3482 justus
1304 3408 1472 3480 judex
1506 3404 1867 3460 intentionem
1892 3416 1985 3455 ex-

404 3508 599 3578 quirit.

422 3610 427 3613 '
475 3599 573 3655 liis
608 3614 741 3654 vero
775 3612 896 3668 qua:
920 3594 1188 3651 adversus
1213 3600 1361 3646 tuam
1399 3589 1746 3653 sanctitatem
1786 3587 1987 3656 injuste

406 3702 465 3748 et
508 3702 699 3747 contra
739 3691 890 3760 leges
939 3688 1081 3743 facta
1130 3693 1280 3751 sunt,
1334 3700 1436 3741 nec
1480 3681 1527 3737 si
1555 3682 1744 3735 ambas
1794 3693 1991 3733 manus

410 3803 561 3843 meas
589 3787 792 3856 aliquis
820 3783 1029 3844 incidet
1076 3781 1212 3852 (59),
1234 3779 1413 3850 patiar
1432 3775 1775 3838 consentire,
1804 3772 1990 3826 divina

409 3878 667 3933 videlicet
695 3876 871 3947 gratia
908 3890 996 3930 me
1040 3873 1353 3945 adiuvante,
1381 3878 1437 3925 et
1466 3868 1842 3922 infirmitatem
1875 3865 1994 3918 ani-

414 3982 515 4023 mm
544 3975 928 4038 supportante.

483 4061 550 4116 Et
583 4049 699 4133 (40).
721 4060 826 4114 hoc
850 4057 1017 4114 etiam
1044 4063 1259 4112 certum
1278 4053 1625 4125 exigentibus
1650 4066 1749 4121 per
1781 4050 1997 4104 litteras

414 4151 539 4205 feci.
576 4150 761 4204 Direxi
784 4165 918 4204 vero
961 4148 1130 4203 etiam
1164 4156 1269 4201 tum
1295 4144 1593 4207 sanctitati,
1632 4158 1754 4212 quae
1787 4142 2005 4197 rescri-.

416 4243 628 4312 psimus
648 4241 718 4295 ad
746 4255 812 4295 ea
840 4256 963 4310 qua:
986 4239 1208 4309 scripsit
1229 4237 1411 4302 nobis,
1436 4243 1499 4289 nt
1513 4242 1827 4304 cognoscat,
1850 4232 1998 4301 quod

418 4331 629 4385 nullum
654 4346 756 4385 nos
790 4339 1027 4400 tempus,
1056 4334 1285 4398 propter
1317 4324 1429 4400 (41)
1463 4325 1704 4379 divinam
1732 4324 1994 4378 virtutem

2062 1581 2295 1637 Domino
2325 1584 2577 1638 salutem.

2129 1674 2287 1741 Quod
2328 1675 2535 1731 urbana
2566 1692 2651 1731 me
2688 1683 3033 1732 conversatio
3061 1684 3118 1730 et
3146 1672 3475 1742 obsequium
3532 1669 3647 1740 glo-

2066 1766 2256 1835 riaque
2280 1782 2390 1820 non
2421 1776 2663 1838 superet,
2689 1782 2790 1823 nec
2813 1767 3044 1822 excelsis
3078 1765 3351 1834 indigeam
3393 1760 3642 1820 sedibus,

2065 1858 2304 1913 arbitror
2351 1868 2501 1914 tuam
2560 1874 2890 1929 cognoscere
2937 1859 3308 1914 sanctitatem.
3355 1854 3491 1908 Nam
3539 1851 3644 1907 etsi

2066 1949 2204 2005 nihil
2243 1951 2414 2015 aliud,
2455 1951 2645 2005 saltem
2681 1950 2919 2006 solitudo
2946 1949 3206 2012 civitatis,
3239 1948 3398 2017 cujus
3428 1944 3649 2012 dispen-

2068 2042 2332 2097 sationem
2352 2043 2544 2098 videor
2564 2060 2683 2098 esse
2702 2043 2952 2109 sortitus,
2973 2043 3116 2097 hanc
3135 2056 3221 2095 me
3246 2034 3650 2109 philosophiam

2069 2132 2404 2190 suﬂicienter
2444 2136 2668 2190 edocuit
2699 2177 2714 2196 ,
2752 2150 2920 2205 quam
2962 2143 3178 2189 constat
3219 2132 3287 2186 ad
3333 2128 3652 2185 solitudinis

2070 2226 2377 2290 cumulum,
2405 2227 2573 2281 etiam
2599 2228 2788 2282 turbas
2826 2228 3034 2282 habere
3062 2238 3374 2285 causarum,
3411 2236 3533 2290 qua?
3563 2235 3651 2274 re—

2074 2315 2292 2371 tardare
2334 2306 2602 2386 plurimos
2639 2317 2878 2382 valeant,
2918 2317 3085 2371 etiam
3112 2314 3206 2383 qui
3251 2312 3419 2366 rebus
3453 2309 3654 2362 talibus

1978 2468 1995 2485 .
2072 2406 2239 2462 nimis
2271 2410 2568 2464 exsultant.

2142 2500 2338 2556 Nullus
2385 2501 2554 2571 igitur
2603 2509 2713 2555 tute
2767 2497 3096 2569 persuadeat
3147 2493 3446 2558 sanctitati,
3507 2491 3654 2563 quod

2070 2612 2172 2668 ego
2207 2594 2406 2666 praesul
2440 2609 2560 2648 esse
2592 2592 2937 2653 desiderans,
2976 2589 3179 2644 clausis
3211 2588 3386 2642 oculis
3439 2583 3652 2654 1357

2071 2688 2223 2743 velut
2271 2695 2424 2741 recta
2475 2685 2767 2754 dogmata,
2834 2680 3084 2751 Egyptia
3171 2677 3375 2746 scripta
3465 2688 3655 2729 susce-

2072 2778 2270 2849 perim.
2300 2776 2436 2832 Nam
2467 2790 2564 2846 per
2593 2777 2767 2844 ipsam
2803 2772 2977 2827 fateor
3014 2771 3329 2830 veritatem,
3361 2764 3559 2835 saepius
3592 2778 3656 2815 ra

2074 2871 2365 2926 revolvens
2416 2877 2472 2922 et
2532 2866 2827 2935 diligenter
2870 2861 3226 2925 examinans,
3279 2857 3350 2913 ab
3399 2855 3658 2910 luerctita

2075 2963 2347 3034 pravitate
2373 2959 2550 3014 libera
2587 2953 2952 3027 deprehendi,
2981 2961 3038 3007 et
3076 2950 3314 3020 aliquam
3343 2947 3452 3002 illis
3482 2949 3659 3015 impo-

2004 3057 2049 3116 C.
2082 3068 2216 3108 nere
2258 3053 2529 3106 maculam
2570 3045 2888 3109 formidavi,
2936 3059 3047 3097 non
3083 3050 3269 3096 tamen
3298 3039 3449 3093 velut
3488 3037 3534 3091 is
3562 3050 3661 3104 ap-

2085 3145 2373 3215 probetur,
2426 3141 2519 3210 qui
2568 3140 2668 3193 toti
2723 3136 2929 3191 mundo
2970 3148 3136 3188 causa
3184 3126 3615 3202 perturbationis
3647 3130 3663 3147 '

2083 3234 2356 3290 exstiterit
2389 3231 2522 3302 (44),
2549 3239 2605 3283 et
2630 3243 2791 3297 spero
2825 3239 2912 3279 me
2951 3238 3049 3293 pro
3090 3223 3193 3276 hac
3230 3235 3289 3274 re
3324 3219 3493 3273 nullis
3525 3218 3664 3272 deli-

2084 3328 2188 3381 ctis
2219 3327 2272 3380 in
2304 3325 2393 3379 die
2412 3321 2609 3392 judicii
2650 3320 2955 3389 subiacere,
2985 3316 3113 3384 quia
3155 3313 3323 3384 iudex
3350 3311 3533 3382 justus
3573 3325 3667 3364 cx-

2087 3421 2267 3488 plorat
2289 3414 2634 3486 propositum
2671 3410 3036 3481 singulorum.

2160 3591 2260 3647 His
2308 3597 2490 3645 autem
2539 3601 2663 3656 quae
2694 3589 2885 3639 contra
2933 3589 3082 3633 tuam
3127 3574 3540 3631 venerationem
3580 3571 3667 3624 in-

2085 3686 2233 3755 juste
2261 3689 2424 3750 atque
2458 3678 2644 3746 inique
2668 3681 2880 3745 patrata
2906 3678 3054 3730 sunt,
3081 3682 3185 3722 nec
3222 3666 3268 3720 si
3292 3664 3428 3719 mihi
3456 3670 3667 3716 utram-

2091 3752 2199 3845 que
2225 3786 2445 3827 manum
2481 3768 2607 3837 quis
2645 3763 2998 3821 abscinderet
3042 3758 3177 3832 (45),
3202 3765 3398 3827 potero
3423 3752 3669 3824 przebere

2093 3879 2446 3927 consensum,
2476 3861 2660 3915 divina
2704 3855 2893 3927 procul
2945 3851 3116 3908 dubio
3159 3849 3295 3904 mihi
3340 3852 3671 3916 cooperante

2094 3959 2290 4031 gratia,
2314 3965 2371 4012 et
2391 3950 2764 4009 inﬁrmitatem
2790 3947 2986 4000 anima:
3011 3942 3354 3997 subievante.

2168 4049 2283 4103 Hoc
2316 4055 2500 4101 autem
2532 4043 2706 4096 etiam
2756 4038 2864 4101 his,
2899 4035 2995 4105 qui
3038 4034 3155 4087 haec
3190 4030 3439 4097 exigunt,
3460 4034 3673 4081 eertum

2096 4139 2297 4195 litteris
2322 4136 2448 4200 feci,
2482 4140 2540 4188 et
2576 4140 2770 4186 vestrae
2794 4126 2904 4201 (46)
2937 4123 3241 4184 sanctitati,
3266 4118 3397 4189 quid
3426 4116 3556 4171 eisa
3588 4132 3673 4168 me

2098 4229 2425 4298 rescriptum
2447 4208 2540 4288 sit,
2572 4220 2821 4289 exempla
2862 4215 3176 4277 transmisi,
3203 4218 3476 4281 quatenus
3505 4222 3676 4277 agno-

2101 4329 2218 4379 scat
2237 4318 2382 4389 quod
2408 4316 2620 4370 nullum
2650 4320 2865 4381 tempus
2891 4323 2991 4362 nos
3034 4321 3131 4375 per
3164 4304 3407 4358 divinam
3445 4299 3677 4369 gratiam

420 4422 673 4487 mutavit,
698 4436 801 4477 nec
834 4387 1184 4490 multipedcs,
1209 4419 1296 4473 vel
1323 4387 1742 4487 versipellioues
1774 4415 1992 4480 docuit,
2103 4387 2462 4467 commutabit
2498 4405 2629 4478 (47),
2669 4417 2774 4456 nec
2805 4399 3103 4470 polypodas
3125 4412 3224 4451 nec
3258 4393 3679 4449 chamteleontas

420 4529 655 4582 quorum
696 4514 754 4567 hi
795 4512 1021 4582 quidem
1070 4520 1276 4581 petras,
1303 4509 1382 4562 illi
1430 4508 1561 4563 folia
1604 4505 1713 4578 (έὲ)
1756 4521 1854 4575 per
1884 4505 1995 4576 (45)

421 4606 662 4661 colorem
692 4605 999 4660 imitantur.

484 4724 530 4756 ’⁸
558 4723 761 4791 Ephes.
784 4739 860 4777 tv.
888 4726 940 4780 5.

499 4839 626 4911 (55)-
650 4838 764 4911 Etsi
810 4838 997 4893 Graeca
1040 4837 1157 4911 haec
1200 4834 1430 4911 epistola
1467 4833 1660 4911 periit,
1686 4829 1893 4911 triplex
1923 4841 2035 4911 t_a--

425 4900 553 4978 men
580 4900 702 4978 ejus
724 4907 1109 4978 interpretatio
1141 4900 1437 4978 reperitur.
1467 4900 1653 4978 Prima
1686 4901 1744 4955 in
1772 4900 2006 4978 _Synod_i-

426 4973 516 5043 eo,
559 4971 768 5038 6120,
800 4971 945 5043 apud
990 4971 1259 5039 Mansuri),
1308 4985 1348 5029 t.
1380 4974 1444 5035 V,
1476 4989 1532 5043 p.
1557 4974 1660 5028 898
1674 4988 1691 5043 ;
1739 4971 2003 5043 alterain

428 5038 624 5119 synodi
663 5038 869 5119 quintae
906 5044 1296 5119 collatione_5,
1343 5038 1495 5111 apud
1525 5042 1802 5119 eumdem,
1841 5050 1880 5094 t.
1910 5038 2002 5119 lx,

430 5108 485 5187 p'.
512 5117 638 5182 294,
678 5108 1098 5196 cujuscunque
1121 5108 1395 5196 _prior_enf
1417 5118 1687 5196 ‘partenl.
1709 5108 2007 5196 Cant-uerius

432 5175 694 5255 posuerat
733 5175 789 5239 in
838 5175 1060 5255 Aucta}.
1121 5175 1477 5255 Theodoreti,
1526 5195 1600 5255 p._
1626 5178 1714 5232 74.
1763 5175 2024 5255 'iiertia-mo

430 5244 609 5310 edidit
632 5256 835 5310 Marius
856 5254 1126 5309 Mercator
1155 5268 1187 5307 e
1216 5244 1542 5307 recensione
1561 5245 1836 5307 Garnerii,
1870 5254 1912 5298 t.
1939 5244 2006 5306 ll,

434 5341 489 5395 p.
530 5325 637 5380 272
665 5342 809 5395 seq.,
845 5331 904 5378 et
940 5323 1171 5395 Baluzii,
1211 5339 1267 5392 p.
1295 5320 1400 5395 555
1442 5336 1560 5390 seq.
1595 5315 1918 5395 _Sccuudam
1955 5321 2013 5367 et

434 5383 654 5473 tertiam
682 5383 805 5458 hic,
829 5402 1111 5473 praeeunte
1124 5383 1422 5473 .Gainerio,
1450 5383 1756 5473 posuimus,
1789 5383 2013 5453 utrique

436 5459 814 5522 diversitatem
830 5459 1095 5519 lectionis
1123 5463 1180 5518 in
1205 5462 1497 5517 Baluziana
1532 5459 1775 5516 editione
1799 5464 1854 5509 et
1879 5468 2004 5509 eon-

437 5528 690 5603 ciliorum
719 5545 777 5590 et
812 5534 968 5589 Marii
993 5531 1311 5590 Mercatoris
1334 5531 1675 5603 adiicienteti-

665 5602 1005 5729 51:31:51,123?

534 5666 624 5743 '67)
665 5674 998 5729 Conhibendo
1026 5681 1160 5729 vett.
1200 5666 1444 5743 libri-ap.
1494 5671 1676 5726 Balnz.
1719 5667 1813 5738 qui
1838 5666 2007 5727 inter‘

440 5742 729 5814 prctatur:
762 5745 1125 5800 connivendo.
1240 5742 1269 5749 ”
1390 5742 1407 5743 ”
1924 5742 1925 5745 “

2104 4501 2359 4560 ostendet
2379 4496 2553 4567 :quod
2577 4494 2654 4548 illi
2684 4491 2906 4561 quidem
2927 4499 3127 4560 petras,
3146 4487 3204 4541 hi
3226 4500 3355 4540 vero
3375 4482 3502 4537 folia
3525 4481 3680 4552 juxta

2108 4596 2319 4650 colores
2340 4588 2597 4660 proprios
2637 4583 2947 4639 imitentur.

2182 4826 2294 4894 (38)
2331 4810 2575 4879 Libratas
2600 4816 2776 4894 Paris.
2804 4829 2896 4884 ap.

2331 4875 2590 4950 inrideret
2620 4887 2827 4943 rectius
2840 4875 2980 4954 vett.
3008 4878 3131 4935 libri
3160 4893 3251 4947 ap.
3288 4875 3473 4932 Baluzt.

2208 4953 2289 5023 ἅθ’
2338 4965 2407 5018 Et
2436 4964 2591 5017 abest
2610 4975 2641 5013 a
2670 4958 2843 5012 Paris.
2871 4953 3055 5005 Baluz.

2208 4972 2296 5103 dli
2334 5034 2534 5103 Prwter
2557 5030 2734 5103 idem:

2207 5030 2295 5103 41)
2334 5034 2534 5087 Prwter
2567 5030 2734 5082 idem.

2205 5107 2293 5159 42)
2338 5102 2468 5156 Vero
2506 5096 2850 5153 additidem.

2206 5170 2293 5244 45)
2469 5170 2633 5223 idcm‘
2863 5234 2875 5244 .
3345 5215 3663 5245 r-_...:.l..l.:l.'

2206 5215 2296 5310 ὦ
2704 5232 2809 5310 iliis
2856 5234 2990 5302 imp.
3030 5224 3297 5310 maculam
3341 5215 3689 5310 [orﬁdunbjgix

2115 5291 2460 5439 gpivrolbet—ur,
2497 5291 2638 5362 {velut
2674 5306 2764 5376 qui
2801 5312 2907 5358 toto
2936 5291 3141 5355 'muudo
3182 5312 3227 5349 c.
3265 5310 3298 5365 ρ
3343 5291 3389 5345 c.
3433 5291 3523 5345 Sic
3556 5291 3691 5343 edit.

2159 5403 2189 5439 a
2215 5400 2301 5439 uz.

2159 5400 2301 5440 ωυῑ.

2216 5452 2306 5522 45)
2347 5448 2638 5522 Abscigerit
2670 5446 2731 5500 Β.

2214 5516 2303 5579 itii
2343 5520 2481 5576 Tum.
2500 5516 2561 5577 Β.

2223 5526 2281 5579 56
2343 5526 2481 5576 Tum.
2501 5526 2561 5577 Β.

2223 5526 2303 5667 4Ἱῖ
2345 5589 2700 5671 Commu’tdvit
2729 5615 2800 5628 -—
2834 5578 3077 5667 ostendit.
3107 5573 3168 5631 Β.
