4072 6430
391 390 530 455 1487

821 508 993 565 Venio
1023 513 1180 568 Harii
1215 515 1540 576 Mercatoris.

463 619 693 672 Omnem
710 635 848 689 :quae
865 637 989 676 cum
1031 632 1120 677 tua
1153 627 1503 681 veneratione
1527 638 1610 683 est
1635 630 1689 682 in
1715 629 1964 694 Domino,

393 706 812 773 fraternitatem,
853 728 954 782 ego
981 721 1035 767 et
1079 715 1173 783 qui
1217 732 1434 772 mecum
1479 728 1628 783 sunt,
1669 719 1967 788 plurimum

393 802 714 858 salutamus.

393 1003 611 1074 1358
638 1004 915 1080 CLXXIII:
945 1039 1014 1047 —-
1044 1009 1285 1080 Epistula
1337 1013 1407 1065 ad
1452 1013 1722 1068 Andream
1775 1031 1962 1070 mona-

684 1077 835 1130 chum
870 1076 1512 1148 Constantinpolitanum
1541 1084 1673 1154 (i9).

461 1187 654 1244 Fidelis
697 1201 871 1245 autem
915 1192 1078 1259 Deus,
1117 1196 1208 1266 qui
1248 1213 1352 1249 non
1387 1197 1619 1266 patietur
1648 1215 1814 1269 neque
1847 1215 1961 1262 nos,

381 1295 554 1349 neque
601 1297 687 1334 vos
721 1283 914 1336 tentari
956 1300 1117 1353 supra
1152 1284 1258 1356 (50)
1286 1285 1339 1338 id
1381 1287 1518 1356 quod
1549 1304 1841 1357 possumus,
1870 1291 1962 1343 sed

390 1373 544 1439 faciet
569 1389 688 1426 cum
724 1376 1010 1429 tentalione
1045 1378 1203 1430 etiam
1233 1379 1427 1432 exitum
1447 1419 1461 1441 ,
1492 1389 1546 1433 ut
1575 1382 1798 1434 tolerare
1838 1398 1959 1451 pos-

387 1465 550 1517 simus
569 1465 634 1528 ³⁸,
670 1475 726 1519 et
753 1466 1097 1530 mendacium
1130 1464 1350 1538 quidem
1380 1470 1680 1540 redarguit,
1709 1475 1960 1541 quamvis

387 1564 443 1608 et
490 1571 637 1609 llllllC
669 1557 902 1611 assertio
940 1559 1206 1627 probetur
1249 1560 1520 1616 mendacii
1565 1563 1864 1628 confutata,
1903 1573 1960 1620 et

389 1646 636 1701 veritatis
668 1656 884 1703 ostensa
919 1651 1182 1719 potentia.

453 1739 590 1793 Ecce
635 1740 781 1794 enim
825 1744 918 1811 qui
958 1742 1258 1800 Salvatoris
1285 1745 1492 1800 Christi
1522 1755 1748 1802 naturas
1790 1749 1954 1820 impia

1381 407 1864 468 THEODORETI
1903 411 2240 472 EPISCOPI
2281 415 2645 476 CYRENSIS

3511 416 3644 481 1488

2547 529 2720 584 Versio
2746 541 2847 585 act.
2880 549 2912 586 γ
2947 531 3166 604 Synodi.

2151 636 2468 694 Universam
2503 641 2923 708 fraternitatem,
2945 661 3067 715 quae
3093 655 3272 700 tecum
3302 652 3406 707 est,
3445 643 3499 698 in
3534 645 3650 698 [δυσ

2076 723 2245 789 mino,
2271 742 2371 798 ego
2391 739 2446 784 et
2466 733 2558 799 qui
2578 748 2792 786 mecum
2817 744 2966 796 sunt,
2985 736 3282 804 plurimum
3311 733 3421 804 (48)
3439 733 3645 786 saluta-

2073 830 2213 872 ntus.

2142 1026 2352 1083 Placuit
2387 1030 2553 1102 igitur
2579 1031 2759 1094 nobis,
2788 1042 2850 1085 ut
2888 1032 2934 1086 si
2980 1030 3242 1086 sanctitas
3269 1038 3450 1084 vestra
3491 1043 3646 1082 rece—

2069 1117 2212 1185 perit
2252 1119 2524 1176 Ecclesias
2560 1121 2824 1176 divinitus
2854 1121 2959 1175 sibi
2997 1119 3347 1182 commissas,
3375 1117 3644 1188 Egyptiis

2067 1216 2124 1263 et
2169 1210 2278 1279 (56)
2321 1211 2942 1283 Constantinopolitanis
2998 1213 3426 1276 communicare,
3484 1213 3638 1266 aliis-

2068 1317 2174 1370 que
2197 1302 2291 1371 qui
2316 1312 2504 1357 eontra
2526 1319 2626 1358 nos
2652 1319 2774 1357 cum
2797 1304 2878 1358 eis
2900 1303 3161 1358 militasse
3180 1311 3483 1356 noscuntur
3503 1303 3634 1372 (57),

2066 1393 2194 1461 quia
2228 1402 2469 1448 nostram
2505 1393 2688 1455 fidem,
2718 1395 2890 1464 magis
2911 1402 3094 1449 autem
3133 1393 3526 1462 apostolorum,
3575 1408 3636 1446 se

2066 1484 2270 1538 habere
2304 1485 2534 1553 professi
2579 1494 2741 1550 sunt;
2792 1484 3128 1540 damnationi
3167 1499 3298 1538 vero
3337 1482 3635 1537 venerandi

2064 1585 2121 1628 et
2149 1575 2475 1630 sanctissimi
2507 1577 2763 1640 Nestorii,
2798 1590 2920 1644 qua:
2945 1575 3084 1628 facta
3115 1573 3339 1637 dici-tur,
3358 1587 3470 1626 non
3493 1587 3634 1641 pra:-

2063 1665 2192 1721 bere
2217 1682 2567 1722 consensum.

2134 1757 2348 1827 1359
2373 1757 2622 1826 Iniquum
2640 1771 2875 1825 namque
2903 1769 3031 1809 vere
3063 1752 3362 1820 etimpium
3382 1763 3639 1818 compro-

389 1831 803 1887 ratiocinatione
841 1835 1224 1900 confuderant,
1251 1847 1308 1892 et
1347 1854 1508 1892 unam
1538 1847 1790 1894 naturam
1835 1841 1952 1897 τιυεί
1991 1858 2029 1911 Β
2057 1848 2330 1912 balnus’si
2349 1849 2416 1902 de
2567 1847 2756 1902 iisdcfn
2791 1845 3138 1906 crinﬁnibus’
3159 1844 3226 1898 de
3242 1843 3511 1912 quibusel
3543 1857 3635 1895 50..

388 1923 608 1978 fuerant
655 1927 974 1994 praedicare,
998 1943 1062 1981 ac
1100 1928 1186 1982 dei
1199 1929 1292 1983 tati
1324 1930 1605 1998 passiones
1632 1932 1954 2002 adjungere,

385 2028 679 2086 propterea
712 2019 877 2072 etiam
921 2021 1268 2074 sanctissimo
1301 2031 1356 2076 et
1388 2023 1702 2078 venerando
1739 2040 1955 2078 summo

384 2108 479 2164 Dei
511 2108 755 2177 pontifici
795 2110 1050 2164 Nestorio
1089 2111 1420 2166 insultarant
1459 2112 1592 2184 (51),
1628 2114 1780 2167 velut
1818 2129 1956 2183 quo-

383 2196 506 2251 dam
535 2199 730 2253 chamo
762 2207 817 2253 et
854 2200 1031 2264 freno,
1058 2203 1361 2256 secundum
1393 2203 1724 2273 Prophetam
1751 2204 1818 2269 ⁸⁷,
1840 2221 1957 2258 ma-

384 2289 530 2343 xillis
557 2290 784 2344 omnino
822 2291 1140 2356 confractis,
1169 2302 1225 2348 et
1267 2309 1296 2345 a
1345 2295 1527 2363 pravis
1549 2296 1617 2349 ad
1648 2304 1796 2351 recta
1829 2313 1956 2366 per-

382 2378 597 2443 ductis,
648 2379 935 2436 veritatem
993 2381 1193 2436 iterum
1261 2384 1688 2452 addidiccrunt,
1738 2395 1958 2444 utentes

380 2470 500 2538 ejus
549 2471 873 2536 assertione,
913 2472 1006 2541 qui
1051 2489 1152 2543 pro
1208 2476 1439 2530 veritate
1492 2476 1634 2532 bella
1669 2478 1951 2532 sustinuit.

381 2560 488 2615 Pro
529 2577 636 2615 una
698 2577 934 2631 namque
989 2572 1217 2629 natura,
1253 2564 1390 2620 duas
1441 2565 1494 2620 in
1535 2569 1957 2636 praesentiarum

379 2650 712 2706 confitentur
777 2654 1352 2724 (anathematizantes
1425 2673 1555 2724 eos,
1599 2659 1694 2729 qui
1754 2661 1956 2730 permi-

379 2741 612 2795 stionem
647 2751 738 2796 aut
782 2742 1160 2799 confusionem
1216 2748 1641 2818 praedicant),et
1691 2751 1951 2806 deitatem

377 2831 579 2886 Christi
611 2833 1000 2901 impassibilem
1031 2833 1141 2906 (52)
1170 2847 1527 2903 venerantur,
1551 2849 1604 2893 et
1631 2841 1810 2895 carnis
1833 2857 1953 2897 esse

377 2924 696 2979 edisserunt
735 2925 845 2996 (55)
897 2927 1198 2995 passiones,
1231 2937 1286 2981 et
1328 2931 1672 3000 evangelicas
1699 2932 1955 2988 dividunt

378 3032 562 3080 voces,
612 3026 669 3071 et
705 3017 896 3072 deitati
947 3018 1172 3086 quidem
1221 3020 1484 3074 sublimes
1527 3031 1583 3076 et
1621 3023 1732 3077 Deo
1760 3025 1954 3094 dignas

378 3107 682 3172 ascribunt,
703 3108 941 3164 humiles
964 3116 1149 3163 autem
1172 3110 1794 3182 assignanthumanitati
1815 3115 1946 3187 (54).

380 3197 533 3253 Talia
590 3216 827 3269 namque
879 3217 1026 3255 nunc
1081 3201 1150 3255 ab
1217 3201 1448 3274 Egypto
1507 3206 1710 3276 scripta
1771 3207 1948 3264 delata

377 3296 527 3343 sunt.

377 3390 656 3447 CLKXlV.
707 3423 766 3432 ——
796 3393 1038 3464 Epistola
1061 3395 1478 3471 arl_Hin_t_e_rium,
1512 3400 1812 3471 episcopum
1855 3401 1953 3456 Ni-

944 3466 1194 3518 comedia!
1225 3464 1360 3535 (55).

448 3571 812 3628 intentionem
840 3582 1085 3628 nostram
1116 3583 1323 3630 certam
1352 3586 1459 3632 tua:
1486 3579 1718 3635 facimus
1743 3584 1948 3637 sancti-

377 3665 495 3726 tati,
535 3666 681 3734 quod
716 3665 875 3719 lectis
907 3681 974 3718 ex
1001 3664 1233 3737 {Egypto
1279 3668 1481 3723 litteris
1533 3669 1845 3736 destinatis,
1893 3683 1948 3729 et

373 3755 518 3824 apud
553 3770 655 3808 nos
703 3770 844 3823 saepe
887 3755 1171 3820 discussis,
1201 3757 1510 3814 invenimus
1553 3776 1648 3816 eas
1687 3763 1949 3820 doctrinae

371 3845 596 3916 quidem
623 3855 988 3916 congruentes
1025 3848 1283 3903 Ecclesiae
1320 3849 1650 3905 :duodecim
1694 3867 1824 3908 vero
1858 3871 1946 3911 ca-

373 3939 565 4009 pitulis
590 3939 895 3995 contrarias
926 3955 1046 3995 esse
1077 3940 1450 4009 probavimus,
1486 3957 1606 4011 qua
1638 3961 1809 4016 usque
1839 3948 1944 4002 im-

374 4031 785 4100 praesentiarum
815 4032 1135 4102 impugnare
1160 4032 1518 4102 perstitimus.

442 4162 488 4193 ’°
511 4163 530 4217 l
554 4161 681 4217 Cor.
708 4179 820 4228 xm,
855 4162 942 4216 10.
1016 4164 1062 4194 ’⁷
1097 4164 1241 4219 Psal.
1281 4181 1425 4230 xxxr,
1463 4167 1515 4220 9.

601 4298 842 4372 [flurima
871 4308 1009 4372 vett.
1043 4301 1170 4372 libri
1196 4318 1284 4372 ap.
1318 4303 1505 4358 Baluz.

445 4369 556 4447 (i9)
601 4369 771 4447 l_l_ujus
797 4369 1042 4447 epistola:
1076 4369 1551 4447 fgagmentumjta
1599 4380 1946 4446 conservavit

371 4437 574 4518 Marius
612 4438 1064 4518 Mer_c_a_tor,_ed_it.
1096 4437 1324 4496 Ga'rner.
1357 4451 1408 4518 t._
1437 4443 1498 4508 ll,
1530 4460 1581 4518 ρ.
1622 4447 1747 4512 273,
1779 4437 1942 4501 Balu-
1975 4461 2022 4518 ι)

373 4509 642 4588 _ziaua:__p.
707 4507 831 4588 555,
893 4507 1940 4588 Αηᾴξρωκηιοιιθοιισ(Σοηεωίιιὶηορ.

372 4577 699 4655 inscribitur
724 4591 754 4630 e
778 4577 1027 4655 (inmerii
1059 4582 1373 4655 conjectura
1393 4622 1406 4645 ,
1442 4599 1752 4655 quanquam
1804 4577 1943 4640 nihil

371 4649 510 4721 dicit
563 4649 765 4721 Marius
803 4648 1086 4721 MercatOr,
1125 4648 1230 4705 nisi
1276 4667 1397 4706 eam
1431 4648 1528 4721 pro
1569 4648 1942 4710 consolatione

372 4718 836 4791 Nestorianoruin
867 4717 1377 4791 Constantinopolin
1420 4717 1750 4778 destinatam
1794 4741 1940 4779 esse.

468 4791 554 4860 40)
596 4782 766 4860 S_uper
803 4786 985 4860 Baluz.

600 4855 946 4928 Reattltarunt
977 4857 1037 4910 B.

471 4925 560 5000 5‘2)
607 4926 664 5000 In
689 4925 1034 5000 possibilitate
1056 4928 1240 5000 Baluz.
1267 4929 1356 4982 cui
1379 4929 1599 5000 lectioni
1621 4931 1759 4986 forte
1789 4947 1945 4986 occa-

375 4997 588 5054 sionem
615 4997 767 5051 dedit
797 5012 951 5051 error
977 4997 1093 5051 haec
1119 4999 1282 5052 verba
1315 5006 1363 5050 et
1387 4997 1511 5051 deit.
1539 5030 1607 5038 ——
1629 5013 1945 5055 venerantur

376 5068 620 5123 referens
644 5067 709 5121 ad
734 5066 1245 5121 anathematizatos.
1273 5066 1572 5124 Garnerius
1599 5073 1764 5125 verba
1806 5089 1942 5126 ana-

376 5139 770 5192 thematizantes
806 5166 878 5175 —
905 5137 1199 5206 prwdicant
1247 5147 1397 5192 recte
1439 5140 1593 5194 uncis
1645 5143 1870 5198 seclusit
1914 5158 1944 5196 a

375 5209 604 5264 caeteris.

447 5278 556 5348 (55)
602 5278 740 5348 ωδε.
767 5275 830 5331 B.

444 5343 556 5418 (54)
597 5343 689 5402 Sic
711 5353 861 5418 recte
894 5345 1128 5416 conjecit
1159 5344 1325 5405 Garn.
1360 5363 1460 5418 pro
1493 5350 1800 5406 humilitati.
1833 5350 1947 5407 Hu-

376 5433 520 5469 ntan.
537 5415 718 5471 etiam
748 5415 934 5468 Baluz.

447 5486 558 5558 (55)
596 5488 664 5539 Ει
687 5485 792 5558 hoc
815 5483 1181 5558 fragmentum
1205 5487 1451 5558 epistolae
1475 5487 1806 5544 Theodoreti
1829 5488 1942 5545 Ma-

374 5555 464 5627 rii
491 5555 1134 5627 mercatorismdiligentia
1186 5555 1445 5623 servavit,
1479 5572 1512 5627 e
1538 5558 1786 5615 Gornerii
1824 5560 1943 5614 edi-

375 5625 522 5699 tione
553 5633 594 5680 t.
626 5625 693 5690 ll,
721 5623 919 5699 p.275,
941 5623 998 5699 cit
1019 5624 1209 5699 Baluz.
1234 5643 1292 5698 p.
1311 5627 1438 5699 337.
1467 5625 1685 5699 Integra
1713 5629 1946 5699 epistola

375 5693 568 5816 Etiam
618 5693 794 5750 exstat
851 5695 907 5750 in
948 5696 1206 5768 Synodici
1235 5693 1308 5750 ὀ.
1354 5698 1414 5751 7t
1447 5737 1462 5762 ,
1509 5713 1566 5768 p.
1593 5693 1764 5764 '8“;
1806 5698 1942 5755 edit.

2061 1939 2310 2008 ciusejns
2333 1955 2458 1993 reus
2489 1939 2792 2000 exstiterat,
2829 1937 2902 1990 illi
2933 1935 3152 2006 quidem
3175 1935 3391 1989 veniam
3426 1932 3632 2002 largiri,

2060 2029 2188 2084 huic
2217 2038 2399 2083 autem
2426 2029 2624 2083 ostium
2647 2027 2984 2097 pmnitentiae
3011 2025 3287 2080 claudere.
3325 2024 3493 2078 Multo
3529 2023 3632 2091 igi-

2060 2128 2150 2174 tur
2183 2120 2354 2190 magis
2385 2119 2634 2188 iniquum
2662 2127 2718 2172 et
2755 2118 2928 2188 magis
2968 2117 3194 2186 impium
3238 2122 3343 2177 est,
3373 2113 3635 2166 innocen-

2059 2221 2169 2268 tem
2204 2212 2363 2266 morti
2404 2211 2642 2266 tradere.

2126 2302 2275 2356 Sciat
2317 2302 2578 2356 sanctitas
2622 2309 2824 2365 vestra,
2856 2299 3003 2370 quod
3044 2314 3156 2352 non
3194 2297 3348 2368 prius
3378 2297 3459 2351 eis
3483 2311 3633 2351 com—

2056 2395 2445 2450 municandum
2472 2409 2592 2448 esse
2621 2408 2930 2455 censemus,
2959 2405 3124 2460 quam
3159 2401 3366 2444 vestras
3397 2389 3630 2458 recipia-

2037 2467 2126 2544 ‘tis
2159 2487 2446 2542 Ecclesias.
2483 2486 2606 2541 Haec
2631 2495 2813 2540 autem
2837 2500 2947 2538 non
2982 2483 3132 2537 solus
3155 2497 3276 2551 ego,
3317 2479 3412 2533 sed
3437 2492 3633 2532 omnes

2055 2579 2384 2636 sanctissimi
2411 2580 2637 2634 nostrae‘
2672 2576 2908 2647 regionis
2935 2572 3197 2644 epismpi,
3227 2569 3415 2624 habito
3440 2567 3628 2625 conci-

2053 2673 2130 2727 lio
2165 2672 2274 2743 (59)
2291 2671 2674 2726 decreverunt.

2053 2764 2307 2822 CLXXV.
2346 2794 2416 2802 —-
2439 2762 2521 2816 Ad
2577 2759 2942 2816 Alexandrum
2983 2755 3447 2825 Hierapolitanum
3486 2749 3624 2822 (60).

2127 2857 2195 2910 Et
2216 2864 2341 2908 ante
2358 2854 2467 2923 iam
2494 2862 2602 2908 tua:
2630 2847 2904 2905 sanctitati
2928 2844 3173 2916 praedixi,
3199 2844 3326 2913 quia
3357 2842 3400 2897 si
3415 2839 3628 2895 domini

2053 2948 2162 3004 mei
2211 2944 2541 3002 venerabilis
2599 2950 2656 2997 et
2703 2936 3034 2994 sanctissimi
3087 2933 3332 3006 episcopi
3385 2931 3628 2988 Nestorii

2054 3039 2224 3095 fuerit
2252 3037 2448 3107 dogma
2491 3034 2832 3093 damnatum,
2859 3043 2963 3083 nec
3003 3043 3104 3098 ego
3146 3025 3254 3089 his,
3285 3023 3380 3093 qui
3412 3023 3517 3076 hoc
3542 3021 3627 3074 fa-

2054 3130 2228 3191 ciunt,
2262 3121 2866 3188 communicabo.Quod
2891 3120 2937 3174 si
2974 3129 3081 3172 tua:
3109 3115 3382 3171 sanctitati
3404 3114 3626 3184 placue-

2055 3221 2146 3284 rit,
2177 3219 2231 3274 id
2263 3219 2441 3288 ipsum
2471 3214 2671 3271 litteris
2714 3214 2979 3271 inserere,
3008 3224 3129 3277 quae
3157 3204 3502 3260 Antiochiam
3537 3201 3626 3257 dt-

2055 3313 2324 3382 riguntur,
2387 3308 2492 3361 hoc
2531 3305 2652 3369 fiat;
2703 3319 2770 3357 ne
2814 3316 2946 3372 ergo
2997 3299 3306 3360 diﬂ‘eratur,
3367 3294 3627 3354 obsecro,

2055 3402 2164 3457 tuis
2197 3397 2454 3454 haerendo
2480 3395 2749 3464 vestigiis.

2049 3513 2325 3570 CLXXVI.
2358 3541 2428 3551 —
2476 3509 2556 3564 Ad
2603 3506 2843 3562 eumdem
2896 3502 3295 3562 Alexandrum,
3345 3507 3630 3570 postquam

2127 3585 2328 3638 rescivit
2378 3581 2642 3634 Joannem
2695 3578 3075 3632 Antiochenam
3136 3574 3434 3642 episcopatu
3482 3582 3627 3620 atta-

2128 3655 2492 3708 tltematizasse
2519 3650 2709 3719 dogma
2733 3646 2962 3700 Nestorii
2984 3642 3115 3716 (61).

2123 3767 2242 3822 Non
2267 3775 2413 3820 tuam
2449 3762 2617 3816 lateat
2637 3757 2978 3814 sanctitatem
3004 3751 3171 3824 quod,
3202 3757 3485 3821 postquam
3510 3743 3626 3814 (62)

2053 3861 2157 3930 legi
2202 3856 2510 3927 epistolam,
2540 3867 2662 3922 qua:
2712 3845 3028 3918 imperatori
3077 3844 3285 3896 directa
3334 3851 3434 3902 est,
3461 3837 3626 3930 nimis

2052 3928 2238 4007 animo
2270 3947 2421 4002 dolui
2447 3963 2460 3998 :
2485 3944 2613 4013 quia
2641 3939 2927 3994 manifeste
2952 3949 3221 4012 cognosco
3260 3931 3407 4002 quod
3454 3930 3500 3983 is
3524 3928 3620 3998 qui

2052 4045 2193 4098 hanc
2222 4037 2462 4107 scripsit,
2495 4034 2549 4088 id
2593 4034 2772 4102 ipsum
2817 4028 3084 4089 sentiens,
3119 4025 3416 4078 indiscrete
3455 4029 3622 4088 atque

2119 4307 2232 4380 (56)
2276 4303 2908 4380 Quidcm-additﬁaluz.

2272 4378 2657 4448 Monstramur.
2699 4373 2919 4448 rigidam.

2142 4381 2230 4448 57)
2272 4381 2657 4430 Monstramur.
2699 4381 2896 4426 Eadem

2118 4381 2230 4518 (58)
2271 4446 2346 4518 I_)e
2375 4445 2691 4518 bisabesta
2726 4442 2907 4494 Baluz.

2264 4513 2520 4588 ~(._.'onsilio.
2547 4513 2607 4566 Β.
3094 4581 3104 4588 .
3148 4586 3153 4588 _
3202 4579 3212 4588 _
3400 4578 3409 4587 _

2264 4586 2387 4658 llaec
2433 4592 2522 4658 e_s_t_
2563 4592 2808 4658 extrema
2851 4596 2978 4650 pars
3021 4579 3264 4658 epistolae
3305 4578 3522 4658 scriptae
3549 4575 3620 4629 ad

2048 4647 2415 4726 Alexandrum
2461 4647 2989 4726 HierapolLinserta
3033 4647 3270 4726 {sum
3319 4647 3619 4726 Mercatore

2047 4723 2358 4778 collectioni
2397 4738 2506 4776 sua:
2542 4717 2676 4775 edit.
2726 4719 2930 4773 Baluzii
2980 4734 3034 4788 p.
3077 4718 3200 4779 338,
3247 4717 3341 4786 qui
3376 4717 3433 4770 in
3473 4717 3621 4768 notis

2047 4810 2100 4862 p.
2132 4795 2233 4848 467
2293 4801 2447 4862 recte
2477 4790 2757 4862 convincit
2795 4789 3000 4862 erroris
3022 4789 3346 4842 Garnerium
3370 4794 3622 4860 propter-

2046 4858 2110 4917 ea
2142 4863 2287 4931 quod
2327 4860 2590 4914 edidisset
2633 4859 2737 4931 hoc
2792 4858 3151 4931 fragmentum
3191 4866 3446 4931 tanquam
3481 4858 3619 4931 _p'ar-

2049 4925 2174 5005 tem'
2205 4941 2503 5005 extremam
2556 4927 2856 5005 superioris
2884 4925 3135 5005 epistolae
3178 4927 3244 4980 ad
3285 4925 3615 5005 inmeritum.

2048 4999 2314 5069 lntegram
2381 4996 2667 5069 epistolam
2751 4996 2994 5069 nostram
3017 5067 3030 5069 λ
3049 4996 3618 5069 _lren:eus__l.atirram

2045 5062 2221 5126 edidit
2268 5072 2324 5124 in
2375 5062 2632 5142 Ss'nodici
2673 5083 2723 5121 c.
2757 5069 2847 5130 99,
2889 5067 2976 5121 ed.
3017 5067 3211 5130 Mans,
3252 5077 3290 5118 t.
3320 5063 3384 5129 γ,
3429 5079 3482 5132 p.
3515 5062 3621 5118 880

2056 5157 2171 5196 $00.

2118 5158 2226 5284 ait)
2264 5210 2343 5265 Ad
2377 5207 2746 5284 Alexandrum
2787 5207 2904 5284 haec
2939 5205 3138 5275 scripta
3168 5215 3272 5268 est,
3293 5217 3404 5258 non
3432 5199 3625 5284 adﬂni-

2047 5271 2297 5343 merium,
2324 5291 2384 5334 ut
2423 5279 2720 5351 Garncrius
2752 5277 2999 5351 ediderat
3033 5271 3218 5351 errore
3247 5289 3313 5328 eo
3340 5287 3453 5351 quo
3482 5271 3624 5351 dixi-

2046 5360 2174 5420 mus
2219 5352 2289 5420 ad
2335 5350 2690 5420 superiorem!
2720 5348 3024 5420 epistolam.
3074 5343 3286 5420 Integra
3341 5343 3621 5420 cristati):

2047 5417 2309 5491 Synodgiei
2351 5408 2562 5480 (3:148,
2608 5408 2954 5491 edit.'Mans.
2999 5431 3051 5485 p.
3083 5408 3332 5491 9:27'5eq.
3366 5410 3489 5491 gNos

2047 5477 2171 5564 cum
2205 5490 2470 5564 Garnerio
2635 5487 2742 5542 nisi
2770 5477 3068 5564 extremam
3106 5483 3225 5564 fere
3260 5477 3621 5564 partem‘edi:

2048 5560 2229 5614 dimus
2251 5574 2282 5614 e
2318 5558 2470 5614 Marii
2503 5557 2816 5611 Mercatoris
2842 5555 3090 5611 versione
3117 5545 3445 5608 edit.'Gam.
3477 5558 3518 5604 t.
3550 5545 3618 5610 ιι,

2049 5645 2104 5700 p.
2128 5629 2252 5700 216,
2281 5623 2466 5700 Baluz.
2495 5642 2554 5696 p.
2579 5626 2702 5681 338.

2123 5698 2232 5771 (62)
2273 5699 2462 5753 Postea
2489 5713 2670 5768 quam.
2705 5696 2818 5753 Bal.
