4072 6414
399 397 538 464 1489

1717 411 2083 474 EPISTOLA
2114 415 2385 476 CLXXX.

3517 401 3661 468 1496
3693 402 3704 413 ’

399 508 569 579 impie
620 506 904 563 damnavit
950 520 1099 573 eum,
1127 508 1224 578 qui
1254 508 1391 565 nihil
1438 512 1637 581 praeter
1668 513 1977 570 doctrinam
2009 520 2057 577 Α
2083 517 2418 575 sanctissimi
2445 525 2504 574 et
2529 515 2864 575 venerabilis
2890 490 3153 588 episcopi,
3180 513 3333 571 idem
3354 522 3459 581 est,
3502 529 3566 569 ac
3606 511 3651 569 si

398 613 589 654 sanam
629 598 785 652 novit
821 598 1029 668 aliquid
1060 608 1120 654 et
1147 598 1338 655 docuit
1365 599 1496 673 (65).
1527 601 1634 656 Sed
1661 604 1980 661 anathema-

399 689 596 746 tismus
638 691 899 758 insertus,
956 690 1087 747 licet
1137 691 1371 750 idoneus
1420 695 1495 749 sit
1536 696 1771 766 amplius
1814 713 1980 767 quam

396 798 701 839 consensus
741 782 1109 838 damnationis
1137 784 1257 855 ejus
1305 785 1526 841 turbare
1570 787 1867 854 lectorem;
1896 798 1977 842 ta-

398 888 531 945 men
550 874 678 943 quia
707 888 817 927 non
854 872 1183 937 indiscrete,
1208 874 1437 931 sed‘sub
1462 876 1697 946 quadam
1730 878 1982 933 conside—

398 964 611 1019 ratione
657 964 871 1034 positus
915 974 1020 1030 est,
1053 965 1310 1021 solatium
1356 968 1627 1037 praestitit.
1660 968 1774 1022 Nec
1830 968 1978 1023 enim

396 1054 558 1119 dixit,
587 1055 1116 1111 anathematizamus
1165 1056 1473 1113 doctrinam
1513 1059 1665 1130 ejus;
1708 1060 1804 1114 sed
1833 1074 1979 1129 quaa-

399 1157 618 1211 cunque
648 1142 807 1196 aliter
848 1143 986 1196 dixit
1013 1152 1109 1198 aut
1140 1146 1331 1210 sensit,
1357 1161 1521 1216 quam
1572 1147 1823 1202 doctrina
1849 1162 1980 1217 apo-

399 1232 592 1286 stolica
614 1233 879 1288 continet.

400 1344 616 1416 1360
646 1343 946 1400 CLXXVII.
973 1377 1043 1386 —
1077 1346 1321 1416 Epistula
1363 1348 1434 1402 ad
1471 1348 1741 1404 Andream
1785 1348 1974 1405 Samo-

820 1426 1063 1470 satennm
1088 1418 1385 1487 episcopum
1421 1418 1474 1490 (6
1486 1420 1558 1489 ί).

465 1501 784 1573 Magniﬁcus
829 1504 914 1556 vir
960 1504 1268 1558 Aristolaus
1328 1505 1396 1559 ab
1440 1504 1672 1578 Egypto
1725 1507 1977 1579 Magiste-

397 1591 611 1645 rianum
641 1608 765 1647 cum
797 1594 1000 1649 litteris
1028 1593 1213 1665 Cyrilli
1260 1594 1579 1661 destinavit,
1609 1597 1814 1666 quibus
1847 1613 1976 1653 ana-

394 1682 716 1738 thematizat
747 1685 960 1750 Arium,
1004 1679 1358 1751 Eunomium,
1418 1687 1815 1756 Apollinarem,
1848 1705 1974 1745 eos-

392 1789 524 1845 que,
559 1775 653 1845 qui
678 1775 940 1837 deitatem
964 1775 1169 1832 Christi
1207 1777 1523 1847 passibilem
1557 1778 1769 1845 dicunt,
1799 1788 1856 1836 et
1880 1782 1972 1852 qui

392 1866 775 1921 confusionem
808 1875 975 1937 atque,
997 1867 1423 1937 permistionem
1453 1869 1683 1925 duarum
1724 1883 1978 1928 asserunt

394 1966 760 2011 naturarum:
814 1966 871 2011 et
921 1972 1088 2028 super
1136 1958 1241 2013 hoc
1273 1959 1494 2029 quidem
1546 1964 1715 2034 gavisi
1762 1980 1973 2032 sumus,

394 2050 644 2118 quamvis
669 2050 1101 2119 propositionem
1135 2061 1374 2107 nostram
1401 2054 1492 2108 ille
1518 2054 1811 2128 diﬂugeret
1839 2057 1972 2131 (65).

464 2141 645 2211 Exigit
672 2151 857 2197 autem
896 2143 1358 2214 subscriptionem
1390 2146 1544 2202 factae
1578 2148 1786 2203 dudum
1817 2148 1973 2204 dam-

388 2231 653 2297 nationis,
680 2242 736 2287 et
768 2243 829 2287 ut
874 2234 1371 2291 anathematizetur
1393 2238 1570 2293 sancti
1601 2240 1843 2311 episcopi
1871 2239 1972 2297 do-

387 2341 514 2396 gma
542 2325 793 2380 Nestorii.
830 2325 944 2383 Scit
969 2336 1152 2382 autem
1198 2340 1375 2385 vestra
1420 2330 1702 2399 sanctitas,
1732 2332 1901 2402 quod,
1929 2333 1973 2388 si

400 2418 525 2489 quis
577 2417 879 2474 indiscrete
910 2419 1221 2476 doctrinam
1270 2422 1698 2479 anathematizet
1729 2424 1998 2497 ejusdem.

404 2600 723 2667 Ἐπιστολὴ
756 2600 861 2677 τοῦ
891 2602 1194 2677 Ihm/.1401;
1224 2603 1471 2677 ’Ῑῳάνφξη
1496 2606 1811 2677 ἐπινσκόπῳ
1837 2610 1967 2664 Ἀν-

672 2672 935 2738 τιοχείας
971 2673 1121 2725 κατὰ
1157 2672 1538 2744 Θεοδωρήτόυ
1569 2676 1703 2750 (70).

2081 609 2339 681 pietatem
2366 609 2827 667 anathematizare
2850 607 3121 664 videatur.

2151 699 2379 771 Oportet
2415 716 2566 774 ergo,
2602 700 2652 757 si
2699 701 2925 756 omnino
2964 699 3365 770 compellimur,
3396 710 3494 752 eos
3525 710 3653 750 ana-

2083 791 2459 858 thematizare,
2492 792 2584 862 qui
2608 807 2804 863 purum
2835 791 3029 847 dicunt
3048 788 3329 845 hominem
3349 787 3679 851 Christum”

2080 890 2177 937 aut
2220 880 2314 951 qui
2373 882 2430 936 in
2468 882 2609 938 duos
2673 881 2812 937 ﬁlios
2861 896 3038 937 unum
3060 880 3353 935 Dominum
3401 886 3652 933 nostrum

2078 970 2266 1025 Jesum
2296 971 2575 1026 Christum
2601 969 2874 1034 dividunt,
2905 977 2963 1025 et
2985 968 3079 1039 qui
3109 970 3230 1040 ejus
3249 968 3520 1038 abnegant
3539 965 3656 1021 dei—

2081 1070 2269 1128 tatem,
2291 1071 2398 1117 etc.

2077 1173 2403 1231 CLXXVIII.
2422 1206 2492 1215 —
2515 1171 2760 1246 Epistola
2800 1172 2869 1226 ad
2890 1170 3263 1246 Aiexandrum
3291 1169 3653 1242 Hierapolita—

2730 1258 2854 1296 num
2882 1241 3013 1312 (66).

2146 1337 2413 1393 Existimo
2457 1353 2567 1408 pra:
2590 1336 2849 1391 omnibus
2891 1332 3127 1388 maxime
3156 1332 3494 1388 satisfactum
3533 1346 3670 1388 esse

2077 1429 2303 1503 domino
2327 1435 2450 1484 me’o
2478 1428 2825 1483 sanctissimo
2850 1435 2907 1482 et
2947 1425 3265 1482 venerando
3295 1424 3493 1480 Joanni
3540 1425 3660 1494 epi-

2078 1536 2266 1591 scopo,
2291 1536 2402 1591 quo
2433 1521 2749 1575 nullatenus
2771 1518 3117 1589 acquiescam
3151 1518 3206 1575 in
3247 1516 3656 1573 damnationem

2077 1611 2284 1667 domini
2334 1612 2441 1667 mei
2478 1610 2811 1667 sanctissimi
2837 1608 2948 1682 (67)
2989 1619 3046 1665 et
3091 1607 3390 1663 venerandi
3418 1606 3663 1663 Nestorii

2076 1703 2318 1772 episcopi
2363 1701 2610 1771 praebere
2642 1715 2993 1765 consensum,
3019 1714 3122 1754 nec
3167 1697 3375 1753 violare
3409 1712 3661 1753 commu-

2077 1808 2203 1847 nem
2244 1792 2665 1863 promissionem
2712 1790 2824 1862 (68)
2871 1806 2994 1861 quae
3032 1790 3088 1844 in
3123 1788 3313 1854 Tarso,
3341 1796 3398 1843 et
3428 1787 3660 1844 Chalce-

2081 1883 2244 1947 done,
2274 1892 2329 1936 ct
2353 1881 2571 1951 Epheso
2597 1880 2737 1935 facta
2766 1888 2871 1935 est.
2918 1878 3163 1935 Meminit
3188 1878 3336 1934 enim
3362 1884 3417 1931 et
3439 1890 3656 1941 eorum,

2081 1989 2204 2045 quae
2232 1988 2408 2042 nuper
2444 1971 2588 2041 apud
2620 1970 2969 2026 Antiochiam
3011 1977 3131 2040 post
3158 1978 3408 2023 nostrum
3438 1980 3657 2036 regres-

2080 2082 2202 2122 sum
2250 2080 2282 2119 a
2328 2063 2491 2119 nobis
2535 2077 2678 2132 saepe
2706 2061 3028 2131 deprompta
3078 2069 3226 2114 sunt.
3256 2057 3450 2113 Nullus
3491 2054 3660 2124 igitur

2080 2164 2230 2211 tuam
2269 2154 2506 2224 decipiat
2546 2151 2910 2216 sanctitatem,
2959 2149 3106 2220 quod
3160 2164 3261 2220 ego
3312 2147 3655 2217 acquiescam

2080 2249 2188 2303 hoc
2208 2244 2503 2316 aliquando
2528 2243 2731 2306 facere,
2756 2241 2868 2296 Deo
2895 2240 3087 2310 procul
3110 2238 3278 2294 dubio
3303 2235 3437 2291 mihi
3462 2247 3657 2301 coope-

2082 2346 2257 2401 rante,
2283 2344 2341 2391 et
2364 2349 2453 2390 me
2478 2331 2822 2388 confortante
2852 2326 2987 2400 (69).

2071 2603 2354 2664 CLXXIX.
2387 2632 2459 2644 —
2493 2599 2702 2672 1361
2754 2596 2997 2672 Epistula
3023 2594 3239 2672 _(_Iyri(li
3280 2595 3350 2650 ad
3392 2594 3658 2648 Joannem

2299 2665 2702 2732 AntiocI—t'enu'm—
2724 2665 2978 2723 aduersus
3014 2665 3419 2743 ’Th‘eodoretum.

1207 2784 1305 2842 Est
1339 2788 1529 2862 Cyrilli
1557 2794 1792 2864 epistola
1827 2797 1914 2853 6'5.
1949 2798 2088 2855 Vide
2119 2807 2253 2852 tom.
2281 2789 2541 2856 LXXVII,
2568 2786 2676 2844 col.
2711 2785 2839 2843 527.

383 2901 647 2988 CLX_XX.
667 2933 756 2988 _—-
1027 2900 1281 2988 Epistlglu‘
1310 2903 1618 2988 Theodoreti
1647 2908 1726 2988 (ut
1751 2912 1970 2988 incidam

457 2979 680 3056 putant)
746 2972 823 3027 ad,
851 2972 1125 3056 Damnum
1173 2972 1285 3046 (7i)
1338 2972 1971 3056 episcogum'An'tiochiw

455 3045 859 3168 ῗῖἐῖἑῗιᾶήὲιηι
910 3050 1151 3097 mortuus
1215 3045 1348 3103 esset
1372 3045 1380 3047 “
1407 3045 1639 3118 Cyrillus
1700 3051 1971 3122 cpiscopus

459 3273 598 3329 Sero
629 3273 849 3329 tandem
881 3287 940 3330 et
969 3276 1062 3330 vix
1094 3276 1271 3331 malus
1315 3275 1482 3330 homo
1511 3274 1808 3331 defunctus
1843 3286 1966 3332 est:

384 3364 518 3420 boni
547 3366 693 3420 enim
725 3374 781 3420 et
818 3365 1039 3436 benigni
1074 3376 1203 3421 ante
1231 3375 1448 3436 tempus
1471 3365 1599 3421 inde
1626 3366 1968 3438 demigrant;

383 3456 516 3512 mali
543 3470 673 3511 vero
703 3456 877 3510 multo
913 3465 1159 3526 tempore
1183 3457 1349 3511 vitam
1377 3457 1711 3527 producunt.

456 3546 710 3601 Arbitror
753 3546 1001 3601 omnium
1036 3547 1469 3618 dispensatorem
1495 3548 1767 3604 bonorum
1786 3550 1974 3620 provi-

386 3636 628 3701 dentem,
672 3638 909 3693 celerius
953 3654 1117 3708 quam
1164 3648 1383 3709 tempus
1422 3648 1528 3705 est,
1572 3639 1830 3694 humanis
1868 3640 1968 3694 tri-

388 3731 769 3788 bulationibus
819 3731 942 3786 illos
980 3732 1290 3795 abducere,
1328 3740 1387 3786 et
1424 3741 1685 3802 tanquam
1736 3734 1976 3790 victores

386 3825 623 3880 liberare
656 3823 1071 3886 luctationibus,
1105 3830 1162 3877 et
1195 3824 1250 3878 in
1276 3823 1560 3879 meliorem
1591 3828 1759 3882 vitam
1790 3834 1975 3883 trans-

386 3914 593 3969 ducere
624 3930 638 3966 :
692 3928 816 3982 quae
861 3912 991 3977 vita,
1031 3922 1227 3974 morte,
1263 3919 1320 3966 et
1341 3911 1582 3978 tristitia,
1614 3921 1671 3968 et
1705 3902 1975 3969 sollicitu-

387 4005 517 4059 dine
549 4004 725 4059 liliera
757 4004 892 4073 (7‘2),
926 4003 1211 4073 praemium
1242 4010 1327 4057 est
1348 4002 1693 4073 propositum
1729 4002 1838 4067 his,
1877 4003 1974 4074 qui

389 4113 491 4167 pro
524 4098 729 4150 virtute
785 4095 1100 4161 luctantur;
1158 4095 1384 4151 malitia:
1426 4111 1559 4150 vero
1608 4104 1881 4151 amatores
1921 4105 1978 4151 et

447 4231 494 4270 ³⁸
526 4232 545 4286 I
583 4231 715 4295 Reg.
749 4243 874 4291 xvn,
898 4226 989 4281 26.

461 4351 574 4423 (6,3)
602 4346 999 4423 _Novi_‘_aliquid
1037 4347 1209 4402 docuit
1262 4347 1449 4403 Baluz.
1495 4346 1641 4403 Nihil
1673 4349 1874 4403 nouiter
1910 4349 1963 4403 ιι.

388 4418 480 4477 est
511 4418 566 4476 in
596 4418 890 4490 Synodico.

462 4490 585 4563 (6t)
617 4484 827 4557 Integra
857 4487 974 4563 haec
1005 4484 1235 4563 epistola
1268 4502 1299 4541 e
1318 4486 1529 4563 _I.atina
1549 4496 1765 4563 _veter_e
1792 4487 1968 4563 inter-

391 4555 700 4632 pretatione
739 4555 1018 4632 reperitur
1055 4557 1108 4610 in
1151 4555 1410 4632 Synodici
1453 4572 1503 4611 c.
1541 4556 1642 4632 6l,_
1671 4557 1761 4632 ed.
1801 4558 1971 4613 Mans.

390 4625 447 4702 ᾖ).
474 4631 600 4686 840.
635 4625 923 4702 Maximam
955 4628 1076 4702 ejus
1114 4625 1331 4697 partem
1359 4625 1882 4702 sic_cxsqipsimus,
1908 4637 1979 4702 nt

386 4694 671 4772 estiapud
718 4699 946 4772 .‘vjarium
985 4694 1351 4772 Mercatorem
1394 4695 1533 4755 edit.
1575 4694 1745 4752 Garri.
1812 4707 1851 4752 t.
1908 4697 1973 4763 ll,

393 4788 448 4842 p.
480 4768 607 4842 271,
631 4779 697 4842 _et
720 4768 1009 4842 BalulEp.
1041 4768 1169 4833 556.

487 4841 579 4979 65)
616 4839 894 4962 DZiagerit
921 4840 1035 4920 Bal.

490 4912 557 4966 66
618 4912 663 4963 A
706 4909 880 4979 hunc
911 4910 1035 4979 ‘dtre

490 4907 579 4977 66)
618 4907 707 4963 Ad’
732 4907 880 4963 hunc
919 4908 1185 4966 directam
1222 4923 1348 4964 esse
1376 4907 1687 4977 epistolam,
1718 4907 1853 4973 satis
1878 4907 1979 4962 do—

388 4976 512 5038 cuit
531 4976 790 5035 Baluzius
810 4978 876 5048 ad
903 4976 1160 5048 Synodici
1189 4993 1239 5031 c.
1266 4978 1354 5041 66,
1382 4976 1473 5033 ubi
1502 4978 1714 5048 integra
1743 4977 1977 5047 epistola

390 5069 459 5107 ex
484 5052 590 5107 alia
635 5048 826 5102 Latina
853 5047 1558 5117 interpremtione:legitur.
1590 5047 1702 5102 Nos
1731 5048 1836 5102 hoc
1857 5048 1979 5117 ejus

397 5126 759 5193 fragmentum
791 5117 1113 5193 secundum
1126 5116 1630 5193 hlarii_ii_lelt_ca_toris
1652 5116 1980 5193 interpreta-

396 5185 604 5246 tionem
641 5189 777 5244 edit.
802 5188 969 5243 Garn.
1002 5196 1043 5241 t.
1072 5186 1135 5250 ΙΙ,
1162 5200 1217 5255 p.
1245 5185 1381 5251 274;
1408 5185 1592 5255 Balus.
1628 5201 1682 5255 p.
1708 5185 1835 5249 556,
1855 5185 1977 5240 edi.

396 5262 612 5325 (limus;
648 5259 796 5328 quod
837 5257 1135 5313 Garnerius
1164 5254 1448 5325 superiori
1480 5254 1730 5324 epistolae
1771 5255 1840 5310 ad
1871 5255 1981 5308 An-

397 5331 584 5386 dream
620 5327 1038 5384 samosatenum
1073 5336 1332 5396 tanquam
1360 5327 1482 5398 ejus
1511 5334 1815 5381 extremam
1848 5340 1977 5395 par-

396 5410 509 5456 tem
538 5399 678 5455 male
714 5398 1012 5467 adjecerat.

467 5471 579 5538 (67)
619 5465 948 5538 sanctissimi
976 5467 1132 5522 abest
1162 5483 1190 5520 a
1217 5465 1405 5538 Baluz.

490 5472 555 5527 67
619 5472 948 5524 Sanctissimi
976 5472 1132 5522 abest
1162 5483 1190 5520 a
1219 5472 1405 5520 Baluz.

490 5472 581 5610 68)
629 5537 737 5610 Nec
767 5570 836 5610 -_-
863 5539 1109 5610 promiss.
1143 5538 1269 5599 Hch
1299 5536 1501 5591 absunt
1522 5551 1554 5591 a
1578 5534 1640 5591 B.

498 5608 587 5665 69)
626 5609 710 5664 Me
739 5608 895 5663 abest
927 5625 957 5662 a
985 5608 1043 5662 B.

476 5612 587 5747 (69)
626 5612 710 5664 Me
739 5612 895 5663 abest
927 5625 957 5662 a
985 5612 1043 5662 Β.

475 5680 566 5749 {70
626 5679 1029 5739 Theodoretus,
1072 5678 1174 5733 etsi
1217 5691 1407 5749 pacem
1451 5675 1825 5749 Ecclesiarum
1862 5692 1979 5749 non

401 5745 708 5820 acceperat,
735 5750 1061 5803 nonnullum
1092 5745 1274 5802 tamen
1305 5748 1576 5820 habuerat
1597 5762 1723 5802 cum
1752 5745 1976 5820 Cyrillo.

404 5817 551 5875 nihil
593 5821 697 5875 tale
740 5820 1031 5891 cogitante,
1077 5817 1464 5874 commercium
1502 5817 1840 5884 litterarum,
1881 5818 1979 5873 hac

2072 2917 2391 2983 operatores
2416 2904 2627 2961 diutius
2649 2898 2922 2958 concessit
2948 2896 3063 2970 (75)
3089 2893 3346 2966 praesenti
3379 2892 3493 2951 vita
3523 2891 3654 2956 frui,

2074 2982 2138 3060 ut
2168 3011 2264 3059 aut
2294 2997 2906 3064 satietatem.caperent
2947 2985 3306 3058 malignitatis
3327 3024 3342 3049 ,
3387 2993 3447 3040 et
3478 2982 3655 3038 virtu-

1990 3129 2035 3188 ε
2077 3105 2189 3152 tem
2223 3100 2414 3165 postea
2460 3088 2776 3151 discerent;
2823 3088 2921 3137 aut
2948 3093 3141 3151 poenas
3166 3076 3364 3134 darent
3398 3075 3565 3130 etiam
3602 3074 3655 3130 in

2067 3186 2079 3188 -
2346 3180 2360 3188 -
2573 3174 2675 3188 .-.ι
2806 3173 2820 3188 .
3004 3182 3224 3188 -,,,,,,,,
3255 3165 3654 3188 ,,,,,,,.,,,,

2065 3186 2174 3240 hoc
2198 3180 2400 3239 saeculo
2425 3192 2528 3249 pro
2568 3174 2679 3247 (74)
2712 3171 2964 3227 molestia
2998 3182 3229 3223 suorum
3255 3180 3473 3222 morum
3497 3165 3657 3235 longo

2070 3284 2317 3344 tempore
2349 3266 2551 3324 amaris
2590 3271 2648 3319 et
2686 3262 2850 3319 malis
2891 3260 3018 3316 vita
3061 3253 3352 3328 praesentis
3398 3254 3657 3310 ﬂuctibus

2067 3371 2374 3422 astuantes
2407 3356 2544 3430 (74).

2141 3455 2301 3511 Illum
2334 3465 2469 3507 vero
2504 3447 2788 3509 miserum,
2832 3458 2938 3497 nec
2979 3441 3048 3496 ad
3096 3438 3207 3513 (76)
3241 3436 3657 3495 similitudinem

2073 3549 2310 3604 aliorum
2354 3541 2563 3600 dimisit
2600 3545 2914 3595 nostrarum
2958 3535 3266 3590 animarum
3296 3531 3652 3603 gubernator,

2076 3637 2288 3693 diutius
2312 3649 2505 3691 eorum
2536 3631 2704 3705 potiri
2745 3645 2868 3700 qua:
2899 3627 3159 3685 videntur
3194 3639 3316 3680 esse
3355 3620 3653 3677 delectabi-

2070 3729 2144 3784 lia
2174 3768 2187 3793 ,
2243 3725 2341 3782 sed
2404 3732 2743 3781 crescentem
2793 3718 3044 3791 quotidie
3098 3715 3206 3769 viri
3262 3711 3656 3783 malignitatem

2073 3819 2274 3883 sciens,
2307 3826 2365 3874 et
2390 3814 2612 3886 corpori
2649 3811 2914 3869 Ecclesiae
2940 3815 3254 3871 nocentem,
3280 3804 3435 3875 quasi
3466 3814 3653 3872 quam-

2073 3912 2198 3966 dam
2227 3917 2436 3979 pestem
2475 3902 2801 3976 amputavit,
2837 3910 2892 3957 et
2926 3920 2945 3953 ‹
2977 3899 3205 3956 abstulit
3229 3893 3593 3967 opprobrium
3622 3909 3649 3946 a

2075 4002 2203 4058 ﬁliis
2236 3998 2403 4057 Israel
2433 3996 2500 4054 ".
2545 4016 2564 4051 ι

2145 4090 2463 4149 Laetilieavit
2512 4088 2738 4161 quidem
2784 4084 3116 4157 superstites
3163 4082 3313 4137 illius
3356 4077 3655 4148 discessio;

2073 4354 2219 4425 arte__
2241 4351 2431 4425 tegens
2461 4347 2784 4425 conceptam
2833 4336 3021 4392 animo
3057 4351 3217 4425 tergm
3233 4332 3660 4425 Eii-illicaan

2073 4406 2476 4487 aegritudinem,
2519 4406 2751 4487 propter
2792 4422 2978 4487 quam,
3018 4406 3334 4487 ubicu'nqy‘e
3359 4406 3662 4487 seocca‘sio

2007 4469 2368 4582 Djﬁmherct,
2408 4469 2474 4536 et.
2510 4469 2643 4550 paci.
2678 4469 3027 4556 detrahebat,
3075 4482 3133 4529 et
3166 4469 3470 4554 de'Cyrillo
3502 4473 3660 4554 oblo-

2081 4555 2378 4582 .....,..ι...ι....ο
2419 4552 2527 4582 :mn
2560 4548 2864 4582 εις-ιιιοηιηα
2893 4553 3185 4582 nnnncorol
3212 4559 3312 4582 nrn
3346 4543 3571 4582 “indan
3606 4550 3660 4582 nl

2117 4543 2381 4619 uehatur;
2418 4543 2528 4605 imo
2560 4548 2866 4604 virulentos
2892 4545 3190 4619 scripserat
3212 4543 3322 4613 pro
3346 4543 3574 4619 Diodori
3606 4550 3664 4596 et

2129 4612 2715 4687 heodori'defcnsione
2754 4619 2926 4673 libros
2963 4612 3228 4687 adversus
3275 4612 3598 4687 eorumdem
3630 4630 3662 4670 a

2077 4695 2280 4801 ςξτῑιιο
2312 4682 2737 4748 accusationem.
2781 4689 2858 4743 De
2902 4687 2990 4742 his
3020 4684 3258 4767 (lyrinus
3304 4682 3451 4753 apud
3491 4683 3661 4765 Joan-

2082 4782 2203 4801 ...m
2255 4763 2672 4801 Anitnnhmmm,
2707 4758 3039 4801 'l‘hnnrlnrpti
3080 4763 3369 4801 nnmatem
3420 4761 3477 4801 et
3520 4768 3660 4801 ami-

2079 4753 2206 4822 né'm
2247 4763 2676 4825 Antiochenam,
2707 4756 3040 4814 Theodoreti
3068 4753 3377 4827 primatem
3420 4761 3477 4807 et
3520 4753 3660 4807 ami-

2078 4851 2226 4899 cum,
2259 4834 2513 4904 queritur
2557 4824 2667 4904 hac
2697 4830 2952 4904 epistola,
3004 4824 3127 4904 quin
3162 4841 3232 4881 ex
3262 4824 3525 4882 Vaticano
3564 4838 3660 4878 co-

2079 4895 2384 4962 dice-nunc
2411 4895 2750 4959 exscribitur
2779 4895 3149 4968 (Camenius).

2179 4977 2264 5042 Ἠ)
2310 4976 2497 5029 Exstat
2533 4971 2590 5024 in
2630 4964 2875 5042 synodiv
2908 4964 3365 5042 collat..'5,_ap_ud
3390 4964 3659 5042 Mansum,

2179 4978 2264 5042 Ἠ)
2310 4978 2497 5029 Exstat
2533 4978 2590 5024 in
2630 4978 2872 5041 synodiv
2908 4978 3091 5023 collat.
3122 4978 3176 5030 5,
3218 4978 3365 5034 apud
3390 4978 3659 5028 mansum,

2079 5055 2121 5100 t.
2153 4978 2253 5109 XX,
2305 5061 2360 5115 p.
2403 5041 2684 5115 295,_296,
2708 5040 2822 5115 ‘ubi
2850 5036 3046 5094 Joanni
3075 5035 3422 5115 niitiocheno
3461 5034 3662 5115 inscri-

2079 5102 2208 5186 ptus
2243 5102 2488 5186 'lefgitur.
2517 5102 2720 5186 Domni
2763 5122 2976 5186 nomen
3011 5102 3659 5186 substituit_Garnerit_is_,

2078 5173 2493 5239 secutustetri
2528 5183 2596 5237 de
2638 5180 2817 5235 Marca
2855 5176 3251 5248 conjecturam,
3300 5176 3368 5248 de
3403 5189 3509 5243 qua
3546 5173 3660 5248 vid.

2076 5253 2288 5311 Baluzii
2322 5260 2483 5310 notas
2527 5252 2597 5308 ad
2642 5252 2784 5309 hanc
2835 5244 2999 5320 epist.
3054 5247 3111 5301 in
3146 5244 3423 5301 Mansiana
3456 5245 3659 5300 concil.

2077 5322 2441 5380 Collectione.

2153 5392 2267 5464 (72)
2311 5391 2427 5447 Vita
2455 5394 2733 5464 premium
2764 5406 2977 5464 propos.
3002 5395 3079 5442 est
3108 5387 3187 5464 Itis
3225 5403 3278 5457 ᾳ.
3317 5402 3368 5456 p.
3394 5400 3443 5438 υ.
3484 5382 3524 5436 ι.
3555 5380 3662 5450 ﬁne

2080 5472 2129 5517 et
2162 5456 2300 5517 trist.
2327 5470 2375 5514 et
2404 5456 2617 5517 sollicit.
2659 5456 2847 5521 libera.
2866 5456 3054 5517 'hlans.
3079 5456 3215 5515 edit.

2155 5533 2267 5603 (7s)
2308 5528 2576 5603 (Ionoedit.
2607 5531 2676 5585 Μ.

2150 5595 2263 5672 (74)
2301 5601 2513 5672 Laetitia
2546 5618 2759 5655 suorum
2784 5600 2919 5657 (ind.
2954 5601 3129 5662 Paris.
3153 5616 3179 5656 a
3206 5597 3390 5652 Baluz.
3415 5595 3513 5651 cit.

2181 5670 2269 5728 75)
2312 5670 2603 5727 Stantibus.
2632 5672 2783 5726 Idem

2181 5674 2269 5743 75)
2312 5674 2603 5727 Stantibus.
2632 5674 2706 5726 mi

2154 5674 2265 5816 E76)
2308 5742 2375 5797 El
2411 5743 2499 5797 ad.
2540 5742 2706 5801 Idem.
