4072 6424
391 464 520 528 1491

1010 466 1497 527 THEODORETI
1539 463 1875 526 EPISCOPI
1915 459 2283 524 CYRENSIS
2324 457 2683 518 EPISTULA
2720 455 3025 516 CLXXXI.

3519 396 3656 512 lihé

389 574 730 630 contristavit
767 588 898 627 vero
948 572 1177 625 forsitan
1230 580 1510 637 mortuos;
1554 581 1612 626 et
1662 570 1825 626 timor
1854 578 1960 630 est,
1997 577 2036 625 Α
2070 575 2171 620 Ista
2229 581 2350 633 qua:
2405 564 2811 633 divulgantur:
2854 561 3117 631 quoniam
3173 574 3311 612 vero
3352 557 3464 612 vidi
3517 558 3652 624 sola,

389 683 459 720 ne
499 666 816 736 praegravati
859 666 983 734 ejus
1029 664 1468 727 conversatione,
1513 663 1711 717 iterum
1759 662 1826 716 ad
1866 679 1968 716 nos

391 755 699 817 remittant,
736 755 820 808 vel
861 754 983 808 illos
1015 753 1301 822 diffugiat,
1351 754 1445 823 qui
1493 770 1622 806 eum
1665 754 1968 818 abducunt,

391 846 532 901 sicut
552 847 640 900 ille
673 853 933 917 tyrannus
957 845 1173 915 Cynisci
1197 844 1424 898 Luciani
1455 843 1590 915 (77).

472 956 887 1011 Procurandum
922 955 1089 1024 igitur
1114 963 1220 1019 est,
1253 964 1310 1008 et
1342 962 1562 1023 oportet
1591 963 1740 1007 tuam
1768 952 1972 1006 sancti-

397 1053 562 1099 tatem
596 1045 832 1100 maxime
875 1045 1018 1098 hanc
1057 1044 1338 1111 suscipere
1370 1041 1764 1103 festinantiam,
1796 1049 1854 1092 et
1877 1042 1970 1109 ju-

395 1133 525 1186 bere
571 1132 800 1202 collegio
834 1140 1083 1186 mortuos
1128 1131 1547 1199 asportantium,
1595 1128 1834 1197 lapidem
1869 1129 1971 1180 alio

392 1237 554 1298 quem
606 1221 902 1274 maximum
954 1229 1011 1274 et
1059 1219 1438 1289 gravissimum
1487 1218 1742 1286 sepulcro
1795 1217 1972 1286 impo-

394 1327 550 1376 nere,
592 1327 660 1366 ne
700 1311 902 1367 iterum
932 1312 1038 1365 huc
1083 1312 1363 1380 perveniat
1400 1311 1534 1380 (78),
1570 1317 1626 1364 et
1659 1309 1971 1364 instabilem

393 1403 734 1458 voluntatem
767 1403 968 1456 iterum
997 1403 1358 1456 demonstret.

468 1513 704 1567 infernis
745 1530 886 1568 nova
917 1515 1169 1582 dogmata
1192 1512 1406 1574 afferat,
1441 1512 1516 1564 ibi
1543 1511 1639 1566 diu
1671 1522 1971 1582 noctuque,

397 1603 540 1657 sicut
567 1605 702 1667 vult,
726 1604 1146 1658 sermocinetur.
1184 1603 1301 1656 Non
1329 1603 1477 1656 enim
1512 1603 1790 1667 timemus,
1825 1620 1895 1656 nc
1918 1611 1976 1658 et

397 1693 522 1747 illos
548 1693 1036 1746 dividatadversus
1051 1692 1308 1761 pietatem
1335 1691 1544 1761 1363
1573 1691 1791 1760 publice
1842 1693 1977 1746 allo-

397 1798 590 1850 quens,
617 1793 674 1836 et
704 1792 877 1836 morte
918 1781 1271 1836 circumdans
1290 1791 1544 1834 naturam
1576 1782 1970 1836 immortalem.

399 1872 743 1942 Lapidabunt
760 1876 909 1928 enim
925 1890 1072 1936 cum,
1093 1889 1200 1926 non
1222 1873 1399 1926 solum
1419 1872 1515 1942 qui
1533 1872 1720 1926 divina
1745 1873 1974 1927 scientia

399 1965 603 2019 eruditi
640 1975 788 2026 sunt,
827 1966 920 2019 sed
948 1966 1115 2020 etiam
1151 1975 1208 2020 et
1235 1967 1495 2029 Ncmrod,
1539 1976 1595 2019 et
1647 1965 1881 2028 Pharao,
1920 1974 1977 2019 et

401 2055 798 2120 Sennacberib,
833 2065 887 2110 et
923 2056 967 2109 si
994 2056 1121 2126 quis
1153 2072 1345 2110 eorum
1391 2057 1588 2112 similis
1623 2065 1706 2110 est
1743 2059 1836 2111 Dei
1871 2058 1976 2111 im-

401 2155 691 2214 pugnator.

475 2256 582 2310 Sed
621 2257 769 2310 enim
820 2258 937 2311 sine
991 2273 1156 2311 causa
1203 2258 1372 2310 multa
1428 2258 1621 2326 loquar
1657 2260 1802 2327 (79);
1853 2259 1979 2314 silet

400 2346 548 2400 enim
597 2346 762 2401 miser
788 2346 1013 2400 invitus.
1058 2366 1075 2398 ι
1115 2347 1440 2417 Egredietur
1460 2349 1627 2412 enim,
1664 2349 1796 2403 dicit
1828 2349 1978 2404 Scri-

401 2443 569 2503 ptura
611 2436 744 2505 (80),
793 2436 1022 2504 spiritus
1053 2437 1192 2505 ejus,
1243 2444 1300 2489 et
1353 2447 1663 2491 revertetur
1706 2439 1760 2492 in
1793 2440 1980 2507 pulve-

403 2541 518 2579 rem
556 2530 572 2544 '
604 2541 790 2592 suum,
823 2527 878 2579 in
918 2527 1012 2581 illo
1040 2526 1129 2580 die
1165 2527 1425 2596 peribunt
1466 2543 1658 2583 omnes
1690 2530 1979 2600 cogitatio-

401 2632 500 2670 nes
523 2618 590 2670 ”.
625 2637 642 2668 ι
669 2617 775 2672 lste
816 2632 950 2671 vero
978 2627 1034 2672 et
1060 2618 1211 2671 aliud
1243 2619 1409 2672 habet
1435 2619 1738 2673 silentium.
1767 2620 1980 2674 Nudata

399 2708 550 2762 enim
605 2708 753 2763 illius
794 2708 937 2762 facta
978 2708 1204 2779 alligant
1250 2709 1531 2778 linguam,
1570 2709 1869 2763 obstruunt
1895 2727 1979 2774 os,

403 2800 620 2852 frenant
655 2815 898 2866 sensum,
941 2801 1103 2856 silere
1132 2800 1360 2864 faciunt,
1389 2802 1443 2854 in
1480 2810 1682 2855 terram
1718 2801 1982 2856 inclinare

401 2898 624 2958 cogunt.

471 2981 598 3036 Ideo
629 2983 826 3053 plango
861 2983 1123 3039 miserum
1163 2995 1219 3039 et
1243 2986 1436 3055 ploro:
1475 2999 1579 3040 nec
1613 2985 1759 3039 enim
1791 3001 1982 3054 puram

403 3073 538 3126 mihi
567 3073 988 3130 delectationem
1024 3077 1156 3130 fecit
1191 3079 1384 3132 mortis
1411 3080 1532 3148 ejus
1557 3079 1853 3141 nuntiatio,
1887 3079 1981 3132 sed

400 3162 596 3219 dolore
626 3166 962 3234 permistam.
1005 3167 1182 3220 Laetor
1223 3169 1370 3221 enim
1401 3175 1458 3222 et
1503 3168 1804 3238 jucundor,
1836 3169 1985 3237 ejus-

409 3256 551 3310 modi
585 3259 894 3326 pestilentia
924 3274 1217 3312 commune
1263 3260 1519 3314 Ecclesia:
1560 3261 1981 3315 videnslibera-
2011 3281 2052 3336 (ς
2086 3261 2366 3316 Christum
2405 3260 2732 3324 dividimus;
2772 3269 2857 3314 est
2886 3260 3034 3312 enim
3076 3259 3268 3314 unicus

413 3356 558 3413 tum;
611 3347 910 3403 contristor
956 3365 1088 3405 vero
1127 3359 1183 3404 et
1213 3351 1368 3419 ploro
1405 3351 1677 3420 eogitans,
1705 3351 1852 3422 quod
1882 3367 1984 3408 nec

409 3439 657 3508 requiem
699 3441 966 3496 malorum
1008 3441 1340 3498 miserabilis
1381 3445 1708 3513 susceperit,
1746 3445 1839 3499 sed
1877 3461 1980 3498 ma-

399 3532 521 3600 jora
545 3540 601 3586 et
631 3525 816 3602 pejora
850 3543 1192 3602 pertentans,
1225 3535 1521 3590 defunctus
1545 3545 1648 3590 est.
1679 3535 1988 3590 Somniavit

403 3624 573 3688 enim,
601 3625 745 3679 sicut
776 3625 989 3690 dicunt,
1015 3635 1072 3680 et
1108 3627 1312 3697 regiam
1336 3627 1527 3682 urbem
1558 3628 1904 3696 perturbare,
1933 3637 1988 3680 et

404 3719 514 3788 piis
542 3720 742 3773 iterum
779 3720 1128 3790 dogmatibus
1148 3738 1474 3792 repugnare,
1513 3731 1569 3774 et
1607 3730 1754 3774 tuam
1787 3722 1989 3776 sancti-

408 3819 573 3864 tatem
603 3826 885 3871 accusare.
912 3820 1100 3881 utpote
1127 3829 1190 3865 ea
1211 3812 1504 3865 colentem.
1533 3809 1637 3864 Sed
1663 3810 1799 3867 vidit
1821 3811 1986 3875 Deus,

405 3911 464 3955 et
498 3918 607 3956 non
639 3903 889 3972 despexit
937 3904 1072 3976 (8t).
1115 3923 1132 3955 ‹
1186 3905 1420 3959 ῐιηιιιίεἱι
1466 3920 1600 3959 vero
1634 3905 1798 3974 φιμδν
1837 3906 1890 3958 in
1926 3920 1989 3959 os

405 3993 559 4062 ejus,
612 4003 668 4048 et
698 3993 913 4047 frenum
963 3995 1020 4048 in
1069 3995 1212 4048 labia
1265 3995 1406 4064 ejus,
1446 4006 1504 4049 et
1539 3996 1740 4049 avertit
1775 4013 1902 4049 eum
1931 3997 1988 4049 in

408 4093 612 4138 terram
643 4084 775 4156 (82),
803 4102 869 4139 ex
893 4102 1000 4155 qua
1017 4095 1270 4155 sumptus
1296 4088 1458 4141 est'.»
1484 4088 1603 4141 Fiat
1627 4103 1760 4142 vero
1786 4089 1992 4143 oratio-

407 4175 573 4230 nibus
605 4185 711 4231 tua:
754 4178 1098 4242 sanctitatis,
1129 4187 1188 4230 ut
1217 4177 1648 4232 misericordiam
1681 4189 1736 4234 et
1772 4181 1988 4234 veniam

407 4279 800 4338 consequatur,
823 4277 877 4322 et
895 4269 1078 4323 vincat
1101 4269 1368 4325 immensa
1400 4271 1494 4325 Dei
1521 4271 1810 4326 clementia
1841 4272 1992 4327 illius

410 4359 832 4430 malignitatem.

483 4451 633 4518 Rogo
661 4466 791 4505 vero
821 4459 968 4504 tuam
1003 4451 1371 4518 sanctitatem,
1422 4454 1635 4508 solvere
1683 4455 1843 4508 nobis
1875 4457 1994 4510 ani—

409 4555 512 4593 ma:
573 4540 842 4594 tumultus
887 4557 900 4592 :
947 4540 1199 4610 plurima:
1248 4542 1395 4595 enim
1447 4551 1503 4596 et
1551 4542 1782 4597 diversae
1833 4531 2006 4598 famae.

2069 655 2372 724 eademque
2397 669 2587 708 onmcs
2615 654 2885 716 dicentes,
2921 651 3296 706 necessarium
3322 650 3654 714 existimavi,

2070 746 2355 800 veritatem
2386 761 2416 798 a
2449 755 2540 798 tua
2567 745 2780 798 discere
2813 743 3100 798 sanctitate
3123 760 3136 794 ε
3159 751 3218 795 ut
3240 741 3323 795 vel
3356 741 3652 804 rideamus,

2073 846 2259 905 utpote
2287 836 2441 901 falsa,
2473 843 2568 890 aut
2595 844 2653 889 ut
2678 851 2828 898 vera,
2863 835 3058 889 merito
3082 835 3390 904 lugeamus.

2071 975 2352 1030 CLXXXI.
2411 1007 2480 1016 --
2544 974 2788 1046 Epistota
2849 975 2920 1027 ad
2985 974 3288 1028 Abumlium
3347 971 3655 1029 Comensem

2633 1046 2934 1115 episcopum
2975 1046 3110 1114 (84).

2147 1177 2378 1229 Domino
2423 1191 2550 1230 vere
2599 1176 2821 1230 amabili
2873 1185 3039 1244 atque
3098 1176 3450 1230 sanctissimo
3500 1177 3655 1230 fratri

2074 1269 2352 1332 Abundio,
2379 1269 2760 1323 Theodoretus
2790 1268 2843 1320 in
2869 1268 3102 1321 Domino
3132 1268 3386 1322 salutem.

2145 1359 2423 1427 Comperi,
2453 1359 2599 1427 quod
2630 1368 2813 1412 vestra
2863 1358 3056 1427 religio
3100 1373 3282 1410 veram
3313 1365 3369 1411 et
3397 1357 3658 1426 apostoli-

2075 1463 2193 1502 cam
2221 1448 2383 1502 lidem
2421 1449 2508 1516 pia
2536 1459 2720 1501 mente
2747 1455 3069 1508 conservet;
3113 1456 3168 1499 et
3202 1447 3408 1515 gratias
3431 1447 3515 1516 egi
3543 1447 3657 1500 Deo

2074 1538 2460 1607 omnipotenti,
2501 1539 2646 1608 quod
2681 1539 2873 1606 religio
2902 1579 2917 1601 ,
2947 1553 3070 1606 quae
3096 1537 3535 1606 periclitabatur,
3566 1553 3655 1591 re—

2077 1641 2278 1684 novata
2322 1639 2408 1684 est
2451 1645 2550 1700 per
2592 1629 2938 1689 sanctitatem
2973 1639 3249 1692 vestram,
3298 1635 3356 1681 et
3404 1627 3554 1681 venit
3599 1627 3656 1681 in

2076 1722 2278 1775 lucem.

2149 1814 2218 1868 Et
2251 1814 2394 1868 sicut
2432 1812 2639 1866 dudum
2669 1811 2722 1864 in
2760 1810 2970 1864 diluvio
2996 1808 3200 1862 factum
3227 1817 3334 1873 est,
3372 1818 3433 1862 ut
3467 1809 3532 1863 ad
3568 1825 3657 1863 se-

2079 1919 2202 1957 men
2236 1903 2455 1972 generis
2494 1901 2743 1963 humani,
2781 1900 2895 1953 Noe
2931 1907 2986 1952 et
3021 1896 3118 1951 filii
3147 1898 3268 1967 ejus
3311 1898 3489 1952 relicti
3523 1898 3657 1961 sint,

2086 1993 2299 2064 1364
2341 1993 2415 2046 ita
2454 1992 2511 2045 in
2557 1991 2813 2060 praesenti
2876 1988 3249 2043 occidentales
3293 1987 3484 2041 Patres
3529 1995 3662 2041 sunt

2081 2083 2369 2148 reservati,
2413 2091 2474 2137 ut
2513 2098 2581 2137 ex
2621 2081 2687 2136 iis
2738 2081 2902 2137 etiam
2955 2079 3252 2134 orientales
3301 2090 3662 2134 sacrosanctae

2080 2177 2338 2232 Ecclesia:
2387 2189 2574 2229 veram
2617 2172 2932 2226 custodiant
2979 2171 3327 2240 religionem,
3365 2187 3527 2240 quam
3570 2187 3664 2224 va-

2080 2277 2226 2321 stare
2265 2268 2377 2336 jam
2426 2275 2481 2319 et
2525 2263 2794 2318 devorare
2843 2263 3064 2331 penitus
3106 2262 3371 2331 sacrilega
3423 2270 3478 2314 et
3523 2276 3661 2313 nova

2082 2363 2308 2417 haeresis
2336 2359 2601 2414 tentabat.
2641 2358 2784 2426 Ergo
2829 2355 2939 2427 (8.3)
2988 2365 3301 2424 opportune
3343 2354 3451 2408 dici
3483 2363 3664 2424 potest

2080 2472 2187 2508 vox
2210 2455 2302 2509 illa
2333 2452 2656 2522 prophetica
2683 2469 2696 2504 :
2735 2470 2751 2500 ι
2781 2451 2896 2504 Nisi
2923 2452 3188 2504 Dominus
3211 2450 3449 2504 Sabaoth
3475 2467 3663 2505 semen

2081 2546 2244 2599 nobis
2277 2545 2607 2613 reliquisset,
2646 2543 2856 2596 similes
2893 2542 3019 2595 facti
3055 2558 3338 2606 essemus,
3384 2543 3664 2611 quomodo

2082 2633 2317 2687 Sodoma
2366 2640 2422 2685 et
2459 2631 2843 2694 Gomorrha’;
2885 2650 2901 2679 ι
2943 2629 3080 2682 aleo
3127 2630 3304 2691 nobis,
3356 2630 3512 2699 quasi
3559 2632 3662 2684 ali-

2082 2725 2226 2793 quod
2269 2723 2559 2788 diluvium,
2601 2729 2656 2775 et
2682 2721 2886 2774 bellum
2919 2720 3105 2774 evenit
3144 2720 3223 2772 ira
3252 2721 3346 2774 Dei
3392 2736 3461 2775 ex
3498 2721 3663 2791 impia

2084 2814 2301 2881 luercsi,

2154 2905 2310 2959 Nunc
2343 2918 2477 2958 vero
2520 2901 2818 2957 Salvatoris
2848 2899 3020 2954 nostri
3055 2901 3110 2955 in
3148 2916 3380 2970 corpore
3425 2902 3667 2956 humano

2084 2992 2451 3064 praesentiam,
2484 3001 2541 3045 et
2571 3007 2741 3044 unum
2773 2990 2972 3043 Filium
2999 2990 3115 3054 Dei,
3142 2999 3198 3043 et
3225 2989 3522 3059 perfectam
3549 2991 3670 3060 ejus

2084 3085 2366 3146 deitatem,
2391 3089 2446 3135 et
2470 3081 2766 3150 perfectam
2796 3080 3191 3133 humanitatem
3222 3079 3570 3143 confitemur,
3613 3088 3672 3134 et

2088 3192 2193 3229 non
2228 3175 2282 3227 in
2318 3173 2456 3228 duos
2486 3171 2628 3224 filios
2670 3187 2837 3224 unum
2878 3170 3170 3224 Dominum
3201 3179 3449 3224 nostrum
3483 3171 3668 3226 Jesum

3321 3277 3334 3312 :
3375 3260 3471 3314 sed
3515 3260 3670 3315 diffe-

2089 3352 2322 3409 rentiam
2368 3352 2465 3407 Dei
2514 3359 2570 3406 et
2615 3351 2854 3405 hominis
2913 3350 3316 3419 cognoscimus,
3364 3359 3420 3404 et
3467 3352 3674 3406 scimus

2088 3447 2234 3516 quod
2268 3447 2502 3500 alterum
2537 3461 2604 3500 ex
2633 3443 2793 3498 Patre
2818 3450 2925 3506 est,
2948 3443 3182 3496 alterum
3212 3458 3279 3496 ex
3318 3443 3526 3495 semine
3562 3443 3672 3496 Da-

2085 3536 2175 3589 vid
2201 3543 2255 3588 et
2276 3536 2574 3598 Abraham,
2599 3536 2754 3604 juxta
2783 3533 2999 3587 divinas
3045 3533 3376 3602 Scripturas,
3413 3533 3672 3604 quodque

2087 3628 2275 3681 divina
2300 3627 2523 3696 quidem
2553 3637 2751 3680 natura
2783 3627 2902 3681 sine
2930 3626 3186 3694 passione
3215 3634 3319 3689 est,
3343 3641 3544 3694 corpus
3568 3643 3672 3679 au—

2089 3730 2198 3774 tem
2247 3729 2374 3773 ante
2425 3719 2649 3787 quidem
2690 3729 2811 3772 erat
2855 3718 2912 3771 in
2945 3718 3222 3786 passione,
3272 3733 3421 3772 nunc
3463 3735 3594 3772 vero
3617 3729 3677 3773 et

2089 3809 2270 3880 ipsum
2325 3810 2569 3864 alienum
2625 3817 2708 3863 est
2756 3824 2785 3861 a
2843 3808 3095 3876 passione
3141 3824 3154 3860 :
3201 3822 3327 3859 nam
3385 3815 3673 3875 postquam

2089 3901 2352 3964 surrexit,
2385 3900 2453 3954 ab
2486 3901 2634 3954 omni
2663 3899 2914 3969 passione
2951 3905 3166 3952 constat
3187 3912 3307 3950 esse
3357 3897 3672 3952 liberatum.

2168 3992 2294 4046 llaec
2327 4007 2395 4045 ex
2425 3991 2629 4045 litteris
2669 3987 3001 4044 sanctissimi
3039 4004 3104 4042 ac
3149 3986 3546 4056 religiosissimi
3579 4003 3678 4041 ar-

2089 4083 2424 4153 chiepiscopi
2467 4082 2677 4136 domini
2706 4081 2878 4136 nostri
2918 4079 3120 4134 Leonis
3156 4077 3471 4132 didicimus.
3519 4078 3676 4148 Legi-

2090 4193 2214 4231 mus
2246 4176 2394 4231 enim
2437 4191 2558 4245 qua:
2597 4174 2665 4228 ad
2707 4181 2908 4228 sancta:
2937 4181 2991 4226 et
3037 4171 3208 4224 beatze
3249 4170 3525 4223 memoria:
3551 4170 3676 4224 Fla—

2091 4268 2315 4322 vianum
2351 4266 2591 4336 scripsit,
2632 4274 2688 4320 et
2714 4263 2920 4334 gratias
2961 4262 3174 4330 egimus
3210 4260 3444 4312 Domino
3484 4270 3677 4316 nostro

2091 4359 2492 4414 humanissimo
2522 4358 2657 4422 Deo,
2687 4355 2832 4424 quod
2864 4355 3189 4408 advocatum
3215 4357 3272 4404 et
3299 4361 3682 4421 pI'OpllguatO—

2091 4468 2207 4507 rem
2234 4450 2481 4505 veritatis
2517 4448 2847 4502 invenimus.

2165 4543 2260 4597 llis
2289 4551 2344 4598 et
2372 4557 2474 4612 ego
2496 4541 2697 4595 litteris
2716 4538 2994 4602 consensi,
3023 4544 3080 4592 et
3112 4536 3244 4590 huic
3273 4536 3518 4606 epistola:
3542 4549 3682 4590 meae

408 4632 833 4696 circumsonant,
881 4640 937 4685 et
971 4648 1071 4687 nos
1103 4634 1448 4702 perturbant,
1482 4649 1805 4688 communes
1844 4635 1990 4690 cala-
2025 4627 2066 4679 Ι)
2093 4633 2406 4702 exemplum
2441 4647 2632 4686 earum
2665 4627 2918 4699 copulavi
2944 4668 2958 4693 ,
3001 4626 3090 4681 cui
3127 4626 3292 4680 etiam
3331 4624 3630 4693 subscripsi
3661 4664 3678 4688 ν

409 4723 629 4776 milates
656 4722 1064 4778 annuntiautes.
1107 4723 1342 4789 Quidam
1374 4740 1507 4778 vero
1539 4732 1687 4778 tuam
1722 4740 1986 4780 reveren-

413 4815 545 4868 tiam
590 4814 863 4883 proficisci
907 4817 1100 4871 dicunt
1151 4815 1218 4868 ad
1270 4816 1611 4880 comitatum,
1647 4816 1767 4870 sine
1791 4819 1987 4872 volun—

413 4913 543 4972 tate,
573 4913 629 4960 et
653 4919 824 4976 usque
853 4922 1001 4961 nunc
1033 4905 1402 4976 despiciebam
1437 4905 1571 4977 (85),
1605 4915 1794 4978 utpote
1827 4908 1984 4972 falsa,

473 5089 520 5121 δ’
550 5088 694 5144 Psal.
716 5105 874 5155 δην,
900 5090 952 5144 5.
1033 5093 1049 5122 ¹
1084 5090 1186 5145 lsa.
1218 5106 1415 5146 xxxvu.
1449 5091 1541 5145 24.
1614 5093 1633 5123 ²
1659 5091 1762 5157 lsa,
1796 5109 1832 5157 ι,
1865 5092 1917 5147 9.

483 5246 598 5317 (77)
637 5247 717 5301 lta
742 5246 1030 5317 legendum
1058 5261 1179 5301 esse
1205 5247 1317 5316 jam
1348 5246 1532 5316 plures
1557 5247 1985 5317 admonuerunt,

415 5316 542 5372 eum
581 5316 717 5371 alias
757 5316 814 5369 in
865 5316 1024 5371 libris
1054 5325 1191 5370 vett.
1235 5318 1352 5371 sit:
1392 5317 1524 5386 Cym'
1573 5316 1818 5372 Ciliciam
1872 5318 1991 5372 sine

415 5403 604 5448 sensu,
650 5386 876 5457 propius
915 5387 1302 5457 adveritatem
1335 5387 1388 5441 in
1423 5387 1546 5442 aliis
1580 5405 1594 5440 ε
1633 5386 1993 5457 Cynicilitiani

416 5460 457 5512 f.
482 5455 884 5510 cuniculutiani.
926 5456 1006 5511 Ad
1045 5457 1267 5511 Laciani
1303 5457 1582 5526 dialogum
1622 5455 1866 5526 respicit,
1899 5455 1994 5524 qui

415 5534 503 5582 est
535 5527 679 5598 inter
715 5527 958 5598 dialogos
1002 5536 1367 5598 mortuorumi
1389 5525 1762 5598 sub_pomine
1809 5527 1998 5598 ἰξατὰ-

404 5598 590 5666 -πλους
615 5596 656 5650 f.
684 5595 978 5664 Ttipavvoc,
1004 5599 1099 5652 ubi
1201 5599 1252 5660 7,
1280 5607 1318 5651 t.
1349 5597 1390 5657 Ι,
1416 5613 1469 5664 p.
1497 5595 1621 5666 628,
1647 5595 1780 5648 edit.
1813 5595 1988 5649 Reitz.

420 5665 818 5737 eol|.§9,_ltl)
878 5667 1091 5722 inducit
1138 5665 1431 5737 Cyniscum
1490 5665 1877 5737 admonentem
1932 5675 1993 5718 ut

423 5733 835 5806 Megapenthem
893 5733 1198 5806 tyrannum
1237 5735 1501 5800 vinciant,
1545 5750 1615 5788 ne
1656 5733 1723 5787 ad
1769 5750 1998 5805 superos

427 5803 670 5864 aufugiat
691 5819 758 5856 ex
780 5803 931 5858 orco;

501 5871 610 5939 (78)
653 5871 952 5928 Perveniret
990 5883 1044 5931 et
1067 5891 1192 5930 mox
1231 5876 1613 5929 demonstraret
1645 5875 1814 5930 Mans.

2095 4738 2151 4782 et
2189 4743 2256 4781 ex
2298 4727 2403 4780 hoc
2446 4723 2698 4793 probavi,
2746 4721 2892 4790 quod
2927 4720 3142 4791 regulas
3171 4719 3528 4790 apostolicas,
3571 4717 3683 4773 hoc

2094 4827 2199 4883 est,
2244 4832 2376 4872 vera
2401 4816 2658 4886 dogmata
2701 4828 2925 4883 sequor,
2961 4811 3236 4881 hodieque
3260 4811 3316 4866 in
3349 4810 3435 4866 his
3463 4824 3683 4879 penna-

2095 4926 2222 4976 neo,
2258 4916 2313 4965 et
2354 4907 2478 4964 ideo
2509 4905 2718 4962 bellum
2745 4903 2944 4977 patior.

2165 5248 2276 5318 (79)
2319 5249 2526 5318 Loquor
2555 5246 2683 5318 libri
2712 5252 2846 5300 vett.
2867 5243 3028 5318 apud
3055 5242 3245 5296 Baluz.

2163 5314 2276 5386 (80)
2316 5314 2594 5388 Scriptura
2629 5317 2786 5372 abest
2811 5331 2842 5369 a
2866 5314 3037 5368 Mans.

2196 5388 2286 5441 8t)
2331 5386 2479 5441 Videt
2509 5386 2683 5441 Mans.

2196 5389 2256 5440 8t
2331 5389 2479 5441 Videt
2509 5389 2683 5441 Mans.

2193 5389 2286 5525 8'2;
2324 5457 2487 5511 Terra
2516 5456 2690 5510 Mans.

2193 5462 2281 5525 8'2)
2324 5462 2487 5511 Terra
2517 5462 2690 5510 Mans.

2169 5462 2281 5598 (85)
2317 5525 2446 5598 Sine
2480 5525 2752 5598 coluntate
2794 5525 2906 5595 ejus
2960 5537 3081 5594 qua
3130 5538 3268 5575 nunc
3307 5514 3687 5589 despiciebant.

2105 5596 2277 5652 Paris.
2306 5596 2450 5665 apud
2478 5596 2662 5650 Baluz.
2927 5661 2937 5666 _
3267 5660 3279 5666 _
3396 5658 3408 5666 _
3558 5655 3592 5666 _,
3619 5655 3653 5666 ,,

2178 5667 2297 5738 (84)
2332 5655 2481 5738 lianc
2514 5666 2796 5738 epistolam
2835 5661 3089 5738 primus,
3135 5660 3282 5738 quod
3332 5658 3467 5722 seio,
3506 5655 3678 5712 edidit

2106 5731 2373 5791 Baronius
2403 5731 2600 5790 Annal.
2638 5736 2708 5788 ad
2737 5754 2787 5788 (ι.
2826 5732 2946 5795 450,
2973 5748 3026 5800 p.
3061 5747 3134 5785 m.
3161 5731 3279 5784 121.

2179 5806 2287 5877 (85)
2330 5805 2416 5860 Et.
2443 5805 2567 5860 Bar.
