4108 6178
525 268 582 318 11
1563 267 1616 320 S.
1666 265 1904 322 lSIDOIll
1947 262 2382 322 lIlSPALENSIS
2427 266 2729 343 EPISCOI‘I
3709 281 3774 335 ιε

593 383 643 433 7.
689 377 831 434 Inter
877 381 1240 450 Argumentum
1283 390 1335 435 et
1379 382 1884 449 argumentationem.
1919 384 2091 450 Argu-
2121 389 2168 446 Α
2199 398 2298 452 qua
2329 383 2656 439 difﬁcultate.
2706 384 2832 440 Item
2865 385 3006 441 altus
3037 397 3257 458 puteus,
3290 405 3477 447 murus
3503 394 3771 457 excelsus.

519 479 767 526 utentum
797 481 880 526 est
905 472 1045 542 quod
1077 473 1128 526 in
1173 472 1430 542 principio
1461 471 1581 526 libri
1613 472 1851 528 breviter
1878 489 2092 528 causam

524 561 736 628 pattdit,
768 562 1157 632 argumentatio
1184 570 1263 616 est
1294 579 1411 633 qua:
1471 563 1522 617 in
1549 563 1905 634 diSputatione
1937 564 2093 620 Iidem

522 652 907 707 assertionibus
937 651 1070 724 [Ala
1103 651 1582 726 assertionemque]
1613 652 1760 709 facit.

592 744 643 813 3
676 745 728 799 8.
771 743 911 798 Inter
931 745 1104 797 Artem
1133 753 1186 798 et
1213 744 1509 811 artiﬁcium.
1529 743 1630 798 Ars
1652 755 1732 800 est
1753 755 1938 800 natura
1964 748 2096 802 libe-

524 835 672 900 ralis,
706 834 989 888 artiﬁcium
1020 847 1150 889 vero
1174 844 1382 904 gestum
1413 835 1658 890 manibus
1699 835 1830 909 [At.,
1860 847 2010 907 gestu
2042 848 2095 893 et

528 923 750 992 tuattib.J
779 931 1008 978 constat.

594 1013 649 1066 9.
670 1015 810 1067 Inter
832 1013 1196 1068 Absconditum
1224 1021 1279 1069 et
1306 1014 1626 1069 absconsum.
1656 1013 1990 1070 Absconsum
2013 1022 2093 1069 est

523 1109 802 1176 cujuslibet
833 1117 946 1161 arte
988 1107 1238 1173 celatum,
1272 1106 1635 1162 absconditum
1664 1121 1794 1160 vero
1839 1107 2094 1159 naturali-

523 1211 603 1252 ter
634 1196 893 1262 abditutn.
923 1195 1203 1250 Conditum
1253 1205 1334 1250 est
1361 1197 1524 1256 enim,
1556 1210 1660 1249 non
1691 1210 1935 1250 consum.
1967 1194 2092 1250 Inde

521 1301 577 1344 et
604 1305 863 1344 consuere
885 1289 1098 1354 dicitur,
1120 1290 1332 1357 quando
1357 1298 1511 1356 rupta
1542 1288 1675 1360 [Al.,
1700 1287 1906 1358 erupta]
1934 1296 2092 1358 atque

523 1389 706 1447 aperta
736 1393 964 1448 quaeque
987 1386 1246 1433 texuntur
1271 1378 1400 1451 μί..
1437 1377 1758 1448 trahuntur].
1801 1379 1966 1433 Porro
1995 1393 2089 1433 oc-

521 1473 718 1525 cultum
748 1470 879 1544 [At.,
910 1469 1251 1540 ocrultatum]
1281 1469 1349 1523 ab
1378 1470 1691 1536 occulettdo,
1727 1470 1777 1524 id
1805 1480 1908 1536 est,
1941 1472 2090 1525 clau-

521 1560 718 1624 dendo,
765 1561 796 1613 d
823 1569 987 1614 ctum.
1044 1561 1307 1614 Arcanum
1341 1574 1470 1615 vero
1498 1559 1566 1614 ab
1593 1575 1717 1615 arca
1762 1560 1843 1615 vel
1901 1561 1968 1615 ab
2004 1577 2092 1616 ar-

523 1652 713 1716 cendo,
741 1666 805 1706 eo
834 1651 972 1720 quod
1004 1649 1072 1706 ab
1099 1665 1164 1705 eo
1189 1665 1375 1706 omnes
1404 1662 1702 1717 arceantur,
1734 1651 1784 1704 id
1817 1659 1917 1715 est,
1968 1665 2090 1720 pro-

523 1743 822 1797 hibeantur.
867 1741 992 1796 Inde
1042 1750 1096 1796 et
1129 1755 1280 1795 arces
1299 1741 1568 1806 dicuntur,
1605 1758 1632 1793 a
1659 1743 1850 1809 quibus
1873 1757 2091 1797 arcean-

524 1848 606 1889 tur
653 1837 851 1888 hostes.
887 1833 1011 1888 Inde
1065 1841 1118 1888 et
1169 1847 1323 1898 arca,
1356 1847 1421 1887 eo
1476 1832 1617 1902 quod
1663 1844 1841 1889 arceat
1898 1830 2090 1889 furem.

522 1927 646 1979 lude
685 1935 738 1978 et
785 1940 963 1990 arcus,
1014 1939 1080 1979 eo
1105 1926 1244 1992 quod
1273 1923 1860 1978 arceatadversarium.

595 2016 679 2069 I0.
723 2015 863 2069 Inter
888 2015 1017 2067 Ante
1043 2023 1096 2068 et
1123 2022 1289 2066 antea.
1324 2012 1460 2067 Ante
1503 2013 1677 2067 locum
1725 2011 1991 2082 signiﬁcat
2035 2021 2091 2068 et

529 2120 836 2174 personam,
871 2113 1024 2158 antea
1052 2112 1250 2158 tantum
1283 2111 1516 2171 tempus.

594 2198 682 2251 Il.
749 2197 892 2250 Inter
941 2194 1172 2248 accubuit
1211 2203 1269 2248 et
1313 2192 1579 2257 recubuit,
1640 2192 1753 2245 haec
1799 2193 2095 2248 dilierentia

521 2295 603 2341 est
629 2306 640 2340 :
669 2287 914 2341 accubuit
938 2285 991 2339 in
1024 2283 1256 2339 triclinio
1299 2283 1546 2347 conviva,
1594 2281 1836 2336 recubuit
1865 2283 1916 2336 itt
1947 2282 2094 2337 cubi-

517 2381 637 2433 culo
667 2380 934 2442 dominus,
987 2375 1240 2430 decubuit
1273 2372 1575 2444 languidus.
1629 2373 1906 2428 Accubare
1951 2372 2093 2428 enim

519 2479 604 2524 est
632 2483 857 2538 corpore
887 2476 998 2520 toto
1017 2508 1030 2530 ,
1062 2465 1376 2520 accumbere
1403 2464 1603 2518 cubito.

591 2560 677 2614 12.
704 2560 845 2614 Inter
869 2557 1091 2611 abscedit
1114 2565 1168 2612 et
1189 2557 1424 2612 discedit.
1457 2552 1708 2610 Abscedit
1730 2554 1868 2622 quod
1891 2570 1918 2608 a
1942 2562 2094 2624 parte

517 2651 748 2718 quolibet
776 2663 839 2706 se
877 2647 1174 2716 subtrahit,
1205 2647 1346 2719 quod
1375 2661 1503 2702 vero
1532 2660 1561 2699 a
1605 2645 1782 2702 medio
1812 2645 2092 2713 dividitur,

519 2743 762 2797 discedit.

588 2833 674 2887 15.
700 2831 841 2886 Inter
869 2830 1189 2886 Adulterium
1214 2837 1268 2884 et
1289 2829 1703 2899 fornicationem.
1750 2827 1901 2894 Quod
1945 2825 2094 2880 adul-

519 2922 711 2978 terium
742 2931 825 2977 est
847 2923 1074 2977 alienam
1105 2934 1324 2975 uxorem
1352 2928 1606 2987 appetere
1627 2960 1640 2979 ,
1668 2918 1948 2972 lornicatio
1968 2931 2092 2970 vero

520 3031 623 3068 nuit
655 3023 739 3070 est
755 3013 1069 3069 adulteratio
1096 3009 1421 3068 matrimonii
1447 3007 1689 3077 ftederis,
1715 3009 1806 3063 sed
1827 3025 1945 3063 cum
1977 3008 2094 3063 aliis

517 3109 706 3162 solutis
736 3106 1014 3163 mmchari.

2196 474 2412 529 Summa
2444 473 2646 529 videbis
2678 475 2730 530 in
2759 478 3007 544 excelso,
3040 479 3145 533 ima
3179 480 3229 533 in
3260 481 3390 536 alto.

2271 564 2356 618 15.
2435 565 2577 618 Inter
2680 565 2969 634 Adnisum,
3037 569 3269 622 innixum
3301 611 3316 634 ,
3385 571 3657 626 subnixum
3719 585 3773 630 et

2194 654 2454 709 obnixum.
2502 653 2790 719 Adnisum,
2841 668 3123 713 conantem
3163 658 3294 730 [Al.,
3339 661 3545 733 conari]
3577 664 3641 717 ad
3674 666 3771 718 ali-

2194 745 2316 813 quid
2341 787 2356 812 ,
2391 743 2626 798 innixum
2659 745 2973 802 innitentem
3005 748 3058 803 io
3088 750 3296 818 aliquid
3320 748 3453 822 [Al.,
3486 753 3638 807 inniti
3659 753 3770 827 ad],

2195 846 2255 890 ut
2278 837 2322 890 si
2353 836 2470 904 quis
2501 836 2690 890 baculo
2721 837 2999 905 innitatur,
3028 849 3118 894 aut
3145 842 3430 896 columnas.
3468 842 3769 900 Subuisum

2195 941 2322 981 vero
2370 928 2696 982 instructum
2747 930 2924 998 aliquo
2969 932 3216 998 consilio,
3263 943 3355 987 aut
3385 935 3659 991 sull'ultutu
3704 955 3766 993 ex

2194 1017 2338 1071 omni
2390 1027 2573 1082 parte,
2604 1019 2857 1075 obnixum
2905 1033 3081 1076 autem
3137 1023 3481 1090 obstinatum,
3519 1028 3602 1082 vel
3651 1045 3769 1098 per-

2195 1116 2527 1161 seterantetn
2561 1107 2696 1178 [Al.,
2732 1110 3126 1184 perseverans].

2268 1195 2357 1251 16.
2387 1197 2527 1252 Ιιιιει·
2549 1199 2772 1270 Alioqui,
2803 1201 3026 1270 obloqui,
3056 1205 3242 1272 eloqui.
3303 1206 3521 1275 Alloqui
3551 1208 3768 1262 hortau-

2196 1286 2262 1340 tis
2286 1296 2340 1342 et
2363 1287 2618 1353 jubentis,
2649 1289 2861 1358 obloqui
2893 1291 3260 1359 obtrectantis,
3303 1295 3476 1362 eloqui
3508 1299 3764 1350 oratoris.

2266 1383 2351 1436 I7.
2379 1383 2517 1436 Inter
2575 1384 2760 1437 Amare
2787 1393 2841 1438 et
2869 1383 3094 1456 Diligere
3142 1395 3287 1454 putat
3316 1387 3527 1442 diﬂerre
3555 1389 3763 1452 Cicero,

2192 1471 2488 1540 saepiusque
2517 1475 2594 1529 sic
2619 1473 2808 1536 ,utitur
2832 1513 2848 1538 ,
2881 1483 2938 1528 ut
2985 1475 3312 1546 distinguat,
3366 1485 3526 1546 atque
3584 1492 3767 1534 amaro

2195 1570 2356 1629 ponat
2378 1577 2471 1631 pro
2517 1562 2767 1618 ardenter
2815 1577 3033 1631 amare,
3078 1574 3132 1618 at
3185 1566 3405 1635 diligere
3459 1582 3557 1635 pro
3598 1569 3766 1626 levius

2192 1667 2391 1718 amare,
2446 1653 2582 1709 sicut
2635 1654 2686 1708 in
2735 1653 2977 1724 epistolis
3027 1654 3095 1710 ad
3147 1655 3364 1711 Brutum
3400 1673 3414 1712 :
3449 1657 3621 1724 Vale,
3675 1661 3767 1714 itu-

2123 1743 2326 1818 Bquit,
2378 1750 2424 1794 et
2477 1757 2566 1795 nos
2614 1757 2782 1808 ama;
2829 1741 2906 1796 uel
2938 1783 2954 1808 ,
2997 1744 3044 1797 si
3095 1743 3151 1796 id
3194 1745 3360 1812 majus
3399 1744 3530 1818 [Al.,
3576 1746 3766 1818 minus]

2194 1841 2304 1896 est,
2362 1831 2514 1900 dilige
2557 1830 2708 1903 [Al.,
2762 1831 3005 1905 diliges].
3061 1833 3131 1888 Et
3176 1849 3359 1888 rursus
3407 1853 3421 1890 :
3465 1836 3555 1890 Sic
3611 1837 3766 1907 igitur

2194 1922 2349 1987 facies
2374 1936 2392 1984 ;
2421 1936 2500 1974 nte
2524 1931 2615 1973 aut
2662 1922 2856 1975 amabis
2876 1962 2891 1986 ,
2923 1930 3015 1974 aut
3060 1938 3162 1992 quo
3188 1933 3448 1977 contentus
3473 1942 3606 1993 sum,
3649 1928 3767 1980 dili-

2195 2025 2302 2078 ges.
2353 2010 2480 2064 Item
2515 2010 2578 2065 ad
2611 2011 2933 2067 Dolabellam
2971 2029 2984 2065 :
3029 2013 3156 2081 Quis
3189 2023 3298 2068 erat
3333 2017 3422 2084 qui
3460 2026 3653 2086 putaret
3696 2021 3764 2072 ad

2193 2115 2309 2152 eum
2333 2116 2555 2154 amorem
2577 2117 2726 2169 quem
2773 2119 2893 2174 erga
2922 2111 2970 2158 te
2997 2102 3263 2170 habebam,
3295 2121 3440 2174 posse
3467 2108 3662 2174 aliquid
3680 2124 3767 2162 ac-

2194 2191 2408 2245 cedere?
2441 2191 2656 2246 Tantum
2684 2195 2911 2258 accessit,
2953 2203 3009 2248 ut
3040 2195 3164 2249 mihi
3191 2212 3324 2249 nunc
3346 2196 3561 2265 denique
3593 2214 3767 2253 arnore

2193 2281 2390 2349 videar,
2425 2291 2574 2336 antea
2627 2285 2884 2341 dilexisse.
2926 2285 3028 2340 Alii
3076 2285 3326 2340 dixerunt
3379 2301 3559 2342 amare
3612 2290 3765 2345 nobis

2196 2372 2508 2426 naturaliter
2536 2373 2778 2437 insitum,
2807 2373 3025 2443 diligere
3048 2389 3176 2429 vero
3219 2377 3501 2431 electione.

2269 2460 2354 2515 I8.
2389 2462 2530 2517 Inrer
2557 2463 2786 2535 Abjicere
2832 2475 2886 2518 et
2915 2467 3163 2536 projicere
3189 2465 3369 2522 distat.
3419 2469 3571 2534 Quod
3619 2473 3761 2524 enim

2197 2551 2247 2605 itt
2273 2551 2612 2622 dcspectione
2660 2564 2741 2608 εει
2773 2595 2787 2619 ,
2835 2564 2888 2608 ει
2927 2555 3220 2623 neglectum
3245 2598 3259 2620 ,
3301 2557 3569 2624 abjicitur,
3626 2561 3767 2628 quod

2195 2657 2320 2696 vero
2350 2641 2475 2696 loris
2505 2650 2588 2697 est
2620 2644 2829 2712 penitus
2855 2659 2884 2695 a
2907 2645 3100 2709 salute,
3130 2655 3186 2698 et
3207 2659 3235 2698 a
3275 2645 3597 2700 beatitudine
3639 2647 3768 2702 alie-

2195 2748 2339 2800 num,
2373 2734 2476 2788 hoc
2504 2733 2795 2803 projicitur.
2845 2735 3112 2805 Projicere
3141 2743 3316 2790 autem
3346 2737 3568 2805 dictum,
3616 2740 3767 2806 quasi

2197 2839 2354 2892 porro
2379 2824 2629 2892 abjicerc.

2267 2916 2354 2970 I9.
2419 2916 2560 2970 Inter
2607 2920 2832 2987 Arguere
2877 2924 2932 2970 et
2982 2933 3272 2987 coarguere.
3328 2918 3632 2987 Coarguere
3678 2929 3765 2974 est

2193 3022 2442 3062 coercere
2479 3017 2533 3062 et
2583 3023 2951 3078 compescere,
3023 3024 3243 3078 arguere
3273 3011 3432 3064 modo
3488 3026 3761 3077 accusare,

2122 3133 2166 3188 Ο
2198 3097 2353 3188 nio—do
2380 3097 2573 3188 aliquid
2600 3100 2904 3188 ostendere,
2925 3100 3039 3169 et5
3060 3097 3354 3166 patefacere
3382 3109 3486 3153 est.
3518 3101 3767 3170 Vit-gilius

591 3199 676 3252 14.
711 3199 850 3253 Inter
883 3197 1056 3250 Altum
1083 3203 1137 3250 et
1172 3193 1450 3256 excelsum,
1484 3192 1699 3246 sublime
1751 3201 1804 3248 et
1847 3192 2090 3245 arduum.
2123 3172 2166 3193 ’³
2196 3185 2452 3256 (ιΕηθίιΙ.
2482 3187 2572 3254 tv)
2611 3204 2623 3238 ε
2655 3187 2931 3258 Degeneres
2955 3190 3148 3240 animos
3195 3191 3347 3239 timor
3376 3195 3566 3259 arguit.
3623 3191 3770 3247 Unde

521 3289 700 3342 Altum
739 3303 805 3343 ex
835 3286 1095 3357 superiori
1128 3298 1275 3353 parte
1321 3292 1376 3338 et
1405 3284 1642 3337 interiori
1675 3293 1782 3348 est,
1816 3284 2091 3336 excelsum

518 3398 581 3435 ex
636 3381 899 3450 superiori
953 3386 1188 3442 tantum;
1247 3375 1476 3432 sublime
1514 3375 1788 3431 excelsum
1842 3382 1927 3429 est
1970 3388 2090 3429 cum

519 3478 690 3544 aliqua
740 3473 1025 3543 dignitate;
1056 3471 1302 3537 arduum,
1332 3468 1610 3524 excelsum
1663 3481 1746 3523 est
1775 3469 1830 3538 [ι
1857 3483 1977 3522 cum
1999 3467 2096 3521 ali-

587 3607 643 3658 7.
693 3605 808 3658 Vat.
851 3603 1026 3673 pandit
1085 3607 1546 3673 :Warguntentatto,
1587 3620 1711 3673 qua:
1764 3619 1816 3654 ιη
1867 3602 1919 3654 di
1946 3609 2096 3670 puta-

520 3679 653 3730 tione
680 3676 833 3740 ﬁdem
852 3672 1220 3726 assertionibus
1251 3680 1464 3734 constat,
1492 3683 1538 3724 rt
1567 3672 1710 3740 facit.
1750 3676 1916 3725 Αιιεν.

590 3747 645 3801 8.
681 3741 803 3798 Vat.
833 3759 1004 3796 mensa
1025 3741 1250 3796 liberalis
1275 3783 1288 3807 ,
1322 3754 1374 3796 et
1402 3756 1524 3794 mox
1571 3742 1800 3795 manibus
1837 3751 2091 3794 constans.

519 3819 692 3872 Aut-:v.

587 3885 642 3938 9.
675 3887 947 3938 Arcanum.
978 3881 1154 3947 Serv.,
1186 3882 1249 3936 ad
1283 3881 1427 3935 lIIIltI.
1462 3878 1679 3937 IEueitl.
1713 3897 1725 3932 :
1755 3883 1951 3933 Arcana
1987 3895 2094 3930 mo-

519 3955 662 4009 vebo.
691 3953 832 4020 Ipse,
865 3953 1189 4021 Etyntologq
1223 3953 1317 4021 lib.
1355 3967 1444 4014 xx,
1477 3967 1597 4018 cap.
1620 3950 1685 4021 ξ).

592 4051 662 4062 -
682 4017 855 4075 Αἰτεε.
886 4017 1208 4089 Ειγιιιυιιῖεη
1233 4019 1325 4074 lib.
1353 4034 1437 4080 xv,
1467 4017 1585 4085 cap.
1614 4017 1668 4069 “2.

587 4121 658 4133 --
683 4091 837 4146 Area.
867 4085 1055 4153 Varro,
1104 4085 1155 4144 tv
1201 4089 1266 4142 de
1312 4089 1461 4154 Ling.
1513 4089 1653 4150 ιρι..
1683 4085 1812 4140 dict.
1847 4087 2012 4150 Arcu;
2043 4094 2095 4140 ει

521 4162 658 4231 ipse,
684 4162 777 4215 lib.
814 4161 1109 4231 Iitytnulog.
1146 4172 1388 4231 xx,_ca_p.
1421 4157 1475 4207 9.

591 4261 650 4273 —
685 4226 894 4286 Arceat.
924 4229 1107 4282 Visum
1137 4235 1220 4281 est
1248 4227 1300 4279 in
1332 4226 1632 4293 Etymolog.

587 4333 661 4344 -—-
686 4303 867 4355 Arcus.
900 4297 1198 4368 Etymolog.
1233 4295 1327 4348 lib.
1354 4291 1503 4359 xvttt,
1531 4291 1646 4362 ca’p.
1683 4291 1736 4346 9.

591 4372 726 4424 Ibid.
758 4371 888 4424 Cod.
919 4368 1062 4432 Vat.,
1112 4380 1226 4436 qua:
1253 4375 1507 4418 exuuntur
1536 4378 1632 4434 pro
1661 4379 1868 4434 quotque
1910 4371 2094 4416 texun-

521 4453 619 4495 tur.
663 4442 833 4496 Αιιεγ.

593 4513 678 4566 11.
716 4511 842 4563 Vide
866 4509 1086 4569 Acron.,
1115 4504 1214 4558 ode
1241 4503 1331 4565 27,
1374 4503 1463 4556 lib.
1494 4519 1550 4556 ιιι
1578 4502 1796 4557 IIoratii.

588 4580 730 4633 Ibid.
785 4581 867 4634 AI.
922 4596 934 4631 :
988 4575 1131 4631 Inter
1166 4575 1397 4627 accubuit
1426 4615 1440 4635 ,
1489 4575 1712 4626 recubuit
1751 4583 1797 4625 et
1839 4571 2091 4622 decubuit.

524 4651 772 4705 Barthius
799 4652 1068 4703 existimat
1092 4659 1271 4699 vocem
1304 4643 1538 4696 dominus
1566 4643 1632 4696 ad
1661 4643 1889 4696 decubuit
1926 4653 2095 4693 retra-

522 4722 755 4776 ltendam
792 4733 932 4783 esse,
976 4716 1115 4784 quod
1167 4730 1269 4767 non
1309 4715 1499 4784 placet.
1536 4712 1608 4784 ρε
1649 4715 1827 4784 cubito
1872 4725 1996 4762 vero
2027 4724 2090 4761 cx

524 4805 672 4844 more
711 4781 1162 4843 Romanuest-itat
1187 4783 1460 4836 lloratiutn
1496 4799 1508 4834 :
1543 4781 1605 4834 Et
1643 4781 1806 4834 cubito
1838 4790 2095 4834 remanete

526 4875 717 4927 presso.
740 4858 800 4913 In
823 4858 1018 4911 Codice
1047 4855 1393 4927 bibliotheca
1415 4853 1610 4927 veteris
1638 4852 1900 4927 \_‘_atican:e
1927 4848 2086 4927 595i,

523 4919 578 4985 iu
625 4945 730 5000 quo
765 4927 1075 5000 charactere
1118 4919 2092 5000 semigotlticoudescribuntur.regulae

524 4988 970 5054 vicecanceller'tzc
1002 5009 1096 5063 per
1121 4991 1376 5046 Joannem
1409 4989 1587 5057 XXII,
1618 4991 1669 5043 hi
1701 4988 2094 5058 prmtnittuntur

525 5068 765 5124 versiculi
792 5086 807 5123 :

645 5159 804 5207 Sanus
822 5171 881 5205 eo
904 5157 1136 5212 cubitum,
1162 5153 1248 5201 scd
1275 5154 1415 5202 laesus
1439 5151 1557 5201 vado
1590 5151 1813 5198 cuhatum
1839 5165 1851 5207 ;

648 5221 950 5268 Accium-cus
976 5218 1167 5270 dormit,
1201 5215 1507 5263 discumbens
1531 5212 1709 5261 fercula
1735 5214 1910 5267 sumit;

645 5280 940 5340 Concutnbit,
973 5278 1146 5337 violat;
1173 5276 1458 5336 procumbit,
1482 5286 1659 5340 numen
1684 5273 1845 5340 adorat
1870 5286 1882 5330 ;

644 5337 911 5402 Occumhit,
931 5332 1336 5402 'moritur';'victu_s
1366 5332 1684 5402 succumbere
1703 5332 1857 5402 fertur
1880 5343 1894 5390 ;

649 5402 740 5458 Qui
757 5391 915 5458 cubat',
938 5401 1020 5450 ltle
1039 5391 1188 5461 jacet,
1205 5397 1316 5460 vigil
1338 5398 1568 5458 excubat,
1593 5395 1783 5443 incubat
1800 5393 1916 5440 ales.
1941 5391 2080 5439 Anuv.

599 5504 684 5559 I5.
719 5503 1012 5572 bltytttolog.
1039 5503 1131 5559 lib.
1164 5519 1216 5567 v,
1245 5517 1361 5571 cap.
1391 5499 1483 5556 26.

602 5573 736 5628 Ibid.
765 5566 882 5625 Vat.
923 5566 1109 5625 omittit
1146 5566 1276 5625 hanc
1304 5566 1654 5627 ditl‘erentiam
1692 5587 1702 5623 :
1750 5568 1888 5621 Inter
1941 5566 2091 5620 adul-

519 5654 724 5710 terium,
757 5654 859 5696 etc.
892 5641 1052 5694 Λιιιιν.

2198 3288 2250 3332 ει
2280 3287 2590 3344 argumenta
2620 3278 2868 3331 dicuntur
2896 3293 3010 3347 qum
3035 3292 3247 3332 causam
3279 3281 3582 3332 Ostendunt.

2271 3369 2359 3424 20.
2390 3369 2528 3424 Inter
2555 3369 2795 3424 Adlidere
2843 3379 2894 3424 ct
2913 3369 3114 3424 elidere.
3139 3367 3408 3425 Adliditur
3441 3373 3557 3440 quis
3588 3372 3770 3440 proxi-

2197 3478 2302 3530 me,
2335 3461 2546 3518 eliditur
2578 3462 2750 3531 longe.
2981 3456 2990 3461 ”

2275 3596 2365 3650 14.
2395 3595 2563 3650 Servii
2599 3594 2755 3649 verba
2784 3603 2924 3660 sunt,
2958 3594 3022 3648 ad
3053 3595 3129 3650 ill.
3155 3612 3189 3650 ιι
3212 3595 3364 3666 Em,
3404 3596 3482 3649 Te.
3500 3597 3569 3648 ris
3593 3598 3766 3664 jacta-

2201 3673 2303 3728 tus,
2336 3678 2381 3718 et
2411 3667 2515 3718 alto
2539 3667 2814 3719 .'—AI.‘I'UII
2838 3675 3003 3716 tamen
3033 3669 3293 3720 sciendum
3324 3679 3416 3727 est,
3442 3669 3577 3734 quod
3604 3679 3648 3721 et
3679 3685 3766 3721 stt-

2203 3737 2469 3807 pcriorent,
2502 3746 2547 3788 et
2579 3737 2865 3807 inferiorem
2895 3736 3219 3807 altitudinem
3245 3739 3517 3807 significat.

2270 3834 2338 3845 ——
2369 3806 2614 3859 Sttblimc.
2650 3803 2940 3872 Etytttolog.
2978 3806 3069 3859 ιιι».
3100 3823 3155 3869 x,
3191 3806 3250 3869 L,
3284 3803 3348 3869 Τ,
3376 3808 3433 3860 S.

2273 3876 2597 3927 —Ardunm.
2621 3874 2705 3927 Sic
2735 3875 2886 3928 Serv.
2913 3876 3289 3940 interpretatur
3313 3875 3439 3927 illud
3471 3873 3664 3944 Georg.
3689 3892 3722 3928 ιι
3752 3893 3767 3930 :

2201 3945 2375 3997 Ardua
2397 3945 2590 4013 palma,
2615 3953 2702 3995 aut
2723 3945 2846 4006 alta,
2869 3952 2956 3996 aut
2978 3946 3046 3996 ad
3069 3961 3222 4012 quant
3245 3945 3444 4013 diﬁicile
3462 3948 3764 4011 pervenitur.

2276 4014 2636 4066 15.Adnixum
2664 4016 2713 4065 in
2741 4027 2845 4066 uno
2870 4029 2975 4066 ms.
3008 4015 3224 4068 Set-vius
3255 4023 3452 4076 tatnen,
3483 4029 3637 4081 quem
3673 4015 3766 4068 lsi-

2198 4083 2362 4136 dorus
2393 4083 2502 4132 lere
2531 4083 2792 4150 sequitur,
2826 4083 3048 4150 alteram
3093 4084 3406 4149 scripturam
3438 4085 3603 4149 magis
3640 4100 3766 4150 pro-

2199 4153 2310 4212 bat,
2341 4150 2404 4200 ad
2442 4149 2571 4200 illttd
2600 4164 2612 4200 I
2643 4148 2767 4202 1E".
2798 4165 2808 4198 :
2845 4149 3021 4201 Triton
3046 4148 3256 4203 adnisus
3285 4161 3458 4214 acuto,
3489 4148 3590 4202 etc.

2266 4219 2616 4270 -0bni:rum.
2649 4217 2806 4288 Vetus
2824 4221 3156 4284 gloss'arium,
3177 4222 3510 4288 ἀντίσχοντας.
3536 4218 3760 4286 Nonius,

2202 4298 2376 4342 contra
2407 4287 2751 4340 adversarium
2773 4288 3148 4341 colluctantem.

2268 4356 2550 4428 lbid.Vat.
2582 4367 2846 4428 conantem
2865 4358 3125 4428 aliquid...
3158 4371 3205 4412 et
3228 4357 3496 4412 columnis.
3523 4359 3691 4413 Anzr.

2269 4427 2356 4480 16.
2391 4427 2462 4479 Ex
2489 4426 2738 4494 Agrzctio.

2272 4496 2406 4550 Ibid.
2433 4495 2673 4562 Vulpius,
2721 4495 2785 4550 ad
2817 4496 3109 4562 Catullum,
3158 4512 3323 4549 carm.
3373 4495 3471 4558 58,
3516 4498 3767 4554 observat

2196 4566 2697 4636 alloquialiquando
2725 4568 2966 4634 usurpari
2993 4581 3086 4632 pro
3114 4567 3386 4618 consolari.
3415 4567 3583 4620 Anev.

2267 4636 2292 4688 I
2313 4633 2354 4689 t.
2387 4633 2516 4689 Viti.
2538 4633 2674 4690 Non.
2694 4675 2709 4700 ,
2742 4633 2869 4690 dict.
2899 4652 3070 4688 amare
3098 4645 3152 4688 et
3179 4638 3405 4702 diligere.

2269 4736 2339 4747 —
2366 4706 2446 4758 Ad
2475 4703 2659 4760 Dolab.
2694 4705 2863 4767 Fam.,
2896 4705 2985 4758 lib.
3022 4722 3102 4771 ιι,
3137 4711 3292 4772 epist,
3322 4703 3413 4759 24.

2265 4805 2334 4815 -
2361 4774 2584 4844 Diligere
2612 4789 2746 4837 vero,
2780 4775 3076 4844 Etymolog.
3108 4775 3195 4828 lib.
3229 4789 3260 4825 ι
3286 4815 3300 4837 ,
3325 4775 3498 4828 littera
3531 4776 3595 4828 D.

2269 4846 2405 4898 Ibid.
2433 4844 2637 4899 Sttnilta
2677 4845 2949 4899 Ciceronis
2980 4846 3136 4899 verba
3165 4845 3356 4896 indicat
3384 4844 3659 4910 Barthius,
3689 4861 3758 4898 ex

2119 4897 2163 4959 C
2196 4897 2364 4969 lih.tx
2396 4897 2608 4968 rFﬁamil.
2671 4897 2959 4985 satagit,
3011 4897 3254 4985 ét’aoon
3291 4914 3501 4985 diligere
3552 4897 3764 4985 egregi.

2198 4999 2376 5039 amare
2403 4998 2507 5036 non
2537 4997 2641 5037 uno
2668 4984 2783 5037 loco
2805 4986 3059 5038 Suetonio
3087 4984 3286 5036 valere.
3313 4983 3481 5036 Αιιεν.

2274 5055 2357 5108 18.
2390 5053 2642 5117 Macrob,
2676 5054 2766 5106 lib.
2798 5054 2976 5109 Satur.
3011 5070 3096 5116 γι.
3119 5069 3235 5120 cap.
3266 5052 3320 5104 4.

2274 5126 2359 5176 1η.
2395 5123 2467 5176 Ex
2501 5125 2750 5192 Agraetio,
2805 5125 2854 5175 in
2904 5138 3007 5190 quo
3037 5124 3172 5177 male
3202 5138 3296 5187 pro
3335 5137 3646 5190 compescere
3682 5134 3762 5178 est

2201 5208 2540 5259 compensare,
2570 5192 2863 5261 desuntque
2886 5193 2991 5252 illa,
3019 5194 3166 5244 modo
3211 5207 3470 5257 accusare,
3499 5194 3648 5245 modo
3669 5194 3763 5246 ali-

2203 5265 2347 5331 quid,
2376 5263 2510 5315 sicut
2551 5262 2602 5312 in
2631 5261 2912 5316 Parisiensi
2949 5262 3211 5331 Editione.

2273 5361 2330 5373 —-
2359 5333 2598 5385 Causam.
2632 5331 2852 5384 Causam
2883 5345 3057 5383 causa:
3081 5342 3162 5383 εει
3187 5329 3238 5381 itt
3281 5331 3475 5398 Agrazt.

2269 5401 2407 5454 Ibid.
2443 5400 2557 5453 Vat.
2590 5416 2767 5452 causas
2798 5402 3081 5453 ostendunt.
3109 5400 3275 5451 Anev.

2263 5491 2352 5545 20.
2381 5492 2475 5543 Ms.
2510 5491 2650 5560 Vah,
2671 5490 2877 5560 quisque
2904 5490 3152 5558 proxime.
3187 5489 3250 5542 Et
3281 5488 3411 5543 intra
3449 5511 3464 5544 :
3511 5488 3636 5560 lteris
3663 5489 3756 5540 (ἕνα

2195 5562 2456 5684 ευθηδὲἱιεὲι
2479 5559 2636 5625 (forte
2670 5557 3099 5629 circuritspiciens)
3128 5561 3309 5628 quierit
3336 5575 3552 5614 cernere.
3584 5557 3754 5626 Nam,

2194 5645 2296 5685 etc.
2375 5645 2496 5685 sitv.
