4108 6178
562 313 629 370 I5
1626 313 1685 369 S.
1729 313 1975 370 ISIDORI
2020 314 2461 374 HISPALENSIS
2503 318 2802 375 EPISCOI‘I
3779 330 3839 383 IG

566 428 887 498 prJ'gttatllIS
917 436 1015 484 est.
1047 426 1152 483 Sed
1176 436 1229 483 et
1256 426 1355 482 hoc
1382 440 1410 479 a
1446 426 1619 495 poetis
1646 427 1802 483 metri
1827 428 2147 485 necessitate
2175 430 2222 491 Α
2254 440 2431 484 tamen
2460 446 2580 485 cum
2611 432 2930 500 adjectione,
2960 443 3016 486 ut
3041 443 3163 501 puta
3199 436 3471 491 volucrem
3498 449 3715 506 equum,
3745 454 3838 493 vo-

562 523 817 574 variatur.

629 609 718 663 59.
754 609 893 663 Inter
916 609 1070 661 Arma
1120 616 1173 661 et
1216 607 1338 661 tela.
1369 608 1531 661 Arma
1579 618 1701 663 sunt
1740 610 1931 679 quibus
1958 609 2146 666 defen-

559 702 737 755 dimur
798 700 929 772 [Al.,
973 697 1349 769 defendimus],
1406 701 1509 755 tela
1547 716 1665 770 quae
1708 702 1969 758 mittimus
2010 703 2147 775 [ΑΙ.⁹

560 787 896 859 emittimus].
946 788 1073 842 ltcm
1126 803 1273 843 arma
1312 789 1435 844 belli
1482 800 1633 857 sunt,
1681 805 2013 849 armamenta
2047 810 2145 850 na-

562 883 732 937 tium.

625 973 719 1026 40.
770 969 910 1025 Inter
960 972 1220 1025 Alluvium
1256 979 1310 1026 et
1359 972 1658 1027 colluvrum.
1708 975 1979 1031 Alluvtum
2016 991 2146 1031 con-

560 1065 792 1131 sumptio
814 1072 895 1116 est
917 1062 1153 1130 riparum
1184 1077 1249 1115 ex
1281 1063 1454 1131 aquis,
1486 1064 1773 1118 colluvium
1799 1076 1979 1121 autem
2012 1081 2145 1121 con-

558 1152 803 1223 gregatio
833 1152 1094 1216 sordium,
1128 1168 1245 1221 quae
1272 1153 1327 1206 lit
1358 1170 1385 1206 a
1415 1153 1651 1210 ﬂuxione
1682 1157 1869 1210 multa.

631 1245 720 1299 41.
776 1245 919 1300 Inter
980 1244 1235 1313 Aquatunt
1290 1254 1345 1298 et
1414 1263 1683 1315 aquosam.
1742 1248 2002 1318 Aquatam
2049 1265 2147 1320 po-

558 1337 755 1391 tionem
790 1345 935 1391 recte
984 1337 1251 1402 dicimus,
1296 1351 1555 1406 aquosam
1604 1338 1778 1393 locum
1836 1341 1927 1409 qui
1980 1356 2045 1395 ex
2091 1357 2150 1397 se

558 1443 751 1495 aquom
785 1426 979 1481 fundit.
1011 1428 1084 1481 Ita
1118 1436 1173 1483 et
1215 1444 1482 1483 meracam
1531 1432 1824 1499 potionem,
1873 1448 2145 1490 merosum

562 1533 741 1577 autem
767 1524 949 1576 vinum
973 1523 1326 1591 appellamus.

627 1614 683 1683 3
700 1610 787 1664 42.
809 1611 954 1667 Inter
966 1614 1212 1685 Apricam
1232 1624 1281 1669 et
1296 1631 1529 1686 apacum.
1554 1618 1803 1685 Apricum
1820 1625 2147 1673 contrarium

556 1712 641 1759 est
662 1719 851 1773 opaco,
885 1705 1034 1774 quasi
1059 1713 1303 1773 apertum
1328 1707 1488 1773 coelo,
1520 1710 1604 1763 vel
1634 1708 1734 1762 soli
1768 1710 1885 1764 sine
1908 1709 2038 1782 [Al..
2072 1710 2147 1782 in]

2253 519 2454 573 luerent
2514 521 2779 591 tigridum.
2837 521 2905 576 Ut
2959 533 3042 577 est
3086 524 3213 578 illud
3264 525 3480 580 Pacuvii
3540 541 3555 580 :
3630 526 3841 583 Volucri

2253 612 2413 665 currit
2453 628 2550 665 axe
2592 614 2864 684 quadriga.
2897 615 3026 668 Nam
3061 616 3192 687 [Al.,
3224 616 3339 689 sed]
3365 627 3419 672 et
3445 620 3650 688 sagitta:
3679 620 3833 676 volu-

2254 715 2374 756 cres
2404 701 2675 769 dicuntur,
2708 703 2849 773 quod
2884 704 2966 758 his
3008 707 3182 775 pinum
3208 707 3342 780 [Al.,
3378 709 3585 781 pennae]
3615 713 3836 782 conglu-

2256 792 2513 846 tinantur.
2539 792 2668 846 Nam
2706 795 2821 849 sine
2850 796 3150 865 adiectione
3180 808 3382 852 tantum
3424 801 3607 855 alitem
3652 811 3827 856 sonat.

2322 885 2379 954 9
2410 884 2499 940 48.
2528 886 2668 941 Inter
2725 884 2974 959 Anguem,
3024 901 3305 960 serpentem
3349 901 3403 947 et
3448 894 3738 947 draconem.
3784 896 3837 950 In

2254 977 2388 1028 mari
2418 991 2639 1045 angues,
2676 978 2726 1031 in
2760 988 2900 1031 terra
2930 989 3233 1050 serpentes,
3253 981 3306 1035 in
3332 984 3531 1051 templo
3552 984 3835 1040 dracones.

2256 1066 2325 1121 Ut
2345 1066 2621 1136 Virgilius:
2646 1067 2950 1140 Tranquillo
2968 1087 3056 1149 per
3070 1070 3177 1126 alta
3190 1089 3418 1145 angues;
3435 1086 3487 1129 et
3506 1076 3662 1143 paqu
3681 1086 3831 1144 post:

2256 1160 2478 1232 Serpens
2508 1163 2773 1234 amplexus
2810 1175 3037 1229 uterque.
3079 1167 3207 1222 Item
3244 1188 3255 1221 :
3286 1167 3514 1224 Delubra
3543 1174 3610 1224 ad
3638 1189 3835 1226 summa

2256 1254 2529 1309 dracones.

2326 1347 2415 1401 49.
2450 1347 2595 1401 Inter
2632 1348 2856 1402 Aureum
2899 1358 2955 1403 et
3004 1359 3264 1403 auratura.
3313 1351 3540 1405 Aureum
3585 1368 3714 1407 auro
3758 1354 3836 1406 fa-

2252 1446 2394 1491 etum
2416 1477 2430 1502 ,
2466 1448 2709 1491 auratum
2741 1455 2805 1493 ex
2845 1438 2948 1493 alia
2991 1442 3209 1494 materia
3251 1441 3452 1497 factmn
3474 1485 3488 1509 ,
3541 1455 3591 1497 et
3624 1446 3834 1499 mistum

2253 1542 2390 1581 auro
2423 1530 2684 1596 Operitur.

2325 1624 2415 1678 50.
2464 1624 2606 1679 Inter
2654 1625 2911 1680 Animalia
2956 1634 3013 1682 et
3051 1630 3352 1685 animamur.
3416 1630 3672 1685 Animalia
3714 1640 3838 1686 sunt

2256 1731 2375 1785 qua:
2407 1716 2604 1771 habent
2631 1718 2864 1772 animam
2891 1760 2904 1784 ,
2936 1721 3230 1774 animantia
3275 1730 3477 1774 tantmn
3520 1722 3585 1775 ad
3632 1723 3839 1779 animos

560 1798 785 1850 horrore
834 1796 1063 1866 frigoris.
1108 1797 1173 1851 Et
1210 1806 1291 1852 est
1329 1802 1592 1869 apricum,
1637 1800 1787 1868 quasi
1821 1799 1953 1872 [Al.,
2004 1799 2147 1873 quia]
2188 1824 2229 1882 Β
2261 1810 2549 1876 pertinent.

557 1889 676 1942 sine
721 1886 845 1941 ﬂatu
886 1895 941 1941 et
971 1886 1188 1956 frigore.
1235 1889 1367 1943 Hinc
1396 1899 1450 1943 et
1504 1889 1738 1945 Africam
1794 1892 1895 1945 dici
1933 1892 2145 1960 quidam

559 1979 901 2044 existimant,
931 1980 1081 2049 quasi
1114 1978 1385 2046 Apricam.
1419 1985 1488 2036 At
1517 1992 1705 2037 contra
1750 1997 1973 2051 opacum
2021 1998 2149 2037 con-

558 2073 784 2125 densum
832 2078 938 2137 est,
1009 2081 1062 2125 et
1115 2073 1422 2126 umbrosum
1457 2112 1472 2138 ,
1539 2073 1677 2126 sicut
1734 2082 1790 2128 et
1854 2087 2140 2127 ammnum.

563 2166 789 2219 Alumna
828 2172 1003 2217 autem
1036 2163 1175 2219 dicta
1202 2180 1265 2220 eo
1292 2165 1431 2234 quod
1470 2175 1737 2220 amentur.

626 2254 718 2309 45.
748 2254 892 2310 Inter
933 2253 1184 2309 Acerbum
1211 2265 1265 2309 et
1314 2272 1566 2308 acervum.
1598 2255 1836 2309 Acervus
1875 2269 1967 2324 per
2014 2255 2147 2310 duas

558 2364 614 2400 vv
646 2347 921 2409 scribitur,
959 2356 1010 2400 et
1031 2346 1293 2414 signiﬁcat
1328 2346 1542 2400 ntalem.
1575 2348 1811 2400 Acerbus
1833 2361 1924 2413 per
1958 2344 1985 2398 ὁ
2008 2345 2143 2399 scri-

561 2450 684 2510 ptus
711 2439 975 2510 signiﬁcat
1005 2440 1368 2492 immaturum.

625 2533 717 2588 44.
771 2533 913 2587 Inter
956 2531 1118 2585 Arbos
1142 2539 1196 2586 et
1222 2532 1395 2584 arbor.
1429 2530 1900 2586 Arborinterdum
1944 2540 1997 2585 et
2028 2530 2145 2586 sine

559 2624 758 2686 fructu,
787 2623 947 2676 arbos
975 2635 1101 2675 vero
1132 2621 1343 2675 nonnisi
1396 2621 1691 2676 fructifera.
1722 2620 1983 2677 Similiter
2011 2619 2145 2674 silva

558 2726 616 2770 et
662 2732 860 2769 nemus.
892 2714 1039 2769 Silva
1072 2713 1337 2768 interdum
1361 2724 1444 2769 est
1475 2714 1768 2776 fructuosa.
1798 2729 1986 2770 nemus
2012 2729 2144 2770 vero

556 2806 776 2860 arbores
799 2803 1066 2860 umbrosa:
1094 2814 1146 2858 et
1166 2802 1509 2859 infructuosa:
1532 2803 1920 2875 intelliguntur.

627 2915 719 2971 45.
748 2916 888 2970 Inter
937 2915 1189 2971 Acerbum
1234 2924 1290 2971 et
1328 2917 1681 2971 immaturum.
1734 2918 2007 2973 Acerbum
2058 2926 2142 2973 est

559 3010 717 3078 longe
748 3024 776 3061 a
807 3010 1118 3064 maturitate
1144 3009 1398 3080 positum,
1426 3009 1771 3065 immaturum
1802 3024 1933 3065 vero
1965 3010 2146 3079 proxi-

558 3116 702 3153 mum
728 3100 1037 3155 maturitati.

2325 1896 2412 1952 5f.
2461 1898 2598 1953 Inter
2648 1901 2896 1955 Austrum
2924 1910 2978 1956 et
3026 1912 3245 1958 ostrum.
3294 1904 3547 1958 Austrum
3614 1917 3829 1960 ventum

2253 1988 2540 2060 significat,
2570 2001 2773 2046 ostrum
2803 2007 2932 2047 vero
2961 2007 3271 2063 purpuram.

2320 2078 2409 2133 52.
2475 2081 2612 2136 Inter
2656 2082 2848 2135 Annuit
2894 2092 2948 2137 et
2995 2084 3193 2137 abnuit.
3266 2084 3463 2139 Annuit
3519 2089 3831 2154 consentit,

2249 2172 2437 2226 abnuit
2463 2172 2709 2243 denegat.

2321 2284 2354 2338 5
2376 2284 2408 2338 “.
2440 2284 2581 2340 Inter
2604 2285 2706 2340 Αῖδ
2737 2295 2790 2341 ει
2832 2303 2903 2341 cs.
2945 2286 3041 2341 Ᾱίε
3092 2288 3291 2342 metalli
3343 2290 3584 2356 materia,
3614 2304 3673 2346 es
3705 2305 3833 2346 vero

2252 2375 2469 2428 verbum
2501 2386 2601 2430 est.

2320 2489 2409 2543 5i.
2442 2488 2583 2542 Inter
2614 2488 2859 2543 Animum
2906 2500 2960 2545 et
3008 2492 3259 2545 animum.
3304 2493 3491 2545 Anima
3530 2492 3648 2548 sine
3677 2492 3828 2548 diffe-

2251 2582 2417 2635 rentia
2445 2622 2459 2647 ,
2492 2582 2698 2635 animus
2730 2598 2857 2639 vero
2899 2584 3075 2638 Varius
3106 2595 3189 2639 cst
3222 2602 3235 2651 ;
3283 2585 3424 2655 quod
3476 2586 3655 2642 animo
3686 2587 3833 2657 sapi-

2252 2686 2391 2738 mus,
2415 2672 2591 2725 anima
2622 2688 2722 2743 qua
2756 2674 3007 2729 vivimus.

2468 2785 2607 2840 Inter
2659 2786 2741 2840 Ad
2786 2795 2840 2842 et
2885 2799 2958 2840 at.
3005 2788 3084 2843 Ad
3119 2791 3425 2861 praepositio
3471 2802 3587 2859 est,
3616 2802 3671 2848 at
3705 2809 3835 2851 vero

2252 2874 2585 2944 conjunctio.

2322 2985 2413 3042 56.
2430 2988 2571 3043 Inter
2581 2989 2779 3060 Adjuro
2802 3000 2854 3045 et
2867 2991 3069 3062 abjuro.
3083 2991 3285 3062 Adiuro
3301 3010 3449 3066 rogo,
3464 2996 3652 3066 abjnro
3668 3012 3829 3067 nego.

2322 3102 2410 3157 57.
2446 3100 2591 3156 Intrr
2644 3104 2797 3172 Apud
2824 3112 2877 3159 et
2900 3121 3070 3174 penes.
3100 3105 3249 3173 Quod
3278 3107 3419 3176 apud
3463 3118 3514 3163 te
3540 3117 3665 3163 tunc
3692 3110 3833 3175 dico,

628 3192 721 3248 46.
766 3193 904 3247 Inter
944 3196 1169 3247 Avenam
1204 3201 1257 3249 et
1308 3194 1572 3250 habenam.
1618 3196 1798 3252 Avena
1848 3211 1941 3265 per
1983 3212 2012 3250 υ
2049 3196 2147 3251 lit-
2178 3213 2224 3276 ρ
2253 3207 2374 3249 cum
2427 3195 2657 3265 aliquam
2694 3204 2896 3263 partem
2943 3211 3157 3250 omnem
3204 3198 3470 3266 signiﬁco.
3504 3199 3637 3255 Nam
3670 3215 3832 3269 penes

565 3295 733 3342 teram
782 3286 946 3342 herba
973 3295 1076 3343 est.
1130 3287 1344 3342 Habena
1379 3302 1475 3357 per
1499 3287 1532 3339 ά
1562 3287 1789 3343 litteram
1823 3289 1992 3343 lorum
2042 3298 2145 3344 est.

560 3377 806 3433 Ilubenas
847 3388 1024 3434 autem
1067 3381 1134 3434 ab
1166 3378 1409 3434 habendo
1436 3379 1603 3436 dictas
1630 3389 1841 3451 putant,
1887 3382 2026 3450 quod
2060 3382 2144 3436 his

558 3485 726 3537 equos
744 3470 1022 3537 habemus,
1043 3470 1142 3526 hoc
1163 3479 1247 3525 est
1271 3480 1535 3538 tenemus,
1556 3471 1696 3527 unde
1717 3482 1769 3527 et
1792 3471 1913 3542 equi
1945 3472 2148 3528 habiles

561 3561 707 3615 dicti.

630 3650 723 3705 47.
758 3650 899 3705 Inter
940 3650 1097 3705 Arent
1136 3660 1190 3705 et
1228 3652 1506 3707 volucrem.
1560 3652 1700 3707 Aves
1748 3651 1977 3708 dicimus
2027 3666 2146 3721 qua)

564 3756 657 3808 per
684 3756 806 3793 aera
841 3740 1045 3794 levibus
1088 3738 1221 3810 [Al.,
1266 3739 1458 3811 levius]
1507 3741 1732 3794 volitant
1786 3740 1963 3810 pinnis
2009 3740 2143 3811 [Al.,

566 3830 816 3903 pennis],
849 3834 1094 3887 volucres
1122 3840 1300 3886 autem
1338 3848 1443 3887 non
1492 3833 1664 3888 solum
1696 3846 1822 3888 aves
1870 3847 2145 3897 vocamus,

562 3924 655 3979 sed
712 3922 1083 3992 quadrupedes
1135 3922 1297 3977 nimia
1330 3924 1646 3993 pernicitate
1695 3934 2000 3990 currentes,
2053 3923 2148 3979 sed

630 4076 721 4128 39.
764 4077 1065 4146 Etymolog.
1090 4075 1193 4146 lib.
1245 4088 1392 4140 xvm,
1436 4088 1554 4143 cap.
1589 4072 1642 4127 5.
1677 4072 1832 4127 Aliud
1863 4072 2148 4128 discrimen

561 4149 697 4211 apud
735 4145 875 4199 Fest.
902 4146 1030 4198 dict.
1065 4145 1241 4198 Arma.

633 4217 879 4277 —Serv.,
911 4216 977 4268 ad
1009 4214 1084 4268 ill.
1117 4229 1169 4268 lx
1201 4212 1321 4268 rEn.
1347 4230 1358 4265 :
1397 4212 1644 4267 Telorum
1674 4213 1937 4281 effundere
1966 4223 2143 4268 contra

563 4304 709 4340 omne
739 4303 829 4356 gen
839 4303 917 4340 us.

635 4352 770 4409 Ibid.
813 4357 926 4408 Vat.
983 4364 1104 4423 post
1152 4353 1292 4408 hanc
1334 4352 1688 4408 diﬂ’erentiam
1732 4355 1920 4409 inserit
1955 4371 1969 4410 :
2002 4352 2149 4405 Inter

561 4444 740 4497 aquam
769 4436 816 4478 et
838 4426 1049 4490 undam,
1079 4438 1210 4497 e_tc.,
1240 4434 1296 4477 ut
1326 4440 1470 4478 num.
1508 4424 1595 4479 6-3.
1628 4430 1800 4480 Ansv.

632 4497 719 4549 40.
751 4497 1047 4563 Etymolog.
1083 4495 1175 4548 lib.
1214 4511 1327 4560 xw,
1355 4510 1473 4561 cap.
1501 4496 1553 4549 9.

634 4567 773 4620 Ibid.
815 4564 1147 4635 Consumptio
1171 4573 1242 4617 est
1274 4564 1523 4632 riparum.
1561 4566 1868 4635 Eleganter,
1902 4564 1977 4617 ait
2015 4563 2144 4635 Bar-

561 4639 734 4701 thius;
786 4633 1077 4704 perduntu'r
1112 4635 1252 4688 enim
1308 4647 1362 4688 ut
1406 4650 1509 4688 non
1545 4633 1821 4690 videantur
1869 4634 2019 4702 ripm.
2064 4633 2146 4704 Ita

560 4708 691 4761 mori
733 4703 947 4776 ﬂumina
993 4706 1236 4776 exposuit
1274 4705 1413 4758 idem
1455 4707 1593 4770 apud
1628 4705 1932 4762 Petroniqu
1983 4703 2144 4758 Arbi-

562 4773 806 4832 trumfln
839 4775 957 4829 Vat.
989 4773 1145 4839 C0d.,
1175 4778 1543 4828 consummatio
1567 4786 1664 4830 est.
1689 4777 1867 4829 AREV.

632 4849 721 4900 Μ.
752 4847 827 4901 Ex
845 4844 1098 4915 Agrtetio,
1125 4846 1176 4899 in
1199 4861 1304 4914 quo
1327 4856 1501 4900 tamen
1526 4862 1621 4915 pro
1642 4855 2146 4915 aquatumestaqna-

559 4921 735 4971 ticum.

631 5018 701 5028 —-
726 4986 970 5039 Dicimus.
1004 4984 1064 5038 Ρ.
1095 4985 1409 5041 Addendum
1440 5003 1504 5041 ex
1536 4987 1786 5056 Agrmtio,
1818 5001 1932 5057 quis
1962 5000 2144 5054 aquam

562 5058 771 5112 aliunde
801 5059 1004 5123 recepit,
1041 5072 1219 5124 aquas.

631 5130 720 5182 42.
756 5131 840 5181 Al.
876 5145 888 5180 :
928 5125 1017 5179 Est
1041 5142 1253 5192 opacum
1276 5129 1420 5190 quasi
1445 5135 1674 5194 opertum
1706 5127 1851 5181 coelo.

628 5199 852 5267 —,Sine
872 5200 1019 5267 ﬂatu.
1050 5196 1185 5251 Puto
1216 5197 1465 5249 mendum
1498 5199 1748 5259 subesse,
1774 5195 2145 5267 scribendum-

560 5282 665 5342 que
694 5264 1053 5342 sessum,
1088 5267 1135 5319 id
1168 5276 1287 5342 est,
1316 5268 1422 5342 sine
1454 5269 1662 5342 frigore,
1696 5268 1771 5342 sic
1794 5277 1872 5342 Δει
1903 5268 1953 5319 in
1985 5264 2139 5342 Serv.

564 5338 669 5408 leg.
700 5339 777 5408 ad
799 5336 933 5392 illl'v
965 5340 1089 5393 Ain.
1120 5338 1363 5408 :_Apricis
1408 5336 1557 5391 statio
1600 5337 1893 5407 gratissima
1922 5336 2137 5408 imqgis,

560 5406 691 5463 ct'VI
721 5406 869 5470 1En.,
900 5409 964 5460 ad
1014 5409 1091 5462 ill.
1126 5406 1294 5460 Terris
1324 5408 1549 5460 immittit
1579 5406 1786 5477 apricis.
1841 5407 1956 5460 Vid.
1993 5406 2137 5461 Fest.

562 5480 690 5534 dict.
720 5479 980 5543 Apricum.
1016 5478 1133 5544 Ipse
1166 5479 1462 5549 Etymolog.
1495 5478 1588 5531 lib.
1623 5493 1704 5540 tu,
1728 5490 1846 5545 cap.
1881 5479 1968 5531 I8.

631 5548 933 5617 —0pacum
956 5548 1282 5602 condensam.
1305 5549 1394 5601 Sic
1424 5548 1593 5612 Fest.,
1626 5549 1751 5602 diri.
1783 5549 2030 5613 Upacum.

631 5620 990 5671 —Amaenum.
1025 5618 1113 5670 Sic
1142 5621 1301 5672 etiam
1335 5630 1484 5674 vetus
1516 5618 1751 5675 Glossar.
1777 5619 2035 5670 Amoenum
2061 5617 2140 5671 in-

563 5699 884 5758 terpretatur
917 5691 1128 5742 σύσκιον
1154 5691 1329 5743 τόπον.
1388 5731 1394 5736 .

630 5757 700 5801 4—
728 5763 936 5814 Amaena
961 5769 1146 5811 autem.
1186 5760 1301 5827 Ipse
1348 5760 1643 5830 Etymolog.
1677 5759 1768 5815 lib.
1803 5774 1907 5827 stv,
1938 5762 2055 5826 cap.
2081 5757 2133 5814 8.

2178 4444 2228 4503 D

2256 3287 2652 3354 possessionem
2683 3286 2962 3355 signiticet,
3014 3290 3151 3356 apud
3176 3298 3353 3343 autem
3378 3291 3525 3355 quasi
3557 3305 3750 3361 corpus
3780 3302 3833 3346 et

2258 3376 2476 3439 librum,
2508 3392 2613 3432 non
2655 3379 2924 3446 possessio
2957 3379 3087 3449 HL,
3115 3380 3555 3450 possessionem].
3603 3384 3833 3437 Dicimus

2253 3476 2457 3527 autem,
2488 3467 2629 3535 apud
2656 3476 2702 3520 te
2727 3468 2886 3522 habeo
2914 3477 3180 3538 argentum
3210 3486 3400 3537 meum,
3446 3487 3548 3526 non
3578 3488 3732 3539 penes
3757 3483 3836 3539 te;

2254 3571 2374 3624 qua:
2414 3570 2540 3626 ergo
2572 3557 2886 3622 redduntur,
2928 3560 3065 3626 apud
3099 3569 3149 3613 te
3178 3558 3383 3624 habeo;
3416 3575 3534 3629 quae
3556 3560 3838 3630 possiden-

2256 3652 2362 3709 tur,
2397 3660 2560 3713 pencs
2597 3657 2648 3700 te
2678 3646 2867 3702 habeo.

2326 3738 2415 3791 58.
2450 3737 2591 3792 Inter
2612 3737 2890 3791 Aniburere
2921 3750 2973 3791 et
3001 3739 3314 3805 comburere,
3342 3747 3394 3793 et
3416 3740 3657 3807 sepelire.
3676 3740 3837 3794 Com-

2255 3831 2452 3885 burere
2473 3838 2557 3885 est.
2584 3831 2690 3899 igni
2720 3831 2869 3893 dare,
2896 3830 3182 3884 amburere
3223 3844 3288 3885 ex
3322 3838 3549 3897 utraque
3578 3832 3837 3898 adurere;

2259 3937 2417 3977 urere
2468 3930 2550 3975 est
2592 3920 2698 3991 igni
2750 3920 2978 3975 adurere
3016 3922 3228 3990 penitus
3258 3962 3276 3988 ,
3326 3929 3381 3977 et
3430 3922 3498 3976 ad
3551 3923 3837 3978 medullam

2269 4071 2438 4133 Fest..
2479 4072 2606 4124 dict.
2642 4071 3112 4126 Amaana.Serv7us
3136 4070 3202 4126 ad
3234 4071 3383 4127 illud.
3419 4071 3837 4138 vanqamazna

2253 4143 2473 4209 piorum,
2499 4150 2553 4195 et
2576 4157 2647 4204 vr,
2679 4158 2879 4194 aviana
2913 4144 3087 4194 rirela.

2320 4214 2516 4283 45.11::
2548 4212 2783 4283 Agrmh;
2820 4213 2932 4283 ipse
2978 4212 3281 4282 Etymolog.
3316 4210 3409 4265 lib.
3463 4226 3595 4277 xm,
3623 4227 3743 4283 cap.
3778 4217 3831 4268 t5.

2322 4312 2390 4322 -—-
2419 4280 2628 4335 Molem.
2665 4281 2750 4335 AI.
2778 4280 3334 4351 mobilemJAgrmtius
3360 4283 3519 4336 male.

2323 4351 2413 4423 44.
2434 4352 2765 4423 Ειιᾉςτιει..
2797 4364 2850 4406 ει
2882 4352 2993 4418 ipse
3024 4352 3325 4423 Etymolog.
3355 4354 3449 4409 lib.
3483 4369 3613 4416 xvii,
3645 4368 3763 4422 cap.
3782 4358 3834 4410 6.

2326 4420 2465 4475 Ibid.
2502 4422 2649 4488 Vat.,
2692 4433 2737 4475 et
2767 4426 3061 4491 fructuosis.
3092 4427 3263 4479 Ansv.

2324 4491 2415 4563 46.
2441 4493 2514 4563 Egi
2542 4494 2738 4562 Agrml.
2763 4492 2865 4556 46;
2900 4495 3011 4560 ipse
3043 4494 3336 4563 Etymulog.
3366 4491 3459 4547 lib.
3488 4509 3573 4552 xx.
3602 4508 3721 4561 cap.
3750 4494 3833 4547 16.

2323 4560 2412 4613 47.
2459 4560 2663 4633 volucri
2685 4564 2862 4615 currit.
2896 4565 2979 4616 AI.
3010 4581 3022 4617 :
3065 4560 3309 4618 Volueris
3325 4565 3417 4616 erit
3448 4580 3514 4617 ea:
3537 4568 3691 4633 quad.

2326 4632 2462 4685 Ibid.
2494 4630 2624 4703 Cod.
2650 4642 2759 4686 Vat.
2788 4633 3004 4701 omittit,
3042 4634 3202 4687 nimia
3231 4630 3591 4703 pernicitate...
3644 4644 3792 4687 sonat
3819 4653 3835 4697 ;

2249 4713 2303 4757 ct
2333 4719 2477 4756 num.
2505 4700 2570 4753 49
2595 4713 2647 4755 et
2673 4703 2760 4764 530.
2794 4713 2847 4756 et
2876 4706 2944 4755 ita
2978 4700 3130 4760 alios.
3159 4700 3405 4759 Barthius
3441 4705 3490 4757 in
3521 4720 3616 4757 suo
3638 4704 3836 4759 Codice

2250 4775 2455 4842 legebat
2505 4789 2519 4825 :
2557 4772 2766 4828 Volucri
2804 4775 2962 4827 currit
2996 4777 3149 4829 citata
3173 4775 3447 4843 quadriga;
3487 4775 3830 4839 emendabat,

2248 4846 2349 4897 cita
2380 4859 2473 4910 pro
2503 4845 2677 4908 citata,
2707 4856 2761 4898 ut
2787 4845 2853 4897 sit
2882 4855 3203 4910 anapaestus.
3238 4845 3407 4898 Ansv.

2320 4915 2501 4967 48.1%):
2526 4914 2733 4980 Servio,
2763 4914 2829 4968 ad
2859 4915 3031 4969 locum
3062 4930 3097 4968 ιι
3121 4914 3246 4970 [Ειι.
3271 4916 3486 4968 citatum
3501 4915 3565 4967 ad
3590 4916 3828 4969 verbum.

2320 4984 2406 5038 50.
2442 4986 2498 5037 C.
2530 4983 2730 5038 Fronto
2764 5002 2777 5037 :
2823 4986 3115 5037 Animantia
3160 4988 3362 5039 animus
3411 4985 3554 5054 facit,
3589 4988 3834 5039 animalia

2248 5055 2475 5108 animum
2507 5054 2711 5107 habent.

2316 5124 2532 5179 5?..Vid.
2564 5124 2698 5177 Non.
2733 5123 2866 5181 dict.
2900 5123 3141 5190 Innnere,
3177 5135 3229 5179 et
3249 5125 3502 5179 Annuere.

2317 5224 2385 5233 —
2417 5194 2507 5249 Sic
2537 5202 2744 5248 veteres
2775 5196 3096 5249 membranae
3121 5211 3307 5249 vocum
3355 5196 3409 5249 in
3453 5196 3708 5251 Terentio
3736 5210 3834 5251 ex-

2246 5265 2487 5334 plirra'ar.
2525 5281 2539 5315 :
2566 5266 2773 5327 Abnuo,
2800 5280 2958 5333 nego,
2987 5267 3251 5321 subtraho.

2325 5333 2411 5388 54.
2445 5334 2574 5387 Non.
2610 5334 2799 5398 Marc.,
2825 5334 2950 5387 dict.
2983 5337 3217 5401 Animus,
3245 5344 3299 5389 et
3325 5336 3531 5390 Anima.

2314 5403 2448 5458 Ibid.
2496 5403 2613 5456 Vat.
2644 5405 2817 5456 anima
2840 5406 3072 5473 spiritus,
3102 5422 3198 5471 quo
3222 5408 3456 5461 vivimus.
3481 5412 3648 5463 Ann.

2318 5473 2408 5528 55.
2448 5474 2746 5544 Etymulug.
2780 5476 2868 5528 lib.
2896 5491 2933 5541 ι,
2967 5490 3087 5541 cup.
3117 5475 3209 5531 26.

2312 5545 2401 5597 57.
2430 5544 2550 5598 VIII.
2588 5544 2728 5598 F681.
2748 5583 2763 5609 ,
2788 5544 2917 5598 dict.
2950 5548 3127 5612 Apud.

2314 5614 2402 5688 58.
2426 5613 2735 5688 Ρηιτιεεειιιι.
2758 5614 2836 5688 ει]
2841 5616 2886 5668 ri
2911 5626 2980 5671 est
2984 5617 3193 5687 penitus
3217 5629 3260 5674 et
3277 5621 3342 5672 ad
3365 5618 3643 5673 medullam
3661 5617 3830 5688 ignem

2246 5685 2448 5760 sentire.
2492 5683 2640 5760 Nam
2672 5685 2935 5760 dictiones
2967 5683 3045 5760 Est
3084 5689 3191 5758 igni
3214 5692 3428 5743 adurere
3455 5705 3518 5743 ex
3543 5688 3650 5745 illis
3670 5683 3829 5760 supe-

2244 5755 2494 5821 rioribus,
2526 5765 2597 5809 est
2625 5756 2728 5824 igni
2760 5756 2903 5823 dare,
2934 5758 3013 5814 sic
3036 5755 3171 5815 male
3195 5760 3539 5829 irrepserunt.
