4108 6178
561 289 625 345 19
1616 286 1674 342 S.
1715 287 1959 344 ISIDORI
2001 289 2445 351 IIISPALENSIS
2487 292 2787 351 EPISCOPI
3773 303 3844 356 ΞΟ

559 397 863 466 aliquando,
895 405 950 450 et
979 396 1092 450 sine
1117 395 1280 460 ferro,
1308 395 1446 450 unde
1467 404 1518 450 et
1548 410 1577 449 a
1606 411 1782 466 pugno
1807 399 1946 454 dicta
1971 410 2074 456 est.

629 492 718 545 79.
753 491 890 544 Inter
941 488 1243 543 Balsamunt
1290 498 1348 543 et
1396 489 1802 557 opobalsamum.
1855 491 2154 548 Balsamum

556 593 639 638 est
673 583 835 637 arbor
867 583 999 650 ipsa,
1029 582 1432 650 opobalsamum
1466 596 1657 636 succus
1695 584 1950 638 collectus
1979 601 2043 640 ex
2071 602 2159 640 ar-

557 676 708 727 bore.
742 673 872 728 Nam
917 688 1050 740 opos
1077 671 1271 726 dicitur
1301 687 1510 730 succus.
1543 671 1792 728 Probatio
1817 686 1992 729 autem
2037 677 2160 732 bal-

555 763 715 831 salui,
747 775 804 818 ot
840 762 970 818 dicit
1001 762 1223 834 Plinius,
1257 761 1370 817 haec
1398 772 1482 818 est
1512 779 1528 818 :
1572 765 1714 834 quod
1746 767 1791 820 si
1842 778 2028 822 contra
2060 784 2160 822 so-

555 855 660 910 lent
689 852 915 919 feratur,
946 861 998 908 et
1027 861 1336 922 corruptum
1397 868 1500 908 non
1557 857 1651 922 sit,
1684 871 1899 912 manum
1940 858 2156 915 ferentis

553 949 750 1002 exurit.
1012 956 1026 964 “

625 1038 716 1092 80.
750 1038 892 1092 Inter
909 1036 1095 1091 Bassos
1125 1046 1179 1091 et
1213 1036 1412 1093 δίωκε.
1460 1040 1652 1096 Bassos
1674 1044 1886 1098 nomina
1943 1045 2156 1112 propria

553 1140 701 1194 sunt,
757 1130 949 1184 Bassus
980 1129 1124 1201 [Al.,
1170 1128 1377 1203 Balsos]
1407 1145 1532 1186 vero
1581 1133 1897 1203 appellativa
1944 1137 2155 1189 nomina

554 1228 698 1273 sunt.

625 1311 716 1367 81.
749 1312 890 1368 Inter
933 1313 1322 1370 Barbarismum
1372 1325 1427 1372 et
1480 1318 1842 1373 solcctsmum.
1880 1319 2144 1375 Barbaris-

557 1418 674 1457 tnus
707 1404 758 1457 fit
797 1404 850 1460 in
881 1420 980 1459 una
1013 1407 1242 1476 loquela,
1270 1409 1609 1465 soltecismus
1631 1411 1681 1464 in
1707 1412 1976 1478 pluribus.

1179 1495 1257 1551 De
1283 1499 1452 1553 littera
1477 1501 1543 1554 C.

627 1587 716 1640 82.
753 1588 894 1644 Inter
915 1588 1107 1645 Caelum
1133 1602 1186 1647 et
1210 1593 1367 1647 aether
1393 1597 1466 1648 ita
1488 1595 1854 1666 distinguitur.
1873 1597 2024 1664 Quod
2046 1613 2152 1653 non

556 1688 763 1734 tantum
825 1681 913 1734 ille
970 1683 1251 1739 a5triferus
1288 1685 1404 1754 [F.,
1459 1688 1691 1760 astrifer]
1739 1688 1912 1756 locus,
1956 1692 2050 1747 sed
2099 1701 2155 1746 et

2192 407 2236 465 Α
2271 404 2480 473 bilium,
2510 407 2728 478 clangor
2759 407 3228 477 irrationabiliutn,
3259 421 3316 466 nt
3349 427 3622 477 anserum.
3651 415 3730 470 vel
3765 426 3849 471 tu-

2266 498 2471 553 barum.

2335 585 2426 642 86.
2466 588 2609 644 Inter
2649 589 3043 646 Criminalorem
3080 601 3135 648 et
3161 595 3519 650 criminantem
3545 598 3647 652 hoc
3679 599 3843 655 inter-

2261 693 2381 733 esse
2417 689 2605 734 auctor
2632 681 2865 736 Orbilius
2915 691 3084 750 putat,
3115 686 3255 753 quod
3305 686 3622 741 criminator
3654 688 3723 742 sit
3757 691 3846 758 qui

2263 773 2416 827 alteri
2448 775 2652 828 crimen
2679 773 2894 841 inferat,
2932 783 2988 828 et
3018 775 3069 829 id
3121 776 3316 843 saepius
3347 775 3532 846 faciat,
3558 778 3848 832 criminans

2261 874 2438 918 autem
2472 864 2561 932 qui
2589 865 2792 919 crimen
2825 865 3044 934 inferat,
3075 876 3128 920 et
3155 881 3274 920 cum
3305 867 3612 934 suspicione
3636 884 3848 936 quoque

2263 954 2314 1008 id
2343 954 2501 1009 faciat
2530 971 2696 1024 quare
2721 955 2840 1025 quis
2875 958 3042 1025 magis
3079 957 3264 1010 noxius
3304 957 3563 1012 videatur.
3594 957 3662 1014 Ut
3689 960 3845 1013 Afra-

2261 1045 2382 1099 nius
2417 1063 2430 1100 :
2490 1045 2612 1100 Non
2641 1063 2772 1108 sum,
2836 1047 3030 1117 inquit,
3065 1059 3168 1101 tam
3191 1049 3465 1103 criminosa
3496 1050 3638 1122 [A|.,
3675 1052 3848 1104 crimi~

2261 1135 2484 1207 nasus],
2521 1153 2674 1207 quam
2703 1149 2757 1190 tu
2793 1137 2940 1210 [Al.,
2966 1137 3267 1210 quantum],
3308 1141 3502 1208 vipera,
3532 1144 3745 1210 gannire
3778 1144 3846 1197 sd

2262 1243 2442 1280 aurem
2467 1245 2727 1298 nunquam
2757 1229 2914 1281 didici
2938 1229 3248 1282 dominicum
3280 1230 3416 1300 [AI.,
3446 1230 3702 1300 domini].

2330 1316 2421 1370 87.
2457 1316 2599 1372 Inter
2652 1317 2912 1371 Callidum
2943 1327 2997 1373 et
3040 1331 3318 1375 versutum.
3373 1320 3611 1378 Callidus
3655 1331 3738 1377 est
3792 1323 3846 1377 in

2258 1409 2580 1478 disputando
2645 1410 2905 1465 subdolus
2933 1449 2950 1476 ,
2988 1423 3236 1468 versutus
3265 1425 3442 1470 autem
3495 1415 3650 1484 cujus
3695 1431 3847 1470 mens

2259 1503 2310 1557 in
2344 1506 2678 1574 negotiorum
2707 1514 2827 1559 actu
2860 1506 2924 1559 ad
2951 1507 3243 1575 quamlibet
3273 1508 3509 1565 fraudem
3542 1511 3697 1566 facile
3727 1525 3849 1565 ver-

2258 1596 2405 1650 titur.
2455 1596 2595 1665 Ergo
2617 1596 2866 1650 callidum
2894 1612 2998 1652 non
3029 1613 3125 1666 pro
3147 1609 3324 1654 astuto
3357 1609 3584 1671 tantum,
3629 1600 3732 1676 ιι
3752 1606 3844 1657 sed

2258 1699 2354 1753 pro
2402 1695 2576 1740 astute
2624 1686 2784 1740 docto
2833 1686 3100 1754 dicimus,
3151 1700 3422 1745 versutum
3475 1704 3651 1748 autem
3680 1696 3747 1748 ab
3780 1709 3848 1750 eo

554 1773 656 1828 iste
682 1788 776 1827 aer
795 1775 988 1830 caelum
1020 1786 1259 1832 vocatur.
1285 1777 1477 1835 A‘Ither
1501 1790 1678 1836 autem
1715 1782 1996 1837 sublimior
2025 1783 2146 1838 caeli
2187 1787 2227 1845 Β
2255 1774 2394 1844 quod
2421 1778 2655 1830 animum
2690 1776 2798 1831 cilo
2832 1785 3026 1833 vertat.
3059 1778 3207 1836 Unde
3228 1791 3282 1836 et
3314 1782 3531 1838 Plautus
3557 1802 3570 1837 :

559 1881 680 1934 pars
704 1877 806 1932 est,
835 1869 886 1922 in
918 1883 1024 1935 quo
1039 1869 1216 1924 sidera
1245 1873 1530 1926 constituta
1561 1882 1705 1928 sunt.
1750 1872 1892 1929 Sane
1913 1887 1963 1929 et
1986 1875 2157 1929 aether

561 1957 661 2028 13
689 1972 782 2011 aer
811 1959 993 2026 igneus
1021 1969 1104 2013 est
1135 1963 1382 2031 superior
1400 2003 1413 2029 ,
1442 1962 1609 2016 aethra
1632 1978 1760 2019 vero
1781 1964 1870 2018 Ius
1901 1973 1957 2020 et
1983 1965 2157 2034 splen-

553 2049 655 2104 dor
683 2059 764 2105 est
791 2050 1030 2107 aetheris.

627 2160 715 2215 85.
748 2161 890 2216 Inter
919 2160 1046 2217 Cras
1076 2172 1126 2218 el
1151 2165 1457 2221 crastinum.
1503 2166 1635 2222 Cras
1663 2168 1728 2223 ad
1759 2179 1965 2241 tempus
1995 2172 2158 2242 perti-

555 2260 644 2306 net
668 2291 686 2320 ,
717 2252 1011 2308 crastinum
1066 2256 1131 2309 ad
1163 2271 1298 2326 opus
1320 2257 1559 2329 ejusdem
1593 2261 1869 2329 temporis.

626 2361 716 2420 84.
750 2363 892 2419 Inter
937 2368 1220 2421 castitatem
1264 2378 1320 2424 et
1363 2372 1725 2426 continentiam
1765 2372 1868 2429 hoc
1911 2373 2153 2430 interest.

559 2453 714 2522 Quod
757 2456 980 2512 castitas
1026 2466 1110 2513 est
1156 2460 1396 2528 corporis
1435 2463 1788 2531 incorruptio,
1829 2463 2155 2518 continentia

566 2561 698 2602 vero
757 2556 878 2618 post
919 2551 1315 2619 corruptionem
1369 2554 1523 2609 sexui
1571 2555 1912 2611 renuntiatio.
1956 2558 1986 2592 ⁸
2043 2555 2158 2612 Pri-

559 2657 707 2699 mum
755 2657 822 2718 ex
867 2643 949 2699 bis
993 2644 1264 2701 felicitatis
1306 2656 1410 2713 est,
1449 2662 1554 2702 non
1600 2663 1720 2705 esse
1746 2652 1884 2719 quod
1915 2660 2156 2718 metuas;

555 2734 848 2790 secundum
902 2736 1111 2791 virtutis
1155 2747 1237 2792 est
1266 2778 1282 2802 ,
1335 2749 1674 2808 prosternere
1722 2742 1926 2800 hostem
1979 2744 2158 2798 libidi-

559 2827 667 2892 nis,
697 2842 726 2881 a
757 2842 864 2898 quo
892 2829 1048 2884 toties
1093 2830 1264 2884 victus
1308 2841 1468 2900 atque
1512 2831 1753 2900 dejectus
1781 2849 1863 2889 es.
1893 2833 2010 2902 Quo
2044 2836 2156 2904 pri-

557 2933 702 2971 mum
755 2919 948 2974 cedere
998 2921 1309 2978 humilitatis
1342 2931 1444 2988 est,
1479 2925 1773 2980 secundum
1807 2927 2096 2994 patientiae.
2127 2928 2156 2962 “

563 3009 763 3064 Ilarmn
791 3011 957 3079 prima
984 3012 1254 3067 felicitatis
1289 3023 1392 3080 est,
1440 3031 1543 3069 non
1560 3030 1719 3071 nosse
1742 3017 1792 3070 in
1817 3024 1984 3070 totum
2005 3031 2157 3084 aquo

560 3110 742 3167 postea
793 3101 1006 3156 liberari
1056 3103 1299 3172 Optabis;
1345 3105 1578 3160 secunda
1611 3121 1737 3160 vero
1787 3107 1999 3161 virtutis
2027 3121 2155 3160 con-

2415 1907 2675 1960 Versutior
2700 1923 2757 1960 es
2778 1924 2925 1974 quam
2949 1920 3053 1961 rota
3090 1911 3304 1974 ﬁgularis
3329 1913 3426 1975 (Al.
3450 1916 3678 1981 ligulari].

2331 2014 2423 2070 88.
2478 2014 2620 2071 Inter
2675 2016 2865 2070 Curam
2918 2026 2973 2072 et
3031 2017 3455 2074 sollicitudinem.
3532 2019 3845 2076 Sollicitudo

2261 2106 2536 2161 moderata
2564 2116 2682 2172 est,
2732 2118 2895 2177 atque
2925 2109 3319 2178 temperabilis,
3384 2126 3511 2166 cura
3558 2128 3689 2167 vero
3727 2112 3846 2167 sine

2259 2199 2630 2254 moderatione
2659 2208 2773 2264 est;
2809 2199 2949 2255 unde
2990 2210 3047 2256 et
3091 2215 3218 2256 cura
3251 2202 3392 2256 dicta
3431 2212 3556 2270 est,
3609 2219 3676 2260 eo
3702 2207 3844 2274 quod

2262 2307 2352 2348 αυτ
2385 2302 2522 2348 urat.

2329 2424 2419 2481 89.
2451 2427 2594 2482 Inter
2639 2426 2988 2498 Cognitionem
3028 2436 3082 2482 et
3137 2427 3446 2497 agnitionem
3495 2426 3708 2498 quidam
3766 2427 3849 2481 sic

2258 2518 2616 2588 distinguunt,
2655 2518 2798 2588 quod
2828 2518 3065 2587 cognitio
3105 2533 3290 2573 eorum
3320 2519 3391 2573 sit
3423 2533 3538 2587 quae
3582 2529 3704 2572 ante
3738 2535 3846 2572 non

2259 2611 2535 2676 scivimus,
2589 2621 2644 2666 et
2688 2626 2749 2666 ea
2783 2622 2966 2681 postea
3014 2612 3153 2667 scire
3200 2611 3584 2681 permittimur,
3644 2611 3847 2680 agnitio

2259 2718 2389 2758 vero
2418 2719 2604 2758 eorum
2633 2718 2752 2772 quae
2778 2703 2922 2772 prius
2947 2703 3182 2758 scientes
3207 2743 3223 2763 .
3261 2701 3513 2770 deinceps
3540 2702 3678 2756 scire
3701 2703 3813 2756 dest
3833 2731 3848 2742 -

2259 2795 2454 2855 vimus.
2487 2808 2786 2862 eorumque
2821 2803 3009 2863 postea
3043 2793 3416 2848 recordamur.

2331 2906 2420 2961 9ο.
2461 2903 2604 2960 Inter
2645 2904 3078 2960 Commentarium
3128 2915 3182 2959 et
3226 2913 3606 2973 commentum,
3653 2913 3707 2959 et
3757 2919 3849 2957 co-

2259 2999 2446 3052 micum
2501 2996 2622 3070 [F.,
2673 2995 3099 3069 commaticum].
3155 2993 3616 3050 Commentarium
3655 2993 3841 3060 liber,

2259 3098 2644 3154 eommentum,
2673 3089 2757 3141 vel
2787 3097 3208 3142 commentatum
3250 3087 3515 3153 volumen,
3548 3088 3597 3141 id
3643 3097 3745 3153 est,
3773 3104 3840 3142 ex

559 3205 799 3249 temnere
831 3194 1016 3248 vitium
1047 3197 1188 3262 quod
1220 3199 1422 3266 optime
1466 3199 1707 3254 noveris.
1741 3199 1842 3254 Alii
1870 3201 2149 3255 continen-

2255 3177 2488 3232 diversis
2541 3178 2693 3232 libris
2755 3188 3067 3246 comatum,
3117 3178 3367 3246 scilicet,
3423 3194 3492 3235 ex
3550 3178 3727 3234 Veteri
3788 3190 3840 3235 et

557 3285 682 3338 tiam
715 3286 766 3340 in
797 3287 1061 3357 conjugiis
1085 3287 1215 3360 [Al.,
1249 3290 1591 3363 conjugibus]
1622 3293 1967 3362 specialibus,
1995 3293 2154 3348 casti-

558 3387 718 3432 tatem
745 3378 797 3433 in
835 3379 1128 3448 virginibus
1154 3379 1486 3450 intelligunt.
1521 3383 1650 3437 Item
1683 3382 1898 3452 quidam
1928 3385 2152 3438 castita-

555 3478 664 3524 tem
691 3471 952 3540 accipiunt
980 3471 1031 3526 in
1055 3480 1254 3536 mente,
1286 3475 1641 3543 virginitatem
1667 3491 1798 3531 vero
1829 3478 1882 3532 in
1903 3491 2150 3546 corpore.

554 3560 649 3616 Illa
683 3573 765 3618 est
806 3572 984 3618 autem
1019 3578 1144 3619 vera
1186 3566 1434 3631 castitas,
1462 3581 1581 3636 qua:
1619 3581 1720 3622 nec
1763 3582 2012 3636 corpore,
2054 3581 2153 3621 nec

557 3663 735 3711 metue
757 3654 1032 3725 polluitur.

630 3746 718 3803 85.
752 3746 894 3803 Inter
922 3747 1208 3802 Clamorem
1235 3756 1289 3803 et
1318 3749 1634 3820 clangorem.
1664 3748 1886 3804 Clamor
1910 3750 2145 3805 rationa-

629 3900 765 3955 Ibid.
799 3901 912 3955 Vat.
937 3901 1166 3974 omittit,
1196 3903 1252 3956 id
1279 3913 1374 3971 est,
1403 3913 1538 3959 totus
1560 3906 1851 3974 conﬂictus.
1883 3902 2133 3959 Barthius

558 3975 814 4026 memoria
841 3973 954 4027 haec
983 3972 1141 4043 digna
1171 3988 1291 4030 esse
1316 3975 1411 4040 ait,
1444 3975 1556 4029 sive
1583 3972 1732 4029 eaex
1755 3989 1848 4027 sua
1875 3974 2132 4028 observa-

557 4043 702 4097 tione
725 4043 959 4096 Isidorus
991 4052 1218 4109 promat,
1242 4045 1360 4100 sive
1384 4061 1534 4101 more
1560 4060 1658 4099 suo
1685 4044 1900 4098 aliunde
1929 4045 2136 4098 descri-

556 4112 669 4167 bat.
717 4112 867 4178 Quod
898 4124 1075 4168 autctn
1112 4114 1358 4170 Barthius
1383 4129 1526 4183 srpe
1552 4116 1833 4170 lectionem
1859 4116 1936 4167 sui
1969 4112 2134 4168 Codi-

556 4186 634 4237 cis
663 4185 968 4248 conjectura
998 4184 1286 4239 emendare
1325 4198 1568 4250 conatur,
1611 4198 1783 4239 actum
1825 4185 2029 4252 plcrqu
2052 4200 2138 4250 lue

556 4255 702 4320 agit;
734 4267 853 4306 nam
876 4255 986 4321 jam
1012 4269 1073 4308 ea
1109 4256 1218 4308 fere
1260 4257 1438 4309 omnia
1493 4257 1544 4310 in
1593 4254 1837 4309 Editione
1868 4254 2136 4308 Grialiaoa

556 4331 798 4377 curret-ta
825 4333 1000 4390 erant,
1026 4324 1212 4379 saltem
1243 4341 1366 4380 cum
1390 4327 1707 4381 Adversaria
1741 4323 1939 4380 Barthii
1975 4325 2028 4377 in
2059 4325 2140 4378 Iu-

556 4409 676 4466 cem
706 4405 987 4458 venerunt,
1021 4410 1178 4464 quem
1209 4397 1495 4466 aliquando
1517 4395 1822 4451 Editionem
1851 4394 2037 4450 Grialii
2063 4395 2138 4448 vi-

555 4464 700 4518 disse
719 4475 950 4520 constat.
983 4471 1152 4520 Anev.

558 4605 585 4657 ὁ
629 4535 719 4590 79.
752 4535 831 4588 Ex
857 4535 1037 4603 Serv.,
1069 4537 1136 4593 ad
1185 4538 1309 4593 illud
1344 4554 1399 4592 III
1445 4536 1641 4609 Georg.
1671 4554 1686 4591 :
1731 4536 2069 4607 Balsamaque
2109 4547 2158 4590 et

590 4621 756 4657 necas.

590 4621 756 4660 ηεεαε.

627 4675 719 4752 8Q.
745 4675 908 4752 Yetus
933 4677 1173 4752 Glossar.
1199 4677 1396 4736 Bassus
1422 4678 1668 4752 εὔχυλρς.

2258 3268 2406 3322 Novo
2435 3268 2807 3325 Teatamcnto.

2330 3378 2592 3436 9I.luter
2621 3380 2810 3435 Coram
2851 3389 2904 3436 et
2952 3380 3147 3452 palam.
3197 3379 3390 3435 Coram
3442 3381 3506 3434 ad
3555 3394 3839 3448 personam

2254 3472 2525 3543 refertur,
2575 3474 2804 3529 dicimus
2858 3473 3000 3530 enim
3055 3489 3228 3526 coram
3277 3472 3406 3537 illo,
3448 3473 3622 3544 palam
3663 3487 3841 3528 autem

2257 3581 2484 3636 persona
2513 3575 2682 3631 caret,
2705 3567 2828 3637 quia
2857 3565 2909 3620 id
2949 3565 3122 3634 ipsum
3178 3565 3445 3635 signiﬁcat
3474 3565 3614 3630 quod
3651 3579 3844 3621 omnes

2256 3661 2453 3715 sciunt.
2487 3656 2623 3730 Ergo
2650 3673 2832 3713 coram
2861 3656 2929 3712 ad
2984 3670 3268 3726 personam
3318 3666 3524 3711 certain
3566 3655 3800 3711 refertur
3822 3695 3839 3722 ,

2252 3749 2426 3818 palam
2456 3749 2523 3804 ad
2552 3763 2762 3805 omnes.

2252 3917 2408 3972 prosa
2445 3902 2627 3974 (Catii,
2660 3902 2826 3973 Rosa)
2853 3901 3096 3959 Aﬁranii.

2314 3973 3078 4054 Ibid.‘Barthiussusiticatur
3109 3974 3387 4054 legendum
3411 3989 3542 4054 .cum
3587 3974 3840 4054 suspicia-

2241 4059 2304 4096 ne
2331 4046 2522 4098 occulte
2565 4045 2620 4098 id
2663 4047 2841 4116 faciat.
2893 4046 2950 4100 In
2992 4062 3091 4100 suo
3124 4048 3221 4100 Ms.
3249 4045 3486 4100 invenit:
3519 4054 3628 4097 tam
3665 4045 3840 4098 crimi-

2241 4130 2396 4167 nosus
2417 4155 2432 4178 ,
2459 4131 2617 4183 quam
2639 4115 2691 4166 tu
2714 4118 2989 4182 vituperas.
3017 4117 3116 4168 Alii
3165 4117 3384 4179 habent,
3413 4124 3517 4167 tam
3537 4115 3833 4179 criminosa,

2241 4193 2486 4252 quantum
2514 4185 2705 4248 vipera.
2737 4189 2905 4237 Ansv.

2315 4256 2404 4307 87.
2429 4253 2546 4306 Vid.
2567 4253 2784 4318 Donat.,
2802 4255 2852 4308 in
2869 4252 3109 4318 Terent.,
3134 4263 3236 4305 act.
3266 4269 3342 4317 ιιι,
3365 4267 3514 4308 scen.
3538 4253 3590 4306 5.
3608 4252 3838 4321 Adelph.

2321 4323 2492 4394 —Sic
2513 4323 2677 4394 Fest.,
2695 4322 3103 4390 dict.Versutus,
3129 4332 3182 4376 et
3206 4324 3317 4393 ipse
3343 4325 3436 4377 lib.
3458 4339 3488 4377 x
3511 4325 3837 4394 Etymolog.,

2253 4394 2427 4448 littera
2457 4392 2516 4457 ϐ,
2549 4403 2601 4448 et
2629 4392 2801 4448 littera
2837 4394 2902 4448 Β.

2333 4493 2403 4505 --
2430 4464 2667 4519 Plautus.
2700 4465 2754 4519 In
2790 4464 3029 4534 Epidico,
3069 4478 3230 4518 scena
3276 4465 3428 4534 cujus
3471 4463 3700 4532 princip.
3732 4462 3839 4519 Fe-

2265 4535 2378 4588 cisti
2405 4537 2531 4588 iam.

2337 4555 2614 4661 ἕὶίαὲἷῖιει·
2628 4605 2903 4676 distinguit
2931 4605 3145 4668 Donat.,
3173 4615 3278 4658 act.
3297 4621 3351 4669 ιι,
3371 4618 3521 4676 scen.
3542 4605 3598 4668 4,
3613 4604 3836 4676 Phorm.

2335 4707 2408 4716 —
2435 4677 2569 4730 Cura
2596 4692 2732 4729 vero.
2767 4674 2842 4730 Εἰ
2874 4677 3052 4740 Serv.,
3083 4676 3147 4728 ad
3179 4676 3304 4728 illud
3337 4691 3352 4727 ι
3382 4675 3509 4729 ίΕη.
3543 4692 3556 4727 :
3591 4674 3840 4743 Cariaque

631 4747 1048 4819 81.7Etymolog.
1086 4749 1178 4802 lib.
1227 4765 1262 4813 t,
1308 4767 1427 4819 cap.
1451 4743 1539 4807 δῖ.
1570 4749 1689 4806 Vid.
1723 4748 1922 4819 Agell.,
1954 4749 2047 4804 lib.
2097 4765 2150 4814 v,
2185 4750 2238 4810 D
2262 4746 2548 4819 ingentibus
2576 4763 2742 4818 azger,
2775 4758 2827 4800 et
2855 4762 2904 4800 tv
2921 4745 3048 4800 Ain.
3077 4743 3231 4819 :Jatn
3248 4747 3443 4819 dudum
3461 4746 3799 4819 sauciacura.

561 4833 680 4872 Cat).
713 4818 805 4872 20.

558 4833 1587 5013 ﬁli-umqueostenditVarro,lib.
1618 4907 1667 4946 tv
1699 4889 1987 4960 Iing.Lat.,
2018 4888 2123 4944 dict
2144 4928 2158 4943 σ

600 4975 645 5013 ιε
668 4975 775 5013 um.

600 4975 775 5014 anuus.

629 5061 701 5073 —
739 5029 950 5084 Sane...
985 5030 1059 5084 Ex
1084 5030 1293 5097 Servio,
1327 5031 1394 5085 ad
1439 5031 1565 5086 illud
1605 5028 1810 5086 utﬁt).
1837 5049 1852 5085 :
1881 5030 1992 5084 Nec
2023 5030 2152 5083 luci-

561 5104 659 5154 dus
681 5102 845 5156 tethra
869 5101 1070 5154 siderea
1104 5102 1269 5167 polus.

632 5174 722 5228 84.
755 5174 839 5227 Al.
872 5189 887 5225 :
918 5172 1104 5227 Sexus.
1143 5173 1373 5224 Primum
1398 5187 1462 5226 ea:
1485 5171 1601 5238 Itis;
1631 5182 1686 5227 et
1711 5168 1847 5227 infra
1877 5191 1890 5227 :
1920 5183 2145 5226 contem-

559 5257 679 5312 nere
697 5260 756 5296 ea
776 5259 891 5312 qua:
912 5245 1103 5312 optima
1130 5242 1350 5295 noveris.

635 5311 854 5367 Ibid.'|n
872 5311 1116 5368 Editione
1138 5311 1321 5367 Grialii
1354 5312 1847 5380 indicatur,deesse
1876 5313 1926 5366 in
1952 5314 2142 5382 aliqui-

562 5383 660 5438 bus
678 5387 944 5451 exempla.
960 5386 1075 5439 ibus
1097 5387 1256 5440 verba
1274 5425 1288 5446 ,
1319 5382 1618 5437 Primum...
1642 5385 1917 5438 secundum
1945 5387 2144 5453 patien-

560 5455 750 5510 tiwAc
796 5471 973 5510 revera
1000 5457 1050 5510 in
1085 5456 1449 5510 vetustissimo
1481 5455 1679 5509 (lodice
1713 5454 1966 5508 Vaticano
1997 5454 2130 5508 532i

562 5527 630 5579 ita
657 5528 994 5580 continuatur
1020 5529 1222 5581 oratio:
1252 5526 1394 5580 sexui
1439 5527 1770 5579 renuntiatio.
1804 5524 1999 5577 Horum
2029 5527 2138 5594 pri-

561 5613 644 5649 ma
673 5598 931 5664 [elicitatis
959 5606 1053 5660 est,
1081 5607 1185 5652 etc.
1225 5597 1344 5651 Mox
1369 5598 1510 5651 idem
1533 5597 1661 5650 Cod.
1688 5597 1738 5648 in
1768 5596 2018 5666 conjugiis
2041 5614 2134 5665 pa-

559 5669 781 5722 rentibus
808 5665 1119 5737 intelligunt,
1149 5670 1428 5721 castitatem
1451 5669 1502 5721 in
1530 5667 1826 5737 virginibus.
1853 5665 2020 5719 Alter.

634 5741 720 5793 ὅσ.
746 5738 885 5793 Citat
912 5735 1137 5792 alterum
1183 5752 1394 5794 versum
1421 5739 1578 5804 Non,
1609 5735 1738 5794 dict.
1776 5735 2001 5794 Gutmire
2023 5782 2037 5806 ,
2064 5752 2128 5793 ex

2331 4817 2471 4872 Ibid.
2508 4815 2649 4881 Vatf,
2682 4833 2806 4870 cura
2834 4833 2949 4870 vero
2978 4818 3088 4871 sine
3122 4815 3472 4869 sollicitudine
3499 4826 3591 4868 est.
3621 4816 3796 4870 Ansv.

2328 4887 2416 4946 90.
2441 4891 2494 4943 In
2511 4903 2616 4940 uno
2638 4888 2996 4957 Manuscripto
3015 4887 3129 4941 haec
3157 4897 3357 4939 tantum
3376 4902 3394 4957 :_
3419 4884 3559 4939 Inter
3579 4901 3836 4938 commen-

2258 4961 2412 5013 tarios
2435 4969 2482 5012 et
2511 4955 3289 5012 commentaria.iCommentarii
3339 4955 3490 5025 libri,
3521 4965 3832 5010 commenta-

2253 5033 2332 5084 ria
2357 5031 2637 5084 volumina.

2325 5129 2396 5141 —
2419 5100 2709 5154 Comatam.
2745 5097 2830 5162 ιθ..
2859 5099 3244 5161 concinnatum,
3273 5107 3362 5151 aut
3389 5106 3716 5150 commntum.

2325 5170 2464 5224 Ibid.
2506 5169 2561 5223 In
2587 5169 2686 5227 Ms.
2723 5169 2842 5223 Vat.
2872 5169 3003 5224 552i
3039 5173 3210 5222 solum
3245 5170 3344 5221 IIOC
3364 5179 3463 5230 est,
3495 5165 3830 5220 Commenta-

2253 5243 2387 5294 rium
2413 5241 2560 5303 liber,
2585 5249 2928 5293 commentum
2949 5239 3201 5293 uolumen.
3237 5238 3291 5291 In
3326 5238 3496 5290 Editis
3524 5236 3826 5290 differentia

2255 5327 2358 5365 non
2405 5312 2558 5380 plene
2602 5310 2947 5380 explicatur,
2978 5325 3097 5362 cum
3149 5317 3496 5380 prietereatur
3525 5307 3828 5380 esplanatio

2254 5375 2690 5437 verbi‘camicum'.
2741 5379 3044 5449 Legendum
3085 5393 3212 5447 ergo
3247 5376 3457 5449 videtur
3495 5393 3509 5429 :
3551 5375 3824 5429 Commen-

2249 5464 2356 5506 tum
2403 5453 2659 5514 volumen,
2702 5451 2756 5503 id
2777 5448 2952 5516 est,“
2984 5450 3196 5500 diversis
3229 5448 3373 5499 libris
3397 5461 3820 5516 commentatum,

2246 5523 2508 5575 Comicum
2536 5538 2599 5574 ea:
2645 5520 2846 5584 Veteri,
2892 5531 2937 5573 et
2971 5518 3120 5572 Nouo
3170 5517 3513 5572 Testamento.
3561 5515 3826 5581 Comicus,

2246 5593 2555 5655 (.‘ommicus,
2586 5603 2636 5645 et
2661 5592 2837 5645 Comes
2866 5591 3000 5644 liber
3027 5590 3430 5644 ecclesiasticus
3462 5596 3596 5652 erat,
3626 5586 3824 5640 Lectio-

2243 5666 2419 5716 narius
2450 5679 2660 5732 quoque
2687 5663 2891 5722 dictus,
2926 5661 2994 5715 de
3024 5676 3133 5728 quo
3167 5661 3287 5719 vide
3311 5657 3660 5730 Ducangium,
3694 5671 3814 5713 ver-

2241 5734 2307 5790 ba
2339 5733 2583 5799 Canuncs,
2620 5734 2787 5804 primo
2815 5735 2950 5788 loco.
2997 5731 3166 5792 ΑΒΕΥ.
