4108 6178
455 266 528 320 es
1482 261 1541 317 s.
1585 259 1829 317 tsmom
1873 256 2314 315 illSPALENSlS
2357 257 2660 316 EPISCOPI
3662 267 3736 320 2.,

457 396 583 436 caro
608 396 710 436 non
735 388 836 433 est.
869 378 1074 436 Dictum
1102 387 1277 435 autem
1306 392 1498 445 corpus
1526 392 1554 430 a
1579 377 1949 447 corruptione,
1981 386 2035 432 et
2070 376 2113 431 A

458 488 584 531 caro
612 488 640 543 a
686 473 941 535 carendo,
979 473 1060 527 vel
1090 488 1119 526 a
1151 471 1412 526 cadendo.

528 564 650 621 117.
702 564 843 618 Inter
867 562 1092 635 Capillos
1118 570 1174 616 et
1214 562 1598 631 capillamenta.
1628 562 1817 631 Capilli
1851 563 2041 630 capitis

457 666 625 721 sunt,
684 655 1054 725 capillamenta
1123 652 1458 708 summitates
1525 653 1798 708 arborum.

452 748 700 817 arboris].

524 841 649 897 118.
684 843 822 896 Inter
850 839 1045 893 Collum
1068 847 1117 893 et
1140 839 1405 893 cervicem.
1429 836 1634 891 Collum
1664 837 1804 911 [ΑΙ.⁹
1832 837 2037 911 Collus]

450 948 665 1002 semper
694 932 980 993 cervicem,
1012 930 1193 984 cervix
1225 928 1332 1002 [AL
1358 927 1748 1002 collus]autem
1774 931 1897 985 dum
1923 933 2035 986 sin-

449 1026 614 1095 gulari
642 1038 866 1078 numero
894 1022 1389 1091 dicitur,signiiieat
1413 1022 1642 1088 collum;
1672 1022 1797 1077 dum
1817 1023 2032 1092 plurali,

445 1114 767 1184 superbiam,
800 1122 856 1167 ut
903 1112 1092 1168 Cicero
1130 1113 1179 1167 in
1213 1113 1429 1169 Verrem
1454 1113 1589 1187 (Lib.
1622 1113 1715 1184 v):
1756 1114 2037 1169 Prwtorcm

445 1218 501 1261 tu
528 1204 779 1266 accusas?
802 1202 1011 1277 Frange
1039 1207 1273 1260 cervices.

517 1298 642 1354 119.
674 1298 813 1352 Inter
841 1296 1073 1351 Concidit
1110 1308 1161 1351 et
1187 1298 1427 1352 concidit.
1456 1297 1737 1364 Concidit,
1787 1311 2033 1370 correpta

445 1388 617 1442 media
642 1388 842 1459 syllaba
867 1431 883 1453 ,
919 1389 1181 1457 signiﬁcat
1206 1389 1495 1455 cecidisse,
1542 1391 1806 1458 concidit,
1839 1393 2035 1462 produ—

442 1491 525 1534 cla
558 1480 750 1546 media,
784 1480 1045 1549 signiﬁcat
1073 1495 1374 1549 separasse.

516 1571 637 1627 1‘20.
690 1573 830 1628 Inter
853 1571 1112 1628 Cassidcm
1143 1582 1197 1627 et
1234 1573 1456 1647 galeam.
1503 1575 1683 1630 Cassis
1729 1578 1797 1632 de
1842 1577 2032 1631 lamina

439 1674 516 1718 est
536 1704 553 1728 ,
586 1665 734 1733 galea
765 1664 831 1719 de
861 1665 1010 1719 corio
1041 1664 1172 1738 [Al.,
1202 1667 1348 1722 corio
1379 1665 1479 1738 lit].

1880 653 1989 725 [Αι.
2022 697 2037 723 ,

2214 369 2336 424 121.
2387 368 2529 425 Inter
2569 369 2924 425 Co‘chlearium
2963 384 3011 425 et
3050 373 3335 427 cochleare.
3391 374 3734 432 Cochlearius

2143 461 2235 532 qui
2269 461 2467 526 vendit,
2500 461 2782 516 cochleare
2809 478 2936 516 vero
2974 464 3210 531 species.

2214 552 2334 607 125.
2368 553 2507 608 Inter
2536 552 2728 608 Cretum
2754 564 2809 609 et
2835 565 3020 609 cetum.
3060 556 3240 611 Coetus
3286 558 3567 613 multitudo
3644 575 3736 617 ee»

2142 652 2254 697 tum
2285 644 2512 698 helluam
2542 644 2789 699 dicimus.

2214 734 2336 789 126.
2369 736 2511 790 Inter
2557 737 2833 792 Commune
2884 748 2937 792 et
2975 742 3275 810 epicmnum.
3310 740 3607 801 Commune
3641 760 3733 816 ge-

2140 826 2282 882 neris
2314 826 2445 899 [Al.,
2473 826 2666 900 gentis]
2693 838 2795 895 est,
2820 831 3119 899 epicantutn
3151 848 3281 889 vero
3310 836 3643 893 animalium.

2214 916 2339 972 1‘27.
2373 920 2515 974 Inter
2538 918 2849 988 Capillatum
2875 930 2928 975 et
2950 922 3275 993 capillosnm.
3323 925 3617 995 Capillatus
3642 942 3733 984 ca-

2141 1010 2268 1079 pillo
2296 1013 2506 1081 grandi,
2532 1012 2821 1081 capillosus
2851 1013 3050 1083 pilosus
3081 1025 3134 1069 et
3166 1016 3424 1073 hirsutus.

2213 1101 2338 1158 1'28.
2369 1103 2509 1157 Inter
2536 1084 2821 1158 Cornua‘et
2847 1121 3025 1162 corna.
3057 1106 3270 1161 Cornua
3296 1109 3629 1178 animalium,
3648 1112 3728 1167 vel

2138 1205 2540 1263 antemnarum,
2582 1211 2746 1252 corna
2769 1212 2893 1252 vero
2926 1213 3201 1268 pomorum
3223 1216 3411 1270 genus.

2210 1290 2333 1347 19.9.
2367 1291 2507 1347 Inter
2532 1289 2693 1361 Coepit
2719 1301 2773 1346 et
2800 1293 2949 1363 cepit.
2976 1293 3131 1363 Cepit
3152 1295 3219 1349 de
3240 1286 3531 1365 capiendo,
3562 1300 3724 1369 cmpit

2138 1380 2207 1437 de
2243 1382 2568 1452 incipiendo.

2212 1472 2333 1527 150.
2380 1473 2521 1528 Inter
2549 1472 2761 1529 Calvum
2785 1484 2837 1529 et
2864 1476 3137 1531 calcatum.
3189 1475 3383 1533 Calvus
3409 1489 3489 1535 est
3514 1492 3724 1547 natura,

2137 1566 2374 1621 calvatus
2418 1582 2598 1622 manu.
2645 1568 2773 1622 Inde
2819 1578 2875 1624 et
2923 1569 3230 1625 decalvatus
3279 1571 3507 1627 dicimus
3554 1575 3727 1631 valide

2137 1674 2298 1712 manu
2323 1659 2654 1714 decalvator.

514 1755 639 1811 1:21.
667 1748 811 1810 Inter
840 1753 1087 1827 Clypeum
1113 1764 1167 1810 et
1194 1760 1447 1827 clupeum.
1498 1757 1755 1829 CIypeum
1786 1769 2019 1825 sentum,

2205 1752 2308 1820 19
2365 1751 2486 1805 151.
2544 1751 2685 1807 Inter
2734 1751 2914 1821 Circa,
2966 1769 3155 1808 circum
3207 1765 3261 1810 et
3306 1756 3524 1811 circiter.
3571 1758 3723 1824 Quod

442 1845 688 1912 clupeum
744 1855 1121 1900 ornamentum
1179 1845 1325 1917 [Al.,
1388 1848 1727 1919 ornamenta]
1772 1850 2021 1905 dicimus.

443 1935 584 1990 Inter
638 1934 887 2006 Clypeum
944 1947 998 1991 et
1054 1938 1293 2007 clupeum
1360 1955 1373 1991 :
1430 1939 1662 2010 Clypeus
1731 1942 2025 1997 masculino

441 2044 637 2099 genere
666 2038 747 2082 est
777 2043 938 2096 quem
993 2036 1203 2082 scutum
1235 2026 1493 2095 dicimus,
1539 2035 1784 2101 clupeum
1834 2042 2026 2089 neutro

438 2118 634 2170 dicitur
687 2119 882 2188 imago,
939 2116 1006 2170 ab
1034 2131 1100 2171 eo
1154 2116 1293 2185 quod
1349 2119 1561 2189 clueat,
1595 2119 1644 2174 id
1676 2129 1788 2187 est,
1820 2121 2027 2177 dicatur

436 2218 490 2262 et
525 2207 848 2273 nominetur,
879 2216 935 2263 et
956 2207 1096 2263 clara
1124 2207 1214 2261 sit.
1257 2209 1345 2264 Sic
1376 2219 1432 2265 et
1474 2210 1699 2281 inclytus
1738 2213 2027 2280 praeclarus

436 2302 653 2355 dicitur.

509 2393 613 2462 18
638 2390 758 2447 ΜΞ.
784 2391 927 2447 Inter
948 2392 1378 2449 Consuetudinem
1406 2404 1459 2450 et
1480 2397 1660 2452 ritum.
1683 2397 2025 2455 Consuetudo

433 2494 517 2535 est
571 2484 743 2537 Solita:
793 2484 870 2538 rei
913 2497 1072 2549 usus,
1125 2500 1191 2539 ex
1236 2499 1498 2539 consensu
1542 2487 1800 2550 duorum,
1860 2490 2025 2559 pluri-

435 2590 753 2646 morumque
796 2576 985 2632 factus.
1032 2577 1187 2633 Ritus
1213 2593 1342 2633 vero
1364 2579 1429 2633 ad
1465 2579 1726 2649 justitiam
1762 2582 2022 2652 pertinet,

433 2671 585 2741 quasi
637 2671 770 2743 [Al.,
821 2672 1052 2741 pendet,
1087 2672 1232 2743 quia]
1279 2685 1481 2729 rectum
1510 2716 1525 2740 ,
1574 2691 1639 2730 ex
1686 2691 1793 2748 quo
1838 2677 2022 2745 pium,

432 2779 667 2836 acquum,
699 2773 1051 2837 sanctumque
1084 2766 1195 2842 [ΑΙ.
1221 2784 1267 2824 s.
1303 2768 1667 2841 respicimus].

508 2858 631 2914 1‘25.
678 2859 821 2913 Inter
851 2859 1175 2932 Cognitorem
1214 2872 1268 2915 et
1310 2872 1715 2932 procuratorem.
1768 2863 2024 2931 Cognitor

431 2963 539 3002 non
594 2948 693 3002 nisi
742 2965 976 3018 praesens
1006 2967 1033 3005 a
1066 2964 1329 3022 praesente
1356 2954 1606 3022 prtesenti
1632 2952 1809 3017 datur,
1837 2967 2025 3022 procu-

430 3049 579 3096 rator
599 3050 776 3096 autem
808 3053 857 3097 et
882 3041 1077 3098 absens
1106 3043 1446 3099 constituitur
1478 3043 1611 3116 [Al.,
1638 3057 1795 3113 quem
1818 3058 1870 3096 ιι.
1895 3058 2023 3098 con-

432 3130 627 3203 stituit]
659 3133 923 3190 adversus
956 3135 1256 3191 absentem.
1306 3137 1437 3192 Item
1477 3137 1723 3208 cognitor
1762 3136 2020 3191 adversus
2049 3119 2096 3183 C

430 3238 553 3277 eunt
578 3224 915 3280 solummodo
945 3225 1038 3281 lite
1077 3226 1207 3301 [Al.,
1246 3225 1416 3299 litem]
1448 3226 1724 3283 contendit
1752 3226 1889 3298 [Al.,
1921 3227 2018 3281 de-

434 3311 622 3386 fendit]
662 3315 923 3372 adversus
958 3330 1116 3387 quem
1158 3318 1223 3371 ad
1254 3319 1519 3389 agendum
1550 3318 1872 3374 constitutus
1896 3328 1980 3373 est
2006 3359 2021 3382 ,

432 3418 745 3475 procurator
771 3426 897 3466 vero
938 3412 1077 3481 apud
1108 3426 1318 3469 omnes.
1366 3414 1495 3469 Item
1526 3414 1770 3484 cognitor
1799 3414 1876 3468 liti
1906 3423 2023 3467 tan-

432 3507 540 3552 tum
572 3500 685 3555 dari
725 3503 901 3569 solet,
929 3502 979 3558 id
1008 3512 1093 3560 est
1124 3502 1257 3575 {Al.,
1284 3505 1464 3577 item],
1493 3505 1678 3576 judicii
1702 3504 2019 3575 expediendi

430 3589 599 3660 gratia
620 3635 636 3661 ,
671 3604 984 3663 procurator
1009 3611 1134 3651 vero
1158 3607 1213 3652 et
1233 3611 1320 3653 res
1348 3612 1538 3652 omnes
1558 3596 1921 3651 administrat.

505 3728 1121 3803 -ἶςαεεηᾴρρϐινεηηάο
1153 3732 1203 3786 in
1235 3731 1535 3803 Etymolog.

504 3800 625 3869 117.
661 3798 1037 3868 Capillamenta
1058 3798 1341 3869 seminum,
1376 3804 1469 3858 lib.
1485 3798 1560 3856 vv.

505 3868 627 3922 118.
664 3869 739 3945 12x
796 3870 977 3945 Serm,
1012 3872 1099 3945 ad
1131 3873 1207 3926 ill.
1256 3890 1293 3928 ιι
1328 3868 1472 3929 VIEn.
1521 3873 1712 3930 ϐιντυὶεὲ
1761 3876 2021 3945 imponere

431 3951 649 4013 nostra;
680 3941 978 4013 Etymolog.
1011 3943 1107 3997 lib.
1133 3959 1210 4009 ιι,
1244 3959 1362 4013 cap.
1398 3947 1447 3999 1.

502 4042 574 4053 —
600 4009 837 4087 Frange.
859 4009 1124 4087 In'altero
1148 4009 1439 4084 exemplari
1485 4032 1497 4066 :
1556 4011 1821 4087 Frangere
1851 4017 2018 4069 cerri-

429 4100 534 4204 ce‘si,
565 4092 613 4137 et
663 4084 953 4204 nuperbiam
1005 4085 1281 4150 inclinare,
1316 4101 1461 4154 quin,
1504 4095 1562 4139 ut
1615 4084 1976 4154 glossetnaton
2002 4128 2017 4152 ,

432 4171 483 4204 In
527 4168 659 4204 ucen
704 4168 753 4204 a.

432 4155 753 4209 inducenda.

508 4222 627 4277 119.
662 4224 751 4275 Sic
797 4225 1019 4288 Aeron.,
1070 4223 1158 4276 od.
1221 4223 1274 4279 5.
1324 4223 1414 4278 lib.
1476 4239 1491 4277 l
1536 4224 1774 4290 Horatii,
1829 4227 1879 4278 in
1926 4228 2012 4282 illo

431 4309 589 4348 versu
625 4312 635 4346 :
666 4290 1020 4364 Nequicquam
1052 4292 1191 4347 Deus
1219 4294 1465 4363 abscidit,
1512 4298 1729 4364 expernit
1769 4297 2012 4363 abscidit,
2068 4356 2072 4361 λ

430 4366 701 4419 separavit.

555 4382 579 4414 Γ
647 4382 659 4414 1
689 4404 701 4416 .

484 4382 640 4488 liii?
665 4382 866 4488 Iiarthii
893 4434 1218 4489 membrana:
1245 4437 1316 4490 ita
1344 4452 1355 4487 :
1384 4433 1528 4489 Inter
1554 4436 1805 4489 cassidem
1838 4448 1884 4489 et
1907 4454 2019 4490 cas-

432 4507 599 4557 sidam
630 4504 760 4556 nihil
792 4508 1019 4563 interest.
1050 4505 1213 4560 Galea
1240 4521 1356 4559 vero
1385 4510 1543 4559 cassis
1574 4519 1671 4573 est,
1699 4523 1813 4575 qua:
1835 4509 1897 4562 de
1923 4525 2013 4561 co-

431 4578 508 4629 rio
547 4576 714 4638 ﬁebat.
741 4577 911 4630 Ant-:v.

506 4646 627 4699 121.
660 4644 928 4715 Clypeum.
978 4646 1058 4701 Ex
1103 4646 1308 4702 Carisio
1356 4650 1404 4700 in
1435 4647 1494 4702 C.
1526 4648 1813 4716 Frontone,
1848 4650 2008 4705 male.

429 4715 681 4788 Clupeam
710 4732 991 4785 armorum,
1023 4718 1259 4788 clypeum
1288 4719 1547 4788 imaginis.

501 4817 571 4827 —
602 4786 842 4855 Clypeus.
871 4788 1045 4842 Locus
1076 4786 1336 4851 ‘tnutilus,
1368 4786 1528 4858 quem
1576 4790 1654 4844 sic
1694 4806 1758 4845 ex
1809 4788 2015 4844 Carisio

433 4860 667 4927 suppleri
691 4872 848 4924 posse
870 4861 1119 4914 existimo
1147 4877 1158 4913 :
1186 4878 1205 4910 t
1235 4860 1466 4930 Clypeus
1498 4863 1793 4914 masculino
1820 4876 2016 4931 genere

433 4942 553 4991 est,
597 4944 754 5000 quem
779 4999 786 5000 ί
811 4938 1019 4984 scutum
1074 4931 1319 4989 dicimus.
1352 4932 1420 4984 ab
1460 4946 1525 4985 eo
1553 4933 1694 5000 quod
1732 4940 1812 4985 est
1840 4933 2012 4999 clepo,

434 5001 704 5063 καλύπτω,
739 4998 790 5053 id
826 5010 937 5063 est,
966 5001 1103 5066 celo,
1137 5017 1256 5055 cum
1296 5001 1538 5068 clupeum
1571 4998 1761 5070 imago
1789 4998 2015 5066 dicatur,

433 5083 485 5123 et
512 5070 812 5124 nominetur
833 5087 860 5124 a
883 5073 1058 5136 clueo,
1085 5073 1222 5138 quod
1244 5072 1382 5125 clara
1404 5074 1490 5123 sit.
1524 5090 1541 5122 ι
1569 5072 1660 5127 Sic
1682 5082 1734 5125 et
1761 5074 1811 5125 in
1839 5076 2015 5131 Serv,

433 5142 498 5193 ad
531 5142 610 5197 ill.
638 5157 706 5195 vn
731 5141 857 5196 Ain.
880 5159 895 5197 :
921 5141 1033 5196 Nec
1062 5144 1228 5211 clypei
1258 5157 1538 5211 cursusque
1565 5152 1749 5195 sonant
1780 5157 1870 5195 :-
1889 5143 2021 5194 Dicti

434 5211 499 5265 ab
523 5227 581 5265 eo
606 5214 744 5281 quod
765 5214 929 5266 celent
956 5209 1143 5280 corpus
1172 5215 1273 5267 ἀπὸ
1297 5209 1387 5266 τοῦ
1422 5214 1643 5267 κλέπτω.

508 5284 634 5335 ηε.
667 5282 775 5347 Al.,
809 5284 976 5338 Solito
1002 5284 1075 5335 rei
1100 5300 1352 5336 consensu
1382 5299 1507 5334 usus
1530 5286 1581 5335 d.

505 5348 645 5405 Ibid.
680 5352 797 5406 Vat.
829 5357 897 5406 ad
928 5355 1182 5423 justitiam
1227 5354 1428 5421 pendet.
1474 5354 1536 5405 Et
1584 5368 1786 5421 sequam
1828 5369 2023 5422 semper

434 5423 809 5494 prtcspicigtus,
834 5438 930 5493 pro
947 5441 1168 5494 (equum,
1192 5434 1536 5489 sanctumque.
1570 5426 1735 5476 Antzv.

506 5495 631 5548 1‘25.
662 5491 847 5566 Festa]
866 5491 1270 5566 dict.'Cognitor
1297 5494 1385 5550 :C.
1417 5496 1549 5547 enim
1576 5509 1798 5560 prarsens
1828 5510 1859 5544 a
1884 5509 2018 5561 pra:-

443 5566 566 5618 senti
596 5562 815 5630 prteside
844 5566 1019 5619 datur.

508 5635 767 5706 τέΝἱδί...
806 5634 890 5688 ΑΙ.
920 5652 930 5686 :
959 5634 1120 5690 Jussu
1147 5637 1379 5706 prccsidis
1409 5637 1668 5704 prwsemis
1696 5635 1931 5704 ιιι-(Βεροιιί
1960 5634 2013 5687 d.

513 5703 653 5761 Ibid.
682 5706 848 5761 Nemo
873 5716 1110 5762 veterum
1138 5703 1325 5763 melius
1348 5703 1702 5765 diiierentiam
1733 5707 1870 5761 inter
1897 5721 2018 5775 pro-

2044 4585 2092 4642 ι)
2191 4574 2311 4628 151).
2375 4575 2759 4629 Decalvatiouis
2817 4577 3017 4629 mentio
3065 4576 3267 4629 Concil.

2131 1844 2271 1897 circa
2306 1852 2388 1898 est
2430 1844 2623 1898 incerti
2667 1845 2768 1898 loci
2815 1847 2880 1901 de
2926 1846 3101 1914 aliqua
3136 1858 3319 1917 parte,
3362 1848 3562 1903 circum
3593 1850 3724 1904 certi

2130 1936 2387 2004 undique,
2416 1935 2630 1990 circiter
2662 1939 2869 1992 numeri
2904 1953 3042 2007 pene
3065 1939 3282 1993 inliniti.

2204 2029 2323 2083 152.
2362 2030 2500 2083 Inter
2532 2030 2753 2084 Causam
2798 2040 2852 2086 et
2896 2033 3165 2086 rationem.
3215 2032 3367 2099 Quod
3408 2048 3568 2088 causa
3610 2048 3721 2088 rem

2131 2118 2213 2173 vel
2255 2117 2515 2173 ralionem
2568 2120 2856 2185 antecedit,
2905 2122 3039 2175 ratio
3083 2125 3136 2176 in
3178 2124 3292 2192 ipsa
3338 2139 3397 2177 re
3444 2132 3546 2179 est.
3595 2122 3723 2177 Item

2128 2224 2286 2265 causa
2320 2218 2421 2274 est,
2443 2219 2653 2280 prOpter
2672 2225 2831 2280 quam
2854 2212 3151 2282 titaliquid,
3182 2213 3315 2269 ratio
3344 2229 3613 2283 perquam
3644 2214 3721 2268 iit.

2200 2299 2325 2355 155.
2368 2300 2508 2356 Inter
2542 2300 2700 2355 Civile
2752 2311 2805 2356 et
2846 2303 3081 2356 civicum.
3129 2304 3295 2357 Civile
3340 2311 3425 2357 est
3472 2302 3609 2372 quod
3655 2302 3720 2357 ad

2127 2391 2397 2446 civitatem
2424 2393 2672 2458 pertinet,
2698 2394 2947 2458 civicum,
2979 2394 3118 2464 quod
3144 2393 3241 2463 ipsi
3269 2394 3415 2449 cives
3438 2396 3654 2451 faciunt.

2201 2482 2265 2537 15
2280 2483 2323 2538 i.
2347 2484 2489 2538 Inter
2515 2482 2879 2555 Cagnoscimus
2899 2493 2954 2539 et
2973 2486 3316 2555 agnoscimus.
3339 2486 3722 2555 Cognoscitnus

2128 2575 2400 2647 ignoratus
2432 2592 2629 2647 mores,
2657 2579 2996 2649 agnoscimus
3022 2595 3140 2649 qua:
3169 2580 3322 2635 nobis
3347 2579 3683 2636 exciderant.

2738 2672 2816 2727 De
2847 2674 3014 2729 littera
3045 2675 3105 2729 D.

2202 2763 2324 2821 1'55.
2369 2764 2510 2820 Inter
2540 2764 2742 2820 Diurna
2767 2809 2782 2835 ,
2810 2766 3013 2821 diutina
3040 2776 3092 2823 et
3138 2769 3402 2824 diuturna.
3438 2771 3633 2825 Diurna
3687 2784 3717 2825 a

2128 2858 2214 2913 die
2244 2858 2383 2912 facta
2415 2867 2560 2924 sunt,
2594 2868 2654 2912 ut
2678 2858 2867 2913 diurna
2904 2875 3132 2924 merces,
3165 2860 3368 2914 diutina
3395 2864 3531 2917 dicta
3560 2862 3627 2917 ab
3648 2878 3713 2917 eo

2126 2951 2267 3019 quod
2299 2958 2401 3014 est,
2427 2950 2569 3020 quod
2599 2950 2689 3005 diu
2716 2950 3014 3017 duraverit,
3045 2951 3293 3007 diuturna
3318 2968 3446 3008 vero
3471 2968 3502 3007 a
3530 2969 3717 3025 perpe-

2129 3042 2317 3096 tuitate
2343 3040 2504 3108 dicta,
2532 3043 2680 3111 quasi
2708 3052 2933 3097 interna.

2202 3130 2327 3187 156.
2375 3133 2517 3187 Inter
2553 3131 2813 3187 Disertum
2843 3141 2898 3187 et
2922 3133 3201 3187 discretum
3225 3133 3357 3207 [Al.,
3381 3136 3715 3206 dissertum].

2138 3224 2380 3279 Discrtus
2409 3232 2592 3278 orator
2618 3233 2720 3289 est,
2781 3223 3046 3280 discretus
3095 3237 3176 3281 εει
3200 3225 3389 3281 doctus
3410 3268 3426 3292 ,
3458 3241 3485 3280 a
3511 3227 3722 3281 discen-

2130 3315 2202 3371 do
2232 3315 2427 3370 dictus.

2201 3410 2324 3464 157.
2375 3410 2517 3465 Inter
2561 3408 2780 3464 Divitem
2826 3418 2879 3466 et
2914 3409 3237 3480 locupletem.
3297 3409 3454 3465 Dives
3505 3419 3589 3465 est
3630 3426 3719 3479 pe-

2127 3500 2331 3564 cuniis,
2384 3500 2625 3569 locuples
2675 3501 2808 3573 [Al.,
2863 3501 2994 3555 locis
3038 3497 3246 3570 plenus]
3300 3510 3477 3556 autem
3521 3501 3713 3567 fundis,

2125 3594 2275 3663 quasi
2309 3593 2546 3647 locorum
2596 3592 2798 3647 divitiis
2846 3593 3053 3662 plenus.

2126 3741 2403 3786 curatores
2431 3741 2484 3786 et
2512 3731 2812 3799 cognitores
2842 3731 2891 3783 in
2920 3743 3081 3784 sensu
3108 3732 3324 3797 proprio
3347 3734 3634 3798 espressit,
3657 3744 3717 3787 ιιι

2127 3804 2420 3857 advertitur
2450 3805 2502 3855 in
2530 3812 2643 3856 not.
2684 3803 2749 3853 ad
2781 3800 3132 3864 Brissouium,
3182 3802 3275 3855 1ι1).
3318 3816 3397 3866 tv,
3449 3817 3568 3868 cap.
3620 3802 3713 3865 20,

2126 3872 2324 3928 Select.
2353 3873 2609 3941 Antiquit.
2645 3872 2697 3926 In
2732 3872 2827 3925 Ms.
2869 3872 3011 3931 Vat.,
3038 3887 3264 3939 praesens
3287 3888 3318 3924 a
3363 3876 3602 3943 pra’seuti
3625 3877 3718 3928 da-

2126 3955 2242 4006 tur;
2290 3952 2345 3997 et
2375 3944 2569 3997 omittit
2618 3943 2749 3997 Item
2795 3942 3096 4013 cognitor...
3148 3958 3317 3997 omnes
3366 3942 3715 4001 administrat.

2125 4017 2297 4068 Ancv.
2876 4026 2905 4049 κ

2200 4083 2320 4137 1‘25.
2359 4084 2502 4149 Vat.,
2536 4084 2757 4137 belluam
2785 4085 2928 4137 dicit.
2960 4085 3129 4141 Ancv.

2199 4155 2325 4210 196.
2355 4155 2443 4208 Sic
2472 4155 2559 4205 lib.
2598 4169 2611 4205 ι
2640 4154 2962 4220 Etvmolog.,
3005 4172 3118 4222 cap.
3153 4155 3205 4208 6.

2198 4224 2222 4275 Ι
2232 4226 2336 4276 bid.
2373 4223 2501 4277 Cod.
2541 4222 2680 4286 Vat.,
2709 4239 2975 4275 commune
3004 4241 3160 4290 genus
3189 4233 3261 4278 est
3293 4225 3591 4291 hominum;
3613 4225 3716 4293 epi-

2124 4311 2342 4347 ccenum.
2373 4293 2626 4361 Epicoena
2657 4311 2683 4344 a
2710 4292 3083 4364 communibus
3112 4294 3380 4358 diII'erunl,
3418 4297 3538 4364 quia
3565 4292 3715 4349 com-

2125 4365 2301 4419 tnnnia
2335 4364 2471 4418 duos
2497 4365 2691 4416 habent
2716 4362 2991 4429 articulos,
3023 4373 3080 4418 u‘t
3107 4365 3187 4417 ltic
3210 4377 3259 4419 et
3297 4365 3405 4418 Itth
3436 4362 3710 4430 sacerdos,

2122 4441 2362 4502 epicaana
2396 4448 2520 4489 vero
2548 4449 2708 4487 unum
2761 4442 2986 4497 tantum,
3034 4445 3089 4486 ut
3140 4451 3339 4504 passer,
3386 4437 3553 4503 lepus,
3601 4450 3705 4489 etc.

2123 4505 2256 4559 Vide
2294 4504 2630 4567 Cledoniom,
2660 4505 2712 4558 in
2745 4505 2893 4567 Arte,
2920 4520 3038 4574 pag.
3066 4505 3203 4560 18152
3223 4546 3238 4567 ,
3265 4505 3509 4559 Pustsch.
3540 4508 3709 4559 Ancv.

3338 4576 3509 4629 'l‘olet.
3578 4592 3663 4632 xvi
3694 4619 3708 4638 .

2120 4660 2238 4713 cap.
2257 4645 2311 4709 5;
2331 4645 2648 4700 Emeriteos.
2668 4660 2787 4714 cap.
2816 4645 2901 4707 15,
2922 4658 2974 4699 et
3003 4645 3154 4711 alibi,
3182 4646 3378 4713 passim
3405 4660 3531 4699 vero
3562 4646 3612 4698 in
3641 4648 3715 4701 le-

2121 4716 2273 4785 gibus
2310 4716 2716 4785 Visegothorum
2749 4726 2971 4783 eratque
3004 4727 3271 4782 perpetua
3303 4715 3535 4769 infamia:
3565 4726 3709 4768 nota.

2194 4786 2334 4840 Ibid.
2359 4787 2431 4841 De
2447 4801 2599 4854 poena
2631 4787 3016 4839 decalvationis
3045 4787 3189 4849 plura
3213 4786 3532 4853 Ducangius,
3554 4788 3705 4839 verb.

2126 4855 2420 4921 Decalcare,
2450 4869 2503 4911 et
2532 4856 2837 4910 decalvatio.
2875 4856 3024 4922 Apud
3057 4856 3315 4909 lsidorum
3350 4857 3508 4908 verba
3540 4857 3710 4909 valide

2124 4943 2278 4979 manu
2307 4927 2610 4980 Decalualor
2642 4927 2869 4980 fortasse
2900 4942 2967 4979 cx
2998 4926 3177 4995 aliquo
3231 4927 3334 4979 alio
3365 4936 3582 4980 auctore
3615 4942 3712 4994 pc-

2127 4996 2219 5050 tita
2244 5008 2367 5051 sunt
2395 4998 2623 5066 exempli
2658 4997 2795 5066 loco.
2824 5000 2995 5049 Ancv.

2198 5069 2319 5121 151.
2356 5068 2407 5122 In
2440 5064 2676 5129 uno’ms.
2705 5084 2718 5118 :
2750 5064 2895 5119 Inter
2922 5067 3057 5119 circa
3088 5076 3133 5119 et
3161 5068 3383 5132 circum,
3412 5066 3551 5136 quod
3579 5066 3716 5118 circa

2120 5148 2191 5193 est
2222 5140 2283 5191 de
2313 5139 2488 5207 aliqua
2519 5149 2664 5208 parte
2693 5138 2813 5208 loci,
2844 5138 3035 5190 circum
3068 5137 3310 5207 undique.

2196 5209 2316 5264 152.
2360 5210 2423 5263 C.
2459 5208 2657 5263 Fronto
2688 5223 2700 5264 :
2734 5207 2903 5261 Causa
2945 5209 3088 5260 docet
3123 5213 3352 5277 factum,
3395 5208 3530 5261 ratio
3568 5208 3714 5261 solvit

2122 5281 2360 5333 obscura.

2202 5349 2321 5404 155.
2354 5352 2547 5403 Acron.
2574 5360 2629 5403 et
2654 5347 2851 5415 Porph.
2885 5347 2936 5400 in
2960 5348 3051 5399 od.
3082 5346 3174 5399 lib.
3206 5363 3241 5400 ιι
3276 5348 3457 5401 lIorat.
3490 5350 3559 5402 ita
3598 5360 3704 5400 tan-

2130 5430 2237 5473 tmu
2268 5421 2619 5490 distinguunt,
2649 5419 2790 5488 quod
2813 5420 3026 5471 civicum
3048 5419 3264 5486 antiqua
3294 5420 3455 5487 ligura
3480 5422 3712 5478 dicatur,

2125 5491 2269 5544 civile
2300 5507 2402 5544 non
2435 5496 2580 5544 item.

2200 5561 2319 5615 157i.
2356 5563 2462 5627 AL,
2495 5562 2714 5630 adjecta,
2749 5560 2896 5612 nullo
2927 5573 3081 5612 sensu
3105 5574 3194 5625 pro
3225 5576 3251 5609 ει
3283 5558 3387 5612 die.

2198 5631 2317 5685 156.
2355 5632 2424 5683 Et
2459 5630 2711 5699 Agrtetio.

2201 5732 2267 5742 ——
2300 5698 2557 5756 Discrctus
2603 5709 2695 5755 est.
2729 5700 2905 5769 Lege;
2944 5698 3203 5766 Desertus,
3232 5712 3305 5755 cst
3351 5701 3639 5762 derelictus,
3683 5712 3715 5749 a
