4108 6178
320 286 383 342 3i
1346 278 1404 334 S.
1447 274 1695 335 ISIDORI
1736 270 2177 331 HISPALENSIS
2217 269 2529 327 EPISCOPI
3541 266 3611 323 52

321 401 390 469 ri,
414 413 519 456 non
546 396 736 469 prosit,
756 396 1036 465 deportato
1056 397 1264 448 noceat.
1281 391 1411 446 Item
1428 389 1749 460 distant27
1769 397 1824 443 et
1852 385 1905 441 in
1933 389 1981 449 Α
2010 386 2265 440 timerem.
2317 382 2569 438 Formido
2609 382 2883 452 objititur,
2929 383 3013 438 vel
3042 383 3238 448 oculis,
3283 382 3367 438 vel
3396 384 3601 445 animo,

323 492 427 547 loci
459 489 736 560 qualitate.
761 486 916 554 Quod
947 499 1069 539 cum
1104 483 1343 553 relegato
1369 481 1585 550 quidem
1617 480 1906 535 humanius

322 582 649 652 transigitur,
703 576 997 648 deportatis
1030 590 1158 631 vero
1200 573 1379 628 solent
1423 572 1613 627 insula:
1641 571 1906 639 assignari

322 690 443 739 qua:
462 681 588 729 sunt
611 671 942 742 asperrimas,
975 682 1203 738 quaeque
1230 676 1354 722 sunt
1380 667 1541 736 paulo
1564 666 1740 721 minus
1761 681 1909 721 sum-

326 780 417 821 mo
442 764 706 834 supplicio
728 760 1126 829 comparandae.

392 855 519 909 201.
564 855 704 909 Inter
726 852 969 905 Eremum
998 859 1051 904 et
1077 851 1352 905 desertum.
1392 849 1618 903 Eremus
1647 857 1727 903 est
1753 846 1804 902 in
1831 847 1912 902 via

330 950 585 1014 solitudo,
632 948 724 1003 ubi
783 961 1057 1015 nunquam
1116 945 1415 999 habitatum
1472 953 1581 1007 est,
1640 943 1911 997 desertum

325 1043 412 1095 ubi
443 1039 729 1109 aliquando
753 1038 1051 1092 habitatum
1093 1046 1148 1091 et
1174 1035 1490 1091 derelictum
1524 1044 1627 1089 est.

396 1132 523 1189 202.
556 1131 704 1185 Inter
756 1129 1177 1183 Easecrationem
1204 1136 1258 1184 et
1281 1128 1612 1198 jurationem.
1653 1126 1914 1180 Exsecra—

323 1226 417 1288 tio,
458 1234 513 1277 ut
540 1231 661 1290 puta
692 1239 707 1275 :
737 1221 796 1275 Si
821 1220 1013 1273 malum
1034 1237 1137 1275 non
1162 1220 1330 1288 patior
1360 1219 1470 1291 [Ρη
1500 1228 1554 1269 ut
1579 1218 1775 1271 malum
1799 1232 1900 1270 non

323 1313 545 1386 patiar];
565 1313 773 1369 Jurazio
800 1328 817 1365 :
848 1311 909 1367 Si
931 1313 1117 1366 bonum
1142 1311 1269 1365 mihi
1303 1312 1483 1365 evenit.

394 1406 519 1460 203.
548 1405 691 1458 Inter
720 1401 1004 1472 Expertum
1028 1445 1040 1465 ,
1092 1413 1145 1457 et
1171 1411 1540 1471 experrectum.
1602 1401 1914 1469 Expertum,

321 1497 523 1567 aliquid
556 1495 791 1565 agnitum
820 1534 835 1557 ,
869 1504 1522 1563 experrectumasomuo.

391 1588 519 1642 204.
562 1588 705 1643 Inter
735 1584 817 1640 En
856 1594 910 1641 et
935 1602 1035 1642 ent.
1068 1586 1171 1655 En,
1202 1602 1323 1642 cum
1356 1584 1616 1651 ostendis,
1650 1600 1759 1651 em,
1792 1599 1912 1639 cum

321 1680 592 1751 inerepas.

2008 478 2126 533 sine
2155 476 2392 531 adhibita
2438 475 2669 540 ratione,
2716 483 2772 529 et
2819 476 3056 530 maxime
3104 475 3383 543 parvulis,
3447 490 3611 546 anur

2010 580 2188 625 autem
2216 585 2337 625 cum
2359 568 2644 623 timiditate
2672 569 2837 622 animi
2860 568 3033 623 subita
3050 577 3133 623 est
3160 570 3488 624 conturbatis
3516 583 3612 625 aen

2009 662 2179 731 casio,
2209 676 2330 733 qua:
2359 670 2537 716 tamen
2577 661 2807 715 solvitur
2837 662 3065 727 ratione,
3099 661 3185 717 vel
3217 670 3479 732 tempore,
3511 678 3609 719 ttct:

2011 762 2140 822 stat,
2172 754 2299 808 item
2347 762 2522 809 metus
2550 762 2634 807 est
2681 761 2861 808 mutus
2906 753 3128 808 interior
3177 754 3343 809 animi
3376 756 3607 818 subitus,

2012 842 2127 897 sive
2155 841 2356 907 cordis,
2386 841 2559 896 factus
2588 855 2652 895 ex
2694 842 2870 909 aliqua
2898 842 3036 897 tristi
3085 844 3478 901 recordatione.
3528 847 3617 902 Ti-

2015 947 2133 985 mor
2160 947 2287 987 vero
2314 942 2397 987 est
2422 934 2685 987 accedens
2715 932 2872 987 dolor
2909 933 3105 989 mentis
3136 936 3472 991 extrinsecus
3498 979 3513 1003 ,
3544 953 3609 991 ex

2014 1023 2189 1091 aliqua
2244 1022 2507 1077 accidenti
2554 1022 2862 1078 occasione.
2917 1022 3086 1079 Porro
3148 1024 3404 1080 timiditas
3444 1026 3609 1081 animi

2015 1116 2198 1169 vitium
2230 1114 2616 1185 sempiternum
2647 1125 2750 1170 est.
2783 1118 2914 1170 Nam
2976 1117 3156 1185 timor,
3211 1133 3306 1187 pro
3363 1129 3606 1188 tempore

2015 1214 2116 1260 est.
2155 1206 2338 1275 Itaque
2370 1206 2421 1260 in
2447 1206 2562 1261 viro
2597 1206 2724 1261 forti
2763 1208 3160 1279 estaliquando
3191 1210 3370 1276 timor,
3404 1210 3604 1266 timidi-

2019 1308 2101 1353 tas
2130 1316 2422 1370 nunquam.
2455 1301 2549 1356 Est
2598 1310 2775 1357 autem
2819 1313 2872 1358 et
2900 1303 3074 1360 bonus
3118 1305 3278 1360 timor
3306 1316 3360 1359 et
3411 1306 3602 1362 malus.

2019 1390 2191 1446 Malus
2238 1401 2342 1457 est,
2375 1406 2496 1447 cum
2538 1394 2848 1462 temporalia
2896 1394 3033 1450 bona
3084 1397 3314 1467 quisque
3344 1399 3441 1452 sibi
3484 1399 3610 1453 sub-

2021 1485 2158 1537 trahi
2189 1484 2548 1553 perhorrescit
2569 1486 2703 1558 [At.,
2733 1488 2967 1542 abstrahi
2993 1491 3340 1563 pertimescit]
3366 1509 3379 1556 ;
3414 1492 3607 1559 bonus,

2020 1591 2139 1630 cum
2167 1587 2366 1644 quanto
2411 1578 2534 1646 quis
2576 1577 2741 1633 Deum
2770 1580 3047 1636 ardentius
3080 1581 3271 1651 diligit,
3307 1593 3452 1638 tanta
3482 1599 3605 1639 eum

2020 1666 2330 1737 diligentius
2357 1668 2627 1725 offendere
2655 1671 3001 1739 pertimescit.
3050 1672 3183 1727 Nam
3215 1676 3403 1729 timere
3444 1675 3611 1731 inter-

391 1772 519 1829 205.
560 1774 707 1830 Inter
735 1776 951 1831 Ebrium
976 1781 1034 1830 et
1059 1772 1333 1827 ebriosum.
1360 1771 1555 1825 Ebrius
1595 1770 1660 1823 ad
1704 1778 1912 1837 tempus

2024 1755 2143 1811 dum
2178 1758 2503 1847 prodesthet
2529 1757 2705 1825 decet,
2747 1775 2842 1830 pro
2887 1760 3143 1831 qualitate
3196 1773 3493 1834 temporum
3525 1775 3609 1821 at-

325 1865 551 1918 multum
588 1865 744 1937 bibit,
779 1867 1025 1922 ebriosus
1054 1878 1269 1933 semper
1303 1863 1525 1915 multum
1555 1862 1706 1917 bibit.

392 1917 1043 2025 aetheriam}:
1066 1917 1274 2023 equum.
1301 1955 1509 2047 Equus:
1536 1953 1676 2047 εμεςει
1701 1917 1985 2047 citing";

323 2049 462 2115 mal,
496 2065 589 2119 per
635 2067 663 2103 e
691 2061 745 2106 et
783 2069 838 2105 u.
883 2051 995 2105 sola
1040 2043 1426 2129 scribendum}.
1451 2037 1991 2129 thd'ivet’o-pro"

275 2204 279 2209 η
319 2142 463 2211 justo
486 2142 735 2197 scribitur
779 2141 895 2214 [F.,
920 2138 1201 2211 accipitur]
1239 2122 1405 2208 pergat
1424 2122 1800 2207 diphthongon
1824 2150 1923 2221 ge-

323 2232 519 2287 minata
542 2250 577 2287 u
604 2250 639 2289 ιι
661 2243 743 2290 εει
772 2233 1135 2290 scribendum.
1273 2302 1288 2307 Α
1353 2290 1404 2307 ,μ
1455 2268 1547 2307 ,εκ
1571 2254 1593 2295 '.
1615 2240 1661 2307 ,ἶ
1686 2224 1829 2307 ’,

931 2325 1010 2379 De
1045 2323 1217 2377 littera
1257 2300 1428 2404 ’Ξ
1450 2300 1552 2404 ἓξ
1696 2301 1778 2366 ..ζ
1812 2300 1865 2349 Ζ.

392 2413 520 2469 207.
563 2413 706 2469 Inter
735 2413 970 2469 Fidelem
1014 2421 1070 2468 et
1098 2394 1310 2481 ﬁdum-5
1335 2394 1521 2465 Fidus'
1542 2409 1746 2464 amicus
1788 2408 1923 2464 dici-

323 2513 432 2571 tur,
461 2505 634 2560 fidelis
663 2502 911 2559 famulus.
950 2503 1079 2557 Item
1108 2501 1337 2557 inﬁdelis
1360 2510 1441 2556 est
1464 2502 1555 2572 qui
1585 2510 1733 2555 caret
1759 2499 1924 2554 drmi-

323 2601 465 2656 tate,
499 2594 714 2660 inﬁdus,
743 2595 833 2664 qui
865 2593 990 2648 ﬁde.

393 2684 521 2739 208.
574 2685 717 2740 Inter
765 2683 1045 2740 Famosum
1091 2694 1145 2741 et
1198 2686 1465 2755 infamem.
1510 2683 1771 2739 Famosus
1814 2689 1919 2743 est,

321 2774 391 2830 de
417 2791 519 2845 quo
543 2777 680 2830 fama
708 2776 939 2846 loquitur
967 2791 1064 2831 seu
1086 2778 1224 2833 bene
1250 2792 1343 2832 seu
1372 2777 1531 2843 diale,
1564 2776 1775 2831 infamis
1798 2792 1925 2832 vero

324 2876 529 2922 tantutn
560 2869 715 2923 malae
746 2868 902 2924 famae
930 2878 1036 2925 est.

392 2959 518 3013 209.
562 2960 702 3017 Inter
731 2958 977 3016 Ferocem
1014 2970 1068 3017 et
1106 2962 1294 3032 ferum.
1346 2962 1519 3018 Ferox
1564 2961 1763 3016 dicitur
1808 2964 1924 3016 ani-

323 3065 465 3117 mus,
493 3050 635 3106 ferus
663 3052 767 3108 leo.

1632 2222 1873 2255 .-.ιδῗ

1686 2250 1702 2261 ν
1742 2250 1755 2253 ⁷
1862 2252 1875 2260 ι.

2026 1864 2131 1942 «ιειε
2163 1838 2471 1944 (item

2016 1934 2225 2047 £32152
2243 1934 2424 2016 Ξἴτιιῖξι·
2445 1953 2675 2017 Facinus
2702 1974 2755 2019 et
2782 1967 3039 2035 flagitium
3084 1967 3154 2021 ita
3178 1968 3386 2023 videtur
3418 1970 3607 2026 distin-

2024 2067 2187 2121 guere
2218 2053 2882 2135 Augustimts,-Quidquid
2908 2060 3062 2125 enim,
3093 2059 3285 2128 inquit,
3318 2063 3423 2132 agit
3460 2065 3610 2118 indo-

1972 2184 1983 2193 κ
2024 2141 2157 2194 mita
2181 2128 3029 2225 ἐξιρἐίιιέαξῖὠνηιηιρεηάωη
3081 2150 3308 2203 animum
3337 2128 3383 2203 et
3429 2168 3613 2223 car-pus

2028 2222 2546 2311 εαιιὶηξᾚξιῷιὶἇιη-
2583 2246 2828 2303 vocatur,
2883 2238 3134 2307 quidquid
3198 2257 3314 2295 vero
3382 2245 3486 2313 agit
3520 2222 3526 2223 ⁷
3556 2255 3612 2300 ut

2025 2324 2174 2377 alteri
2199 2336 2398 2391 noceat,
2426 2326 2617 2380 dicitur
2664 2328 2882 2397 facinus.
2916 2328 2981 2381 Et
3026 2330 3133 2382 hac
3163 2331 3265 2385 duo
3287 2349 3471 2402 genera
3493 2344 3611 2388 sunt

2027 2418 2254 2466 omnium
2306 2414 2441 2485 [AI.,
2491 2410 2772 2487 hominum]
2833 2426 3174 2486 peccatorum.
3242 2419 3349 2474 Sed
3412 2424 3611 2491 ﬂagitia

2025 2506 2200 2575 priora
2227 2516 2369 2571 sunt,
2393 2521 2508 2574 qute
2531 2522 2648 2560 cum
2672 2508 2991 2575 corruperint
3017 2511 3245 2564 animum
3283 2512 3337 2565 in
3383 2514 3615 2583 facinora

2027 2599 2320 2664 prosiliunt.

2098 2700 2206 2769 29
2222 2697 2349 2754 216.
2372 2699 2511 2755 Inter
2531 2696 2871 2754 Phantasiam
2897 2707 2952 2756 et
2971 2700 3300 2771 phantasma.
3328 2700 3611 2758 Phantasia

2027 2799 2107 2845 est
2130 2792 2303 2859 imago
2332 2791 2558 2860 alicujus
2576 2792 2817 2861 corporis
2837 2791 2973 2859 visa,
2993 2792 3338 2861 etcogitando
3358 2804 3540 2863 postea
3564 2796 3613 2848 in

2026 2881 2205 2935 animo
2236 2881 2477 2950 ﬁgurata,
2508 2888 2565 2935 ut
2594 2889 2744 2951 puta,
2769 2882 2850 2935 avi
2883 2882 2966 2936 vel
3000 2883 3165 2952 patris
3197 2885 3426 2953 species,
3460 2901 3615 2953 quem

2026 2971 2314 3041 aliquando
2350 2972 2602 3039 vidimus,
2637 2986 2701 3027 ac
2731 2972 2857 3026 dum
2899 2974 3189 3044 cogitando
3227 2989 3613 3040 memoramus,

2029 3062 2360 3132 phantasiam
2392 3062 2645 3118 dicimus.
2681 3063 3000 3118 Phantasma
3031 3078 3160 3120 vero
3186 3074 3353 3120 estex
3387 3066 3617 3136 imagine

394 3140 522 3197 210.
557 3142 696 3196 Inter
719 3140 986 3197 Fatiacem
1008 3152 1060 3198 et
1080 3146 1393 3199 mendacem.
1422 3145 1612 3200 Omnis
1640 3146 1800 3200 homo
1826 3146 1920 3201 fal-
1948 3157 1994 3217 ο
2026 3156 2260 3226 cognita,
2307 3154 2506 3225 aliqua,
2553 3169 2712 3225 quam
2757 3156 3013 3222 vidimus,
3055 3156 3231 3226 imago
3273 3158 3516 3224 formata,
3564 3168 3621 3212 ut

323 3230 408 3286 Iax
431 3231 482 3287 id
513 3232 640 3302 agit,
665 3234 773 3305 28
795 3234 934 3289 unde
957 3234 1181 3304 quisque
1204 3235 1447 3302 fallatur;
1473 3250 1577 3289 non
1606 3246 1784 3289 autem
1807 3252 1921 3289 om-

324 3324 407 3378 nis
436 3326 547 3377 vult
571 3324 757 3381 fallere
781 3328 869 3397 qui
894 3328 1166 3382 mentitur.
1193 3328 1344 3384 Sicut
1369 3330 1517 3383 mimi
1548 3338 1603 3385 et
1622 3332 1923 3395 commdiae,

324 3426 380 3471 et
407 3418 574 3473 multa
606 3429 872 3488 poemata,
918 3420 1007 3474 ubi
1036 3421 1373 3477 mendacium
1400 3422 1702 3477 delectandi
1750 3424 1927 3492 potius

324 3510 502 3565 studio
518 3527 674 3580 quam
694 3511 908 3567 fallendi
929 3516 1202 3569 voluntate
1215 3515 1484 3570 scribitur.
1517 3515 1647 3570 Nam
1670 3525 1927 3571 etomnes

327 3601 442 3657 fere
456 3603 541 3669 qui
558 3606 805 3668 jocantur
824 3604 955 3674 ML,
975 3620 1109 3674 pene
1124 3608 1212 3675 qui
1233 3606 1560 3678 loquuntur],
1581 3609 1925 3662 mentiuntur.

397 3693 525 3748 211.
570 3693 713 3749 Inter
764 3692 1038 3749 Furtatunt
1106 3706 1163 3751 et
1208 3699 1480 3767 furiosum.
1542 3698 1798 3753 Furiosus
1848 3710 1932 3754 est

329 3785 418 3856 qui
461 3784 693 3842 ferarum
725 3787 829 3842 ritu
857 3788 1044 3854 fertur,
1080 3800 1135 3845 et
1164 3790 1232 3845 ab
1270 3806 1335 3846 en
1362 3791 1512 3845 furor
1542 3806 1811 3861 nunquam
1846 3806 1930 3846 re-

329 3883 491 3950 cedit,
540 3883 759 3939 furiatus
786 3886 877 3955 qui
904 3884 1029 3940 furit
1053 3901 1117 3942 ex
1146 3902 1327 3943 causa.

400 3977 526 4031 212.
573 3977 717 4034 Inter
750 3976 1046 4044 Furiosum,
1093 3980 1339 4047 furentem
1372 3978 1506 4050 [Al.,
1558 3978 1848 4050 furientem]
1878 3988 1931 4034 et

330 4070 538 4122 iratum.
591 4068 844 4124 Furiosus
900 4081 981 4125 est
1045 4070 1226 4137 corde,
1284 4072 1463 4126 furens
1512 4071 1644 4142 [Al.,
1702 4070 1930 4142 furtens]

330 4173 513 4226 causa,
554 4158 721 4215 iratus
752 4161 963 4214 merito.

338 4296 343 4303 .
401 4250 532 4308 215.
571 4247 711 4305 Inter
736 4249 1079 4305 Ferocitatem
1106 4262 1160 4308 et
1190 4252 1463 4320 feritatem.
1494 4252 1769 4307 Ferocitas
1788 4268 1933 4321 saepe

336 4342 481 4396 laudi
513 4342 757 4399 habetur.
794 4343 889 4397 Est
929 4345 1070 4398 enim
1120 4344 1374 4399 ferocitas
1404 4346 1653 4408 militum,
1697 4356 1751 4400 et
1778 4345 1931 4400 ferox

335 4433 590 4503 juventus
616 4433 831 4489 dicitur.
868 4435 1074 4490 Feritas
1108 4448 1283 4490 autem
1317 4437 1466 4491 dirus
1495 4439 1656 4491 animi
1691 4438 1927 4492 habitus.

409 4523 537 4579 214.
584 4524 726 4580 Inter
758 4526 1139 4596 Formidinem,
1163 4544 1424 4599 pavorem,
1475 4541 1529 4583 et
1560 4538 1762 4594 metum,
1813 4531 1929 4584 sive

341 4687 458 4740 dice
488 4685 741 4740 Vaticano
770 4670 930 4741 5521.
958 4688 1205 4741 Barthius
1236 4704 1352 4743 eam
1390 4688 1590 4756 reperit
1614 4691 1667 4742 in
1697 4704 1791 4745 sua
1825 4694 1924 4751 Cn-

342 4757 481 4819 dice,
511 4758 598 4810 ubi
624 4768 737 4811 erat
760 4775 946 4826 magna
972 4759 1378 4829 cudi/ferentia,
1404 4769 1459 4813 ut
1489 4762 1560 4812 ait
1591 4759 1808 4814 Orenius
1829 4762 1929 4829 ρή-

340 4844 425 4881 ma
449 4838 554 4882 etc.
588 4829 834 4896 Conjicit,
861 4838 914 4881 ut
938 4830 1007 4879 ait
1044 4828 1343 4883 Herennius.
1373 4833 1576 4885 sciliCet
1608 4828 1928 4884 Mmlestinus

342 4899 471 4962 10.;
500 4908 555 4953 et
575 4914 720 4958 mox,
748 4901 817 4952 ita
846 4901 896 4951 in
920 4898 1139 4967 relegata
1160 4901 1202 4953 si
1234 4904 1417 4955 mentio
1441 4917 1539 4954 non
1570 4902 1625 4967 fit
1654 4901 1923 4965 bonorum,

345 4969 541 5021 homini
573 4970 753 5038 prosit,
786 4973 1052 5038 deportato
1080 4982 1276 5025 noceat.
1309 4974 1482 5025 Anev.

414 5038 543 5091 202.
578 5040 796 5094 Videtur
821 5056 885 5094 ex
926 5042 1102 5101 Serm,
1136 5042 1200 5093 ad
1234 5043 1361 5095 illud
1383 5058 1419 5096 ιι
1451 5042 1575 5096 lEn.
1611 5059 1623 5095 :
1665 5041 1769 5093 Vos
1798 5058 1922 5105 artr,

2029 3262 2176 3320 puta,
2209 3250 2417 3320 species
2444 3249 2527 3304 avi
2558 3264 2715 3320 quem
2741 3265 3008 3319 nunquam
3034 3250 3228 3305 vidisse
3251 3252 3617 3317 meminimus;

2028 3342 2121 3396 sed
2151 3350 2327 3395 tamen
2360 3340 2475 3411 ejus
2510 3341 2716 3411 Species
2744 3355 2851 3395 non
2884 3342 3162 3406 memoria,
3196 3344 3289 3398 sed
3323 3355 3467 3397 motu
3500 3345 3616 3398 ani-

2030 3432 2101 3485 mi
2150 3430 2427 3501 ﬁguratur.
2472 3431 2547 3486 De
2588 3431 2817 3501 cognitis
2860 3446 2987 3500 ergo
3028 3432 3309 3501 speciebus
3359 3435 3617 3488 memoria

2029 3521 2271 3586 collecta,
2306 3521 2586 3592 phantasia
2615 3532 2727 3587 est;
2778 3521 2846 3577 de
2877 3522 3160 3591 incognitis
3200 3524 3410 3593 species
3441 3526 3623 3579 animo

2033 3614 2276 3682 ﬁgurata,
2311 3612 2649 3681 phantasma.
2678 3612 2808 3667 Nam
2840 3612 3060 3683 ﬁgurata
3091 3613 3461 3683 phantasmata
3489 3615 3621 3670 nihil

2032 3707 2174 3762 aliud
2206 3715 2331 3761 sunt
2358 3721 2517 3777 quam
2559 3706 2627 3761 de
2665 3706 2845 3776 specie
2877 3706 3141 3775 corporis,
3172 3720 3431 3775 corporeo
3460 3721 3622 3762 sensu

2033 3798 2340 3863 abstracta;
2388 3796 2747 3866 ﬁgmentoque
2787 3796 3078 3864 memoria),
3124 3806 3181 3851 ut
3217 3806 3432 3867 accepta
3476 3810 3620 3869 sunt,

2034 3890 2115 3943 vel
2148 3890 2355 3958 partiri,
2389 3889 2473 3943 vel
2504 3888 2882 3958 multiplicare,
2918 3890 3001 3943 vel
3031 3889 3372 3952 contrahere,
3401 3890 3482 3943 vel
3512 3890 3625 3944 dis-

2036 3980 2278 4045 tendere,
2328 3980 2412 4034 vel
2441 3979 2712 4043 ordinare,
2752 3980 2836 4036 vel
2888 3981 3126 4045 turbare,
3165 3980 3249 4035 vel
3282 3980 3537 4050 quidlibet
3566 3981 3627 4034 fi-

2035 4085 2226 4139 gurare
2272 4070 2557 4139 cogitando
2609 4068 2913 4123 facillimum
2958 4080 3060 4135 est,
3112 4071 3227 4131 sed,
3279 4085 3398 4124 cum
3439 4086 3621 4124 verum

2035 4160 2311 4230 quaeritur,
2347 4174 2537 4214 cavere
2578 4168 2632 4214 et
2676 4161 2846 4216 vitare
2892 4161 3128 4217 difticile.
3171 4162 3300 4217 Item
3343 4162 3622 4232 phantasia

2036 4261 2118 4306 est
2140 4252 2529 4323 incognitarum
2557 4266 2733 4306 rerum
2761 4266 2827 4306 ex
2850 4252 3079 4322 cognitis
3106 4254 3437 4324 conjectura,
3460 4255 3625 4323 phan-

2038 4354 2205 4398 tasma
2232 4357 2363 4397 vero
2395 4357 2573 4396 rerum
2603 4343 2896 4413 incognitio
2927 4345 3282 4413 cognitarum.

2106 4435 2235 4488 217.
2268 4434 2409 4489 Inter
2438 4433 2715 4487 Fiduciam
2755 4443 2810 4489 et
2867 4435 3248 4502 confidentiam.
3309 4434 3524 4490 Fiducia
3576 4437 3627 4489 in

2040 4528 2196 4584 bonis
2220 4526 2402 4597 rebus,
2427 4527 2750 4584 confidentia
2781 4528 2832 4582 in
2863 4528 3017 4584 malis
3043 4537 3145 4583 est.

2033 4706 2129 4743 vus
2159 4704 2258 4760 pro
2303 4664 2557 4753 ablativo,
2584 4697 2642 4743 ut
2684 4704 2736 4743 tn
2787 4699 2923 4754 utor,
2975 4687 3203 4743 fortasse
3247 4687 3369 4741 ferri
3421 4695 3622 4757 posset.

2034 4764 2206 4818 Anev.

2094 4832 2222 4888 208.
2240 4831 2361 4886 Vid.
2387 4830 2553 4893 Νοιι..
2578 4830 2709 4885 dict.
2728 4828 2915 4884 Fama.

2102 4901 2232 4958 209.
2266 4903 2342 4956 Ex
2367 4901 2430 4960 C.
2483 4903 2773 4956 Frontone.

2102 4972 2227 5026 211.
2261 4972 2336 5027 Ex
2364 4974 2556 5036 Serv.,
2605 4971 2669 5027 ad
2706 4971 2834 5028 illud
2886 4986 2922 5024 ιι
2974 4966 3098 5023 Ain.
3137 4985 3150 5020 :

2038 5042 2312 5097 Cltorebus.

3204 4966 3422 5020 Furiata
3461 4977 3625 5020 mente

347 5126 586 5183 ensesque
616 5111 825 5179 nefandi
855 5128 948 5169 :—-
973 5109 1269 5165 Exsecratio
1291 5122 1362 5165 est
1383 5115 1712 5166 adversorum
1738 5100 1920 5182 depreo'
1958 5100 2010 5161 Ι)
2109 5112 2245 5166 Ibid.
2273 5114 2373 5180 Qui
2407 5114 2557 5183 fuerit
2583 5128 2646 5167 ea:
2674 5106 3288 5183 causa,rscilicet,_qtti_a,
3315 5116 3374 5160 ut
3403 5106 3481 5183 ait
3504 5105 3629 5159 Bar-

350 5180 520 5254 catiol'
541 5182 909 5254 jusjurandum
938 5198 1055 5235 vero
1082 5191 1258 5254 aptare
1279 5199 1545 5254 prospera.

418 5248 549 5302 205.
582 5251 653 5303 Ex
684 5252 744 5304 Ο.
796 5252 1098 5306 Frontone:
1132 5248 1499 5322 Expertus'est
1528 5254 1722 5321 aliquid
1752 5263 1838 5308 aut
1884 5254 1935 5305 in

350 5318 489 5395 bon_a_
505 5331 666 5395 parte,
691 5330 778 5395 aut
822 5323 872 5374 in
895 5323 1070 5389 mala;
1100 5318 1419 5395 experrectus
1468 5325 1531 5377 de
1555 5318 1753 5378 somno.

425 5390 552 5445 206.
584 5390 828 5444 Inuuitur
855 5404 1004 5447 vetus
1033 5390 1455 5449 mns'scribendi
1486 5412 1628 5463 ecus,
1661 5406 1713 5449 et
1739 5393 1932 5449 deinde

352 5478 472 5531 equs
503 5477 598 5527 pro
626 5478 805 5530 equus,
835 5471 891 5515 ut
916 5464 991 5532 qis
1025 5480 1117 5531 pro
1146 5468 1276 5530 quis,
1302 5476 1406 5525 etc,
1440 5470 1606 5518 AREV.

356 5533 548 5661 Ph207.
588 5534 666 5588 Ex
710 5534 1091 5603 interpretibus
1142 5535 1395 5603 Terentii,
1440 5547 1544 5590 act.
1580 5549 1616 5599 I,
1672 5549 1822 5590 scen.
1852 5533 1887 5586 2
1914 5574 1929 5601 ,

440 5620 576 5660 orm.

440 5620 576 5660 orm.

429 5675 566 5729 Ibid.
606 5674 751 5733 νει..
773 5672 862 5745 qui
888 5683 1027 5728 caret
1050 5674 1417 5741 inﬁrmitatem,
1449 5676 1583 5743 fidus
1606 5717 1618 5737 ,
1643 5677 1731 5745 qui
1758 5675 1931 5743 ﬁdem.

358 5744 606 5805 Meudtuu
633 5759 714 5803 est
738 5744 1087 5815 inﬁrmitatem
1112 5761 1207 5815 pro
1231 5748 1472 5812 ﬁrmitate
1488 5763 1509 5813 ;
1550 5744 1936 5802 setl'accusati-

2042 5184 2204 5246 thius.
2234 5178 2458 5238 fariatur
2487 5184 2570 5237 cui
2597 5183 2797 5237 Stimuli
2816 5182 2879 5236 ad
2905 5184 3035 5235 iram
3058 5178 3431 5247 subjiciuntur.
3456 5178 3628 5229 Aasv.

2110 5255 2235 5309 212.
2286 5253 2531 5309 Iratus...
2576 5255 2653 5309 Ex
2712 5248 3392 5320 interpretibusﬁ'l‘erentii,
3451 5256 3555 5301 act.
3589 5262 3627 5310 ι,

2039 5341 2190 5381 scen.
2223 5327 2276 5389 I,
2311 5326 2475 5389 And.,
2505 5334 2560 5379 et
2588 5333 2693 5377 act.
2726 5340 2799 5385 III,
2832 5319 2980 5376 seen.
3014 5320 3065 5383 I,
3094 5319 3333 5389 Hecyra».

2108 5395 2237 5452 216.
2265 5386 2507 5449 Breviter
2540 5396 2654 5447 haec
2685 5397 2734 5447 in
2759 5393 2958 5448 Codice
2981 5386 3232 5443 Vaticano
3262 5386 3397 5441 352i
3438 5404 3451 5443 :
3491 5387 3633 5441 Inter

2042 5467 2314 5536 phantasia
2363 5477 2410 5519 et
2459 5466 2763 5534 phantasma
2782 5464 2906 5536 quid
2942 5461 3191 5536 interest?
3229 5459 3513 5536 Phantasia
3556 5460 3634 5510 in-

2044 5530 2363 5607 cognitarum
2387 5530 2561 5589 rerum
2590 5550 2652 5588 ea:
2678 5530 2896 5604 cognitis
2934 5534 3267 5602 conjectura;
3324 5530 3632 5599 phantasma

2044 5625 2211 5661 rerum
2239 5608 2523 5677 incognitio
2553 5607 2898 5677 cognitarttnt.
2930 5607 3101 5677 Anev.
3190 5673 3201 5677 Α
3263 5672 3283 5677 _
3310 5672 3320 5677 _
3394 5672 3405 5677 _
3604 5667 3613 5677 .

2114 5680 2241 5733 217.
2259 5678 2334 5733 Ex
2353 5672 2757 5745 Serv.,adil!ud
2792 5690 2805 5729 I
2830 5674 2987 5733 Ain:
3019 5672 3225 5729 Generis
3246 5672 3439 5741 ﬁducia
3464 5672 3632 5724 vestri.
