4104 6172
509 282 581 338 55
1722 267 2332 325 DIFFERENTIAIIUM
2376 268 2502 322 LIB.
2546 269 2585 325 Ι.
3723 277 3793 333 51

576 394 702 450 218.
736 390 876 447 Inter
908 388 1126 443 Famam
1154 397 1207 441 et
1232 385 1472 458 gloriam.
1504 384 1681 440 Gloria
1706 387 1900 455 quippe
1930 384 2097 438 virtu-
2123 394 2179 454 Α
2201 395 2411 452 crymas
2435 383 2680 447 fundere,
2705 385 2854 453 quasi
2886 384 3072 450 fluere,
3117 385 3328 454 plorare
3366 396 3449 441 est
3474 388 3624 456 quasi
3672 403 3796 445 cum

510 497 623 541 tum
665 492 769 549 est,
816 482 953 536 fama
988 494 1120 534 vero
1163 478 1431 533 vitiorum.
1489 477 1696 531 Ennius
1740 479 1794 530 in
1842 477 2099 531 Achille:

510 578 779 631 Summam
810 584 863 626 tu
899 574 988 625 tibi
1028 587 1119 641 pro
1153 570 1288 623 mala
1316 570 1418 623 vita
1448 569 1638 638 famam
1670 571 1901 634 extolles,
1932 578 1978 622 et
2011 585 2102 638 pro

507 670 641 723 bona
662 675 898 735 paratam
928 665 1166 736 gloriam.
1193 662 1327 735 [Al.,
1347 671 1531 731 parata
1551 660 1831 733 gloria]...;
1862 662 2099 716 malevo-

508 762 680 815 lentes
718 755 921 830 [Fort.,
965 757 1102 809 male
1148 753 1408 825 viventes]
1453 754 1596 809 enim
1648 753 1841 807 famam
1882 754 2099 820 tollunt,

510 851 889 906 benevolentes
920 845 1120 913 [Fort.,
1152 847 1290 901 bene
1321 844 1585 915 viventes]
1616 846 1858 916 gloriam.

575 940 704 996 2l9.
738 940 881 995 Inter
915 937 1106 991 Fatum
1145 944 1197 990 et
1238 937 1495 1005 fortunam
1534 938 1721 1004 pagani
1772 938 1844 991 ita
1883 952 2103 1007 separa-

506 1029 673 1083 bant:
706 1025 846 1095 quod
889 1025 1032 1079 enim
1073 1022 1292 1076 fortuitu
1333 1022 1497 1089 venit,
1524 1022 1664 1075 nulla
1706 1022 1879 1087 palam
1918 1037 2099 1088 causa,

507 1123 776 1175 fortunam
809 1116 1109 1180 vocabant,
1146 1113 1310 1168 fatum
1349 1129 1483 1169 vero
1515 1113 1768 1183 quidquid
1799 1115 2099 1184 appositum

507 1213 753 1280 singulis,
802 1218 857 1264 et
895 1217 1147 1262 statutum
1176 1217 1330 1269 erat,
1373 1214 1429 1259 ut
1469 1217 1592 1275 puta
1619 1249 1631 1267 ,
1691 1207 1779 1261 fati
1811 1222 1932 1262 esse
1958 1207 2102 1262 dire-

505 1306 637 1357 bant
667 1300 807 1371 quod
840 1299 1131 1363 nascimur,
1160 1296 1301 1365 quod
1333 1297 1663 1359 occidimus;
1690 1298 1915 1353 fortnnre
1947 1299 2103 1368 quid—

505 1394 633 1464 quid
659 1394 714 1447 in
741 1392 849 1446 vita
878 1389 1159 1443 varietatis
1196 1388 1391 1443 accidit
1422 1387 1554 1459 [Al.,
1584 1386 1883 1458 occiderit].

576 1485 700 1539 220.
730 1484 869 1538 Inter
895 1478 1203 1534 Falsitatem
1241 1487 1298 1533 et
1330 1478 1667 1532 mendacium.
1714 1478 1921 1547 Negare
1958 1478 2101 1547 quod

505 1592 691 1631 verum
724 1576 857 1647 [Αι.,
885 1571 1032 1643 vere]
1062 1580 1164 1637 est,
1195 1570 1401 1625 falsitas
1441 1580 1548 1636 est,
1582 1569 1783 1639 ﬁngere
1818 1570 1958 1633 quod
2007 1588 2099 1623 ve-

503 1683 622 1722 rum
654 1664 788 1736 [Al.,
819 1661 966 1733 vere]
990 1676 1094 1716 non
1122 1669 1225 1726 est,
1249 1659 1585 1715 mendacium
1610 1668 1713 1715 εει.
1744 1659 1893 1715 Unde
1915 1661 2022 1729 3o
2048 1668 2103 1713 et

2208 489 2341 529 voce
2384 475 2547 540 flere,
2576 476 2859 545 plangere,
2908 490 3029 531 cum
3060 476 3313 549 lacrymis
3358 487 3545 547 pectus
3575 489 3665 535 aut
3717 481 3796 535 fa-

2203 564 2338 619 ciem
2384 566 2625 621 tundere.
2674 566 2998 632 Lamentari,
3039 576 3123 624 est
3164 584 3285 624 cum
3332 570 3599 640 aliquibus
3636 572 3798 629 dictis

2206 655 2597 711 miserabilibus
2646 656 2795 711 flere.
2845 658 3109 722 Manere,
3156 673 3278 713 cum
3321 660 3534 716 silentio
3586 662 3793 719 dolere.

2205 746 2410 816 Lugere
2432 757 2513 802 cst
2539 763 2659 801 cum
2694 748 2900 803 habitus
2933 750 3247 806 mutatione.
3282 752 3573 822 Lacryinas
3615 766 3794 811 au‘etn

2203 849 2232 887 a
2281 836 2606 891 laceratione
2649 837 2844 890 mentis
2895 838 3084 891 dictas.
3130 837 3403 909 Lugentes
3445 857 3572 898 vero
3627 846 3796 910 dicti,

2203 927 2352 994 quasi
2408 927 2523 982 luce
2574 936 2824 998 egentes,
2882 928 3023 983 unde
3078 940 3131 983 et
3183 930 3355 985 luctus
3407 931 3548 1003 HK,
3598 934 3794 1006 lucus}

2203 1018 2417 1073 dicitur.

2273 1109 2377 1179 31
2408 1108 2531 1163 228.
2572 1109 2711 1164 lntcr
2759 1108 2963 1164 Fodere
2987 1121 3041 1165 et
3071 1111 3309 1176 effodere.
3338 1113 3542 1169 Fodere
3571 1126 3654 1170 est
3678 1128 3794 1170 tan-

2206 1209 2317 1254 tum
2345 1200 2637 1256 sollicitare
2672 1214 2867 1256 terram
2889 1244 2903 1264 .
2928 1203 3183 1268 effodere,
3217 1205 3315 1259 hoc
3345 1206 3515 1273 ipsum
3547 1209 3793 1264 faciendo

2203 1312 2393 1353 eruere
2421 1297 2639 1367 aliquid,
2672 1298 2753 1352 vel
2795 1298 3060 1363 invenire,
3101 1300 3184 1353 cui
3228 1302 3549 1355 contrarium
3585 1311 3670 1357 est
3706 1302 3793 1358 in-

2204 1386 2407 1443 fodere.

2272 1483 2399 1537 229.
2428 1482 2569 1536 Inter
2614 1481 2882 1535 Famulari
2922 1492 2975 1536 ct
3011 1481 3239 1551 obsequi.
3273 1480 3537 1538 Famulari
3576 1493 3659 1540 est
3695 1483 3791 1541 de-

2203 1572 2295 1625 biti
2319 1590 2332 1638 ;
2367 1572 2609 1641 obsequi,
2636 1571 2923 1625 voluntatis
2949 1572 3181 1640 proprie.

2271 1663 2402 1719 250.
2454 1663 2595 1717 Inter
2626 1661 2896 1731 Flagitare
2933 1670 2988 1716 et
3031 1661 3313 1731 ﬂagitiare.
3353 1660 3504 1725 Quod
3555 1662 3794 1731 ﬂagitare

500 1761 671 1816 Cato:
703 1759 806 1825 Tu,
829 1759 1065 1826 inquam,
1089 1755 1134 1809 si
1154 1770 1329 1809 verum
1358 1753 1632 1823 supprimis
1657 1750 1789 1825 [Al.,
1814 1768 1932 1806 vera
1959 1752 2100 1805 nobis
2137 1779 2178 1837 Β
2207 1755 2348 1809 idem
2376 1764 2458 1809 est
2501 1754 2641 1824 quod
2705 1753 2901 1811 acriter
2962 1751 3324 1820 interpellare,
3362 1751 3622 1821 flagitiare
3663 1769 3791 1807 vero

501 1850 819 1923 supprimis],
869 1849 1112 1917 falsarios
1171 1848 1493 1917 agnosccris;
1541 1847 1586 1897 si
1641 1845 1773 1913 falsa
1822 1843 2098 1914 oon/iugis,

502 1945 726 1998 mendax
750 1958 859 2006 esse
887 1940 1074 1995 uideris
1101 1936 1238 2010 [Al.,
1262 1933 1625 2005 judicaberis].

572 2033 701 2087 22L
740 2033 882 2085 Inter
909 2028 1129 2083 Falsum
1158 2036 1212 2081 et
1263 2026 1456 2094 ﬁctum.
1509 2023 1724 2079 Falsum
1754 2022 1821 2079 ad
1854 2034 2100 2079 oratores

500 2124 759 2195 pertinet,
792 2121 882 2175 ubi
917 2119 1119 2175 veritas
1158 2131 1302 2186 stupe
1347 2115 1415 2169 ita
1449 2114 1667 2181 luditur,
1711 2124 1771 2170 ut
1806 2131 1926 2184 qua:
1962 2112 2101 2170 facta

498 2228 621 2271 sunt
657 2222 957 2284 negentur;
993 2212 1174 2265 ﬁctum
1207 2224 1336 2263 vero
1364 2207 1429 2262 ad
1460 2217 1667 2277 poetas.
1700 2208 1788 2261 ubi
1812 2224 1932 2278 qua:
1962 2208 2098 2263 facta

500 2325 608 2362 non
636 2315 763 2362 sunt
793 2306 927 2361 facta
950 2306 1217 2361 dicuntur.
1246 2304 1458 2359 Falsum
1487 2313 1571 2360 est
1593 2319 1719 2373 ergo
1744 2304 1888 2373 quod
1911 2319 2097 2360 verum

501 2417 606 2454 non
636 2409 753 2463 est;
791 2398 972 2452 ﬁctum
1001 2396 1141 2466 quod
1169 2404 1370 2450 tantum
1402 2395 1696 2449 verisimile
1722 2403 1827 2449 est.

575 2492 701 2546 222.
764 2493 910 2546 Inter
960 2490 1205 2544 Fertilem
1248 2498 1303 2543 et
1346 2489 1685 2558 fructuosum.
1736 2486 1974 2553 Fertilis,
2016 2494 2097 2542 est

501 2600 664 2655 agor;
698 2584 1049 2649 fructuosum,
1080 2580 1222 2652 quod
1250 2581 1441 2649 cuique
1485 2579 1857 2647 compendium
1884 2590 1987 2634 et.

574 2674 701 2729 225.
764 2675 905 2729 Inter
971 2671 1271 2727 Frondeum
1311 2682 1365 2727 et
1415 2672 1735 2742 frondosum.
1791 2671 2093 2726 Frondeum

499 2778 581 2823 est
610 2777 780 2821 totum
816 2766 1013 2821 factum
1045 2765 1114 2819 de
1146 2762 1444 2829 frondibus,
1488 2773 1545 2817 ut
1588 2773 1769 2828 torus,
1812 2761 2096 2817 frondosus

500 2875 630 2915 vero
686 2866 770 2913 est
823 2858 971 2913 locus
1024 2856 1156 2929 [Al.,
1207 2854 1417 2927 lucus].
1470 2854 1617 2910 Licet
1673 2855 1815 2911 enim
1863 2854 2096 2909 abundet

499 2951 801 3015 frondibus,
858 2965 963 3005 non
1023 2961 1199 3003 tamen
1251 2958 1334 3003 est
1375 2947 1443 3002 de
1484 2946 1766 3001 frondibus
1813 2957 1971 3001 totus.
2003 2946 2096 3001 Sic

499 3055 558 3101 et
577 3042 937 3115 gramineum,
962 3051 1017 3097 et
1034 3041 1399 3112 graminosum
1425 3039 1559 3111 [Al.,
1583 3039 1879 3111 germinem
1901 3049 1954 3094 et
1974 3054 2094 3107 ger-

498 3132 817 3205 ntittosum].

570 3244 699 3299 2'24.
733 3244 873 3298 Inter
908 3241 1076 3297 Flecti
1102 3252 1159 3297 et
1200 3243 1424 3313 deﬂecti.
1479 3241 1642 3297 Flecti
1675 3250 1757 3297 est
1788 3250 1931 3296 retro
1962 3240 2096 3314 μι..

500 3354 531 3393 a
563 3336 737 3407 recto]
759 3346 813 3391 et
841 3337 895 3390 in
925 3336 1225 3406 proximum
1248 3378 1263 3401 ,
1302 3335 1516 3391 deflecti
1548 3349 1676 3390 vero
1706 3335 1917 3404 longius
1966 3344 2019 3389 et
2047 3335 2098 3387 in

498 3429 740 3483 devium.

572 3519 703 3573 225.
721 3519 868 3573 Inter
900 3517 1032 3571 Frui
1054 3526 1107 3572 et
1136 3518 1213 3571 uti
1237 3518 1352 3572 lucc
1373 3515 1646 3572 diStinctio
1672 3523 1773 3571 est.
1797 3515 1949 3583 Quod
1973 3514 2101 3570 frui-

503 3628 625 3666 mur
653 3626 759 3681 qno
792 3624 1127 3680 nequaquam
1157 3624 1345 3665 carere
1391 3624 1715 3680 possumus;
1758 3609 1956 3663 utimur
1981 3624 2099 3679 qum

502 3702 792 3771 aliquando
824 3717 923 3757 nec
948 3716 1163 3769 semper
1195 3701 1474 3756 habemus.
1512 3701 1589 3756 Ac
1619 3714 1714 3771 per
1745 3700 1845 3757 hoc
1869 3701 1941 3756 uti
1965 3709 2099 3757 tem-

506 3794 692 3863 porale
721 3802 823 3860 est,
859 3792 961 3846 frui
992 3807 1122 3845 vero
1153 3801 1433 3846 aeternum.

574 3884 701 3937 226.
737 3885 879 3939 Inter
909 3883 1149 3937 Frcmere
1177 3893 1232 3938 et
1260 3884 1513 3951 frendere.
1545 3884 1797 3939 Fremere
1837 3894 1921 3940 est
1957 3885 2095 3941 furo-

505 3991 617 4030 rem
674 3976 901 4040 mentis,
954 3989 1121 4044 usque
1170 3975 1237 4029 ad
1288 3975 1436 4028 vocis
1486 3975 1768 4029 tumultum
1823 3977 2096 4043 enitare,

507 4066 753 4121 frendere
800 4080 930 4119 vero
982 4063 1229 4133 proprie,
1287 4063 1476 4117 dentes
1510 4064 1867 4132 comprimere
1894 4073 1948 4120 et
1972 4080 2100 4119 con-

505 4166 708 4211 rutere.
744 4156 895 4211 Unde
925 4155 1072 4209 frena
1111 4154 1275 4218 dicta,
1306 4155 1447 4223 quod
1473 4155 1585 4208 lucc
1613 4156 1732 4223 equi
1756 4152 2019 4221 frendant,
2049 4156 2097 4209 id

507 4260 606 4314 εει,
639 4260 882 4318 premant
929 4247 1080 4318 [Al.,
1126 4244 1468 4318 imprimam]
1519 4248 1770 4302 dentibus
1798 4289 1813 4312 ,
1858 4258 1910 4303 et
1955 4266 2101 4303 mor-

507 4344 689 4397 deant.
721 4342 855 4397 Hinc
893 4351 947 4396 et
970 4338 1216 4395 frenetici
1258 4338 1411 4404 dicti,
1449 4354 1515 4394 eo
1557 4338 1697 4408 quod
1743 4341 1934 4395 dentes
1970 4355 2102 4396 con-

507 4434 728 4488 Clllia'tl.

577 4526 705 4583 227.
740 4527 883 4584 Inter
914 4528 1069 4583 Flere
1108 4538 1164 4583 et
1202 4528 1421 4596 plorare.
1453 4526 1607 4583 Flere
1642 4536 1727 4583 est
1758 4528 1985 4582 ubertim
2024 4528 2101 4583 la-

2126 3154 2172 3216 C
2203 3164 2296 3218 ris.
2340 3161 2533 3217 Fluere
2580 3172 2757 3216 autem
2806 3161 2975 3215 tribus
3025 3160 3197 3215 modis
3233 3160 3463 3222 dicimus
3509 3176 3523 3213 :

2204 1855 2288 1900 est
2335 1846 2625 1914 impurare.

2273 1940 2401 1993 251.
2437 1938 2576 1991 Inter
2609 1936 2838 2008 Fugiunt
2866 1945 2922 1991 et
2952 1935 3256 2006 diffugiunt.
3305 1933 3533 2003 Fugiunt
3570 1933 3790 2002 pariter,

2203 2028 2487 2097 diffugiunt
2512 2028 2690 2084 divisi.

2270 2131 2395 2187 252.
2452 2130 2593 2184 Inter
2652 2127 2901 2181 Fatemur
2928 2136 2980 2180 ει
3008 2124 3327 2193 conﬁtemur.
3368 2122 3628 2177 Confiteri
3671 2135 3793 2191 pro-

2203 2224 2299 2294 prii
2327 2222 2533 2277 arbitrii
2565 2232 2682 2286 est;
2734 2235 2855 2274 nam
2888 2218 3056 2281 fateri,
3087 2216 3256 2271 Coacti
3303 2223 3385 2269 est
3426 2214 3625 2282 animi,
3684 2226 3793 2268 non

2203 2314 2495 2369 voluntatis
2524 2312 2633 2384 [ΑΙ.
2662 2311 2923 2381 profiteri,
2958 2310 3007 2363 id
3043 2306 3243 2379 est...].

2267 2406 2393 2460 255.
2420 2406 2565 2460 Inter
2592 2402 2821 2457 Fecisti?
2840 2412 2893 2457 et
2926 2401 3155 2468 nunquid
3202 2400 3402 2469 fecisti?
3433 2396 3787 2466 percontandi

2199 2498 2499 2553 differentia
2526 2508 2629 2551 est.
2662 2494 2794 2548 Nam
2824 2508 2932 2563 quo
2962 2493 3078 2548 loco
3112 2491 3357 2544 volumus
3388 2488 3542 2543 nobis
3566 2503 3792 2557 respon-

2199 2591 2313 2646 deri
2370 2590 2567 2644 faclum
2614 2603 2764 2651 esse,
2807 2587 2947 2655 quod
2993 2596 3075 2640 cst
3120 2587 3461 2653 imperatum,
3507 2582 3733 2636 dicimus
3774 2594 3797 2634 :

2134 2735 2139 2740 .
2200 2684 2435 2739 Fecisti?
2470 2684 2586 2750 Quo
2627 2682 2747 2736 loco
2786 2680 3035 2734 volumus
3075 2678 3279 2749 negari,
3324 2677 3427 2732 huc
3460 2675 3619 2731 modo
3654 2674 3793 2730 dici-

2199 2790 2318 2831 mus
2343 2794 2356 2830 :
2388 2773 2641 2845 Nunquid
2673 2774 2837 2844 fecisti
2858 2774 2881 2827 .’

2267 2888 2394 2942 251.
2428 2889 2566 2944 Inter
2599 2887 2745 2942 Fluit
2787 2898 2840 2942 et
2882 2888 3082 2955 defluit.
3135 2885 3274 2940 Fluit
3304 2885 3442 2955 quod
3478 2881 3793 2939 naturaliter

2198 2980 2455 3044 decurrit,
2501 2987 2559 3034 ut
2598 2980 2821 3043 humor,
2867 2979 3054 3033 defluit
3094 2986 3272 3031 autent
3314 2977 3453 3044 quod
3491 2985 3675 3037 astate,
3705 2974 3794 3029 vel

2201 3079 2463 3127 vetustate
2490 3071 2819 3137 dissolvitur,
2849 3080 2907 3124 ut
2935 3079 3063 3124 retas
3095 3068 3392 3136 hominum,
3426 3066 3607 3121 folium
3637 3065 3795 3120 arbo-

3570 3158 3795 3213 humore

2206 3268 2407 3318 rerum,
2466 3253 2613 3305 sanie
2636 3251 2899 3317 vivorum,
2934 3251 3053 3304 tabe
3085 3259 3439 3303 mortuorum.

2272 3341 2398 3395 255.
2433 3342 2573 3396 Inter
2604 3341 2863 3407 Funebre,
2892 3341 3178 3410 funereum,
3224 3350 3278 3393 ct
3304 3344 3581 3409 funestum.
3615 3338 3795 3394 Fune-

2202 3432 2320 3498 bre,
2350 3433 2686 3498 luctuosum;
2722 3432 3023 3497 funereum,
3055 3430 3195 3498 quod
3233 3446 3297 3484 ex
3331 3430 3519 3485 funere
3548 3439 3792 3498 constat;

2203 3527 2470 3583 funestum
2495 3540 2646 3593 vero,
2676 3523 2817 3595 quod
2846 3523 3032 3577 funere
3061 3522 3189 3594 [ΑΛ.
3221 3522 3272 3575 in
3312 3520 3522 3593 funere]
3552 3522 3797 3591 inquina-

2204 3629 2312 3674 tum
2345 3627 2446 3673 est.
2491 3616 2673 3685 Itaque
2711 3616 2955 3671 funestus
2984 3612 3215 3668 famulus
3245 3614 3463 3678 dicitur,
3496 3613 3581 3681 qui
3612 3612 3795 3681 aliquo

2202 3710 2387 3766 funere
2416 3709 2646 3777 pollutus
2674 3716 2780 3770 est,
2808 3721 2913 3776 quo
2942 3707 3117 3760 minus
3144 3720 3293 3758 sacra
3319 3719 3573 3774 peragere
3596 3711 3795 3772 potest.

2271 3799 2399 3855 256.
2434 3799 2579 3854 Inter
2601 3795 2742 3869 Frag
2754 3806 2833 3851 rat
2850 3806 2902 3852 et
2921 3798 3129 3867 flagrat.
3155 3796 3378 3865 Fragrat
3402 3810 3497 3863 per
3514 3811 3542 3846 r
3565 3795 3793 3849 litteram

2201 3891 2269 3945 ad
2299 3890 2519 3946 odorem
2574 3888 2835 3951 refertur;
2883 3887 3026 3956 pert
3067 3887 3133 3940 ad
3164 3887 3433 3940 flammam
3487 3895 3541 3940 et
3590 3886 3792 3956 ignem.

2204 3981 2333 4037 Nam
2390 3980 2604 4049 quando
2642 3977 2944 4032 incendium
2995 3977 3279 4046 signiﬁcat,
3330 3976 3473 4045 quod
3517 3975 3644 4031 ﬂatu
3690 3979 3795 4032 ali-

2204 4082 2308 4138 tur,
2341 4071 2487 4141 perl
2530 4069 2793 4135 dicimus;
2835 4078 2889 4124 et
2928 4069 3142 4137 quando
3189 4068 3432 4130 odorem,
3481 4069 3603 4139 quia
3631 4070 3796 4125 fracta

2205 4164 2335 4237 [Al.,
2369 4162 2461 4231 qui
2493 4178 2522 4216 a
2553 4158 2743 4231 fracta]
2790 4163 2972 4229 specie
3026 4161 3197 4229 major
3222 4169 3336 4227 cst,
3375 4177 3470 4229 per
3496 4179 3521 4214 r
3550 4162 3799 4218 enuntia-

2204 4264 2289 4309 tur
2320 4252 2450 4325 [Αι.,
2483 4250 2901 4321 pronuntiatur].

2272 4344 2399 4399 257.
2442 4343 2587 4397 Inter
2614 4340 2853 4397 Fratrem
2884 4352 2935 4397 et
2968 4359 3288 4412 germanum.
3352 4343 3567 4396 Fratres
3614 4342 3799 4395 dicun-

2207 4446 2311 4503 tur,
2343 4437 2429 4505 qui
2458 4450 2525 4491 ει
2554 4434 2744 4491 eodem
2777 4445 2926 4500 patre
2956 4444 3267 4499 nascuntur,
3300 4445 3350 4487 ct
3384 4450 3487 4486 non
3521 4451 3582 4486 ex
3607 4434 3795 4489 eadem

2212 4537 2401 4584 matre.
2429 4528 2528 4595 Qui
2560 4540 2690 4582 vero
2734 4526 2841 4597 32
2888 4541 2952 4580 ex
2980 4524 3168 4579 eodem
3202 4535 3350 4593 patre
3378 4534 3433 4578 ει
3460 4536 3629 4579 matre
3664 4526 3795 4595 [.4l.,

581 4687 705 4742 2I9.
742 4689 817 4743 Ex
848 4688 1001 4743 Serv.
1036 4699 1235 4754 mente,
1271 4687 1428 4743 adill.
1456 4704 1506 4742 tv
1534 4688 1661 4744 ιλΕη.
1682 4704 1698 4741 :
1723 4687 2099 4754 Quemdcderat
2130 4697 2184 4756 Ῑ)
2280 4717 2349 4727 -
2379 4685 2654 4753 Plangere.
2686 4683 2777 4740 Sic
2807 4692 2959 4740 vetus
2987 4683 3241 4756 glossam,
3276 4684 3630 4756 plangoribus.

511 4775 717 4831 cursum
742 4763 949 4827 fortuna
980 4761 1173 4831 peregi.

587 4828 718 4901 Ibid.
748 4831 833 4901 An
857 4846 956 4882 vox
992 4828 1158 4901 fatain
1185 4845 1213 4884 a
1242 4828 1567 4901 Christianis
1612 4828 1857 4901 adhiberi
1910 4830 2100 4895 possit,

514 4900 760 4954 nonnulli
812 4899 1059 4967 qttmrunt
1080 4942 1094 4959 .
1128 4900 1392 4956 catholico
1420 4914 1581 4955 sensu
1612 4913 1641 4953 a
1676 4899 1953 4968 plerisque
1982 4916 2099 4952 ram

510 4970 757 5024 adhiberi
790 4979 1020 5027 constat.
1051 4972 1225 5026 Anev.
1425 4976 1432 4983 '

581 5040 804 5162 221.2Ex
823 5041 1173 5110 interpretum
1194 5041 1431 5098 Terentii
1457 5050 1653 5108 mente,
1673 5052 1778 5099 act.
1796 5059 1811 5098 I
1829 5039 2098 5105 Eunuch.,

581 5126 661 5162 en.
736 5150 749 5162 .

510 5126 661 5165 scen.
694 5126 749 5163 2.

582 5180 970 5238 225.Εκ8ετν.
1000 5182 1158 5238 adill.
1194 5200 1230 5238 II
1257 5183 1422 5239 Em:
1459 5183 1684 5239 Nemora
1705 5183 1838 5238 inter
1860 5183 2100 5252 frondea;

516 5252 660 5307 unde
691 5252 838 5305 locus
862 5262 1015 5309 antea
1047 5255 1287 5318 mutilus,
1317 5256 1613 5310 restitutus.

594 5321 730 5375 Ibid.
764 5324 1017 5378 Pantinus
1056 5340 1119 5378 ex
1149 5327 1295 5378 varia
1326 5325 1555 5380 lectione
1583 5333 1727 5378 notat
1760 5323 1924 5386 locus,
1956 5322 2098 5389 quod

516 5392 690 5460 ipsum
716 5394 765 5446 in
792 5404 936 5448 textu
960 5395 1190 5449 Grialius
1210 5396 1394 5450 edidit.
1440 5395 1691 5450 Fortasse
1739 5395 1998 5448 Paulinus
2044 5395 2097 5448 in

513 5473 644 5519 uota
674 5465 834 5517 voluit
867 5465 1014 5518 lucus
1049 5481 1147 5530 pro
1168 5468 1329 5520 locus.
1357 5468 1529 5523 Anlv.

585 5532 715 5603 221i.
748 5534 863 5588 Lib.
896 5552 925 5589 χ
958 5538 1256 5603 Etytnolog.
1280 5577 1296 5600 ,
1330 5537 1501 5590 littera
1534 5534 1603 5591 F.

593 5601 727 5678 Ibid.
762 5601 1115 5678 Scrihendinn
1149 5609 1324 5673 potius
1354 5608 1661 5675 phrenetici,
1693 5607 1833 5678 quod
1863 5623 1969 5665 non
2020 5616 2104 5666 est

513 5687 547 5730 a
576 5676 811 5756 fraudati,
841 5677 935 5729 sed
966 5678 1206 5756 aOGraa'co
1235 5678 1514 5746 phrenesis.
1543 5680 1713 5734 Ant-:v.

631 5744 715 5797 :27.
748 5745 888 5800 Fest.
915 5787 928 5811 ,
962 5746 1090 5800 tilt'l.
1129 5744 1363 5801 Ploi'are.

2280 4757 2406 4811 250.
2442 4756 2602 4809 Vetus
2629 4756 2883 4823 gIOSSar.,
2908 4755 3213 4824 ﬂagitaverit
3248 4770 3341 4819 pro
3371 4754 3575 4805 acriter.

2279 4856 2351 4869 -—
2379 4826 2514 4881 Male
2557 4826 2830 4897 imputare.
2884 4824 2938 4879 In
2970 4840 3099 4880 mss.
3127 4826 3329 4893 impura
3356 4840 3435 4876 res
3468 4834 3540 4876 est
3572 4838 3667 4890 pro
3692 4826 3793 4877 im-

2214 4910 2412 4967 putare.

2280 4968 2404 5021 252.
2443 4967 2603 5030 Νοη.,
2636 4966 2763 5021 dict.
2798 4964 3064 5033 Conﬁteri.

2283 5068 2353 5080 ——-
2382 5040 2557 5102 Serv.,
2582 5038 2646 5091 ad
2678 5037 2803 5090 illttd
2828 5051 2880 5090 tv
2911 5037 3036 5091 Ᾱίη.
3067 5054 3078 5087 :
3107 5035 3253 5088 Anna
3284 5033 3481 5098 fatebor
3503 5036 3658 5091 enim.

2279 5110 2407 5164 251.
2432 5109 2610 5172 Serv.,
2643 5108 2708 5161 ad
2743 5108 2814 5161 ill.
2840 5106 3079 5159 vaEn.
3102 5123 3114 5155 :
3142 5107 3301 5158 Sanie
3324 5104 3537 5173 taboque
3556 5109 3792 5175 ﬂuentes,

2209 5190 2393 5234 contra
2444 5179 2643 5233 sentit:
2672 5178 2858 5233 Sanies
2881 5176 3067 5230 mortui
3086 5186 3159 5228 est
3186 5215 3201 5237 ,
3229 5176 3399 5228 tabum
3424 5178 3657 5246 viventis,
3691 5182 3793 5232 sri-

2209 5250 2324 5304 licet
2355 5250 2645 5318 sanguinis.

2282 5320 2419 5375 Ibid.
2451 5316 2568 5374 Vat.
2587 5364 2602 5385 ,
2634 5329 2688 5372 ut
2714 5328 2843 5371 aetas
2873 5316 3112 5369 hominis.
3142 5320 3313 5369 Annv.

2277 5390 2405 5445 236.
2430 5392 2507 5445 Ex
2537 5390 2715 5451 Serv.,
2748 5389 2810 5440 ad
2844 5387 2919 5438 ill.
2946 5402 2959 5439 ι
2992 5385 3117 5440 Ain.
3148 5404 3160 5439 :
3191 5385 3501 5453 Fragrantia
3530 5388 3709 5450 mella,
3744 5390 3796 5442 in

2209 5462 2379 5517 altera
2434 5478 2537 5516 ιης,
2589 5470 2741 5513 erat:
2779 5456 2917 5510 Nam
2952 5458 3167 5529 quando
3205 5459 3564 5529 ﬂammantuet
3605 5460 3795 5529 ignem,

2207 5536 2295 5600 qui
2326 5533 2616 5587 incendium
2638 5529 2915 5600 signiﬁcat.
2948 5527 3108 5581 Forte
3131 5529 3433 5600 legendum:
3471 5527 3606 5581 Nam
3624 5527 3795 5598 quan-

2209 5599 2275 5658 do
2304 5606 2567 5672 ﬂammam
2588 5610 2634 5652 et
2654 5599 2942 5672 incendium
2974 5599 3374 5672 signi/icatnpra
3395 5609 3555 5656 eunte
3584 5603 3793 5656 Servio.

2278 5669 2406 5729 257.
2435 5673 2523 5727 Sic
2542 5672 2637 5724 lib.
2668 5670 2969 5738 Etymolog.
2991 5686 3042 5723 ιχ
3064 5711 3077 5734 ,
3106 5685 3222 5738 cap.
3245 5669 3301 5724 6.

2281 5687 2406 5729 257.
2435 5687 2637 5727 atcnn.
2668 5687 2733 5723 ut
2773 5687 2969 5737 mouog.
2991 5687 3042 5723 ix
3064 5711 3077 5734 ,
3106 5687 3222 5738 cap.
3245 5687 3301 5724 υ.

2281 5742 2436 5798 -Επ
2457 5743 2702 5797 eodem...
2731 5687 2804 5797 ἐς
2830 5742 2949 5798 eod.
2972 5742 3067 5797 lib.
3090 5742 3251 5797 citato
3280 5740 3486 5794 videtur
3512 5740 3791 5811 legendum
