  <div class='ocr_page' id='page_1' title='image "/cluster/home/n/w/nwhite01/storage/ocr_20150623/83/hvd.32044054758875/023.png"; bbox 0 0 4108 6178; ppageno 0'>
   <div class='ocr_carea' id='block_1_1' title="bbox 255 226 3536 303">
    <p class='ocr_par' dir='ltr' id='par_1_1' title="bbox 255 226 3536 303">
     <span class='ocr_line' id='line_1_1' title="bbox 255 226 3536 303; baseline -0.006 -1"><span class='ocrx_word' id='word_1_1' title='bbox 255 249 325 303; x_wconf 69' lang='lat'><strong>33</strong></span> <span class='ocrx_word' id='word_1_2' title='bbox 1277 239 1334 294; x_wconf 93' lang='lat' dir='ltr'><strong>S.</strong></span> <span class='ocrx_word' id='word_1_3' title='bbox 1379 236 1624 294; x_wconf 76' lang='lat' dir='ltr'><strong>ISIDORI</strong></span> <span class='ocrx_word' id='word_1_4' title='bbox 1669 233 2114 292; x_wconf 73' lang='lat' dir='ltr'><strong>IIISPALENSIS</strong></span> <span class='ocrx_word' id='word_1_5' title='bbox 2159 231 2462 288; x_wconf 78' lang='lat' dir='ltr'><strong>EPISCOPI</strong></span> <span class='ocrx_word' id='word_1_6' title='bbox 3469 226 3536 282; x_wconf 78' lang='lat'><strong>36</strong></span> 
     </span>
    </p>
   </div>
   <div class='ocr_carea' id='block_1_2' title="bbox 254 340 3531 425">
    <p class='ocr_par' dir='ltr' id='par_1_2' title="bbox 254 340 3531 425">
     <span class='ocr_line' id='line_1_2' title="bbox 254 340 3531 425; baseline -0.005 -9"><span class='ocrx_word' id='word_1_7' title='bbox 254 362 443 416; x_wconf 87' lang='lat' dir='ltr'><strong>eadem</strong></span> <span class='ocrx_word' id='word_1_8' title='bbox 469 365 638 413; x_wconf 86' lang='lat' dir='ltr'><strong>matre</strong></span> <span class='ocrx_word' id='word_1_9' title='bbox 665 365 720 411; x_wconf 89' lang='lat' dir='ltr'><strong>et</strong></span> <span class='ocrx_word' id='word_1_10' title='bbox 743 351 934 425; x_wconf 75' lang='lat' dir='ltr'><strong>patre],</strong></span> <span class='ocrx_word' id='word_1_11' title='bbox 964 352 1202 423; x_wconf 77' lang='lat' dir='ltr'><strong>germani</strong></span> <span class='ocrx_word' id='word_1_12' title='bbox 1248 352 1606 422; x_wconf 83' lang='lat' dir='ltr'><strong>appellantur.</strong></span> <span class='ocrx_word' id='word_1_13' title='bbox 1661 349 1727 403; x_wconf 88' lang='lat' dir='ltr'><strong>Et</strong></span> <span class='ocrx_word' id='word_1_14' title='bbox 1755 358 1840 404; x_wconf 89' lang='lat' dir='ltr'><strong>est</strong></span> <span class='ocrx_word' id='word_1_15' title='bbox 1867 353 1916 410; x_wconf 81' lang='grc' dir='ltr'>Α</span> <span class='ocrx_word' id='word_1_16' title='bbox 1944 363 2086 403; x_wconf 88' lang='lat' dir='ltr'><strong>men.</strong></span> <span class='ocrx_word' id='word_1_17' title='bbox 2121 347 2319 417; x_wconf 89' lang='lat' dir='ltr'><strong>Fulgor</strong></span> <span class='ocrx_word' id='word_1_18' title='bbox 2355 345 2489 418; x_wconf 77' lang='lat' dir='ltr'><strong>[Al.,</strong></span> <span class='ocrx_word' id='word_1_19' title='bbox 2521 340 2741 413; x_wconf 80' lang='lat' dir='ltr'><strong>fulgus],</strong></span> <span class='ocrx_word' id='word_1_20' title='bbox 2781 342 2871 412; x_wconf 90' lang='lat' dir='ltr'><strong>qui</strong></span> <span class='ocrx_word' id='word_1_21' title='bbox 2905 343 3064 410; x_wconf 81' lang='lat' dir='ltr'><strong>tangit</strong></span> <span class='ocrx_word' id='word_1_22' title='bbox 3095 358 3108 407; x_wconf 91' lang='lat'>;</span> <span class='ocrx_word' id='word_1_23' title='bbox 3151 341 3346 411; x_wconf 71' lang='lat' dir='ltr'><strong>fulgur,</strong></span> <span class='ocrx_word' id='word_1_24' title='bbox 3390 345 3531 412; x_wconf 83' lang='lat' dir='ltr'><strong>quod</strong></span> 
     </span>
    </p>
   </div>
   <div class='ocr_carea' id='block_1_3' title="bbox 258 444 1841 524">
    <p class='ocr_par' dir='ltr' id='par_1_3' title="bbox 258 444 1841 524">
     <span class='ocr_line' id='line_1_3' title="bbox 258 444 1841 524; baseline -0.008 -15"><span class='ocrx_word' id='word_1_25' title='bbox 258 467 546 524; x_wconf 85' lang='lat' dir='ltr'><strong>germanus</strong></span> <span class='ocrx_word' id='word_1_26' title='bbox 592 466 655 505; x_wconf 81' lang='lat' dir='ltr'><strong>es</strong></span> <span class='ocrx_word' id='word_1_27' title='bbox 711 449 898 504; x_wconf 80' lang='lat' dir='ltr'><strong>eadem</strong></span> <span class='ocrx_word' id='word_1_28' title='bbox 943 445 1224 517; x_wconf 91' lang='lat' dir='ltr'><strong>genitrice,</strong></span> <span class='ocrx_word' id='word_1_29' title='bbox 1257 444 1342 499; x_wconf 88' lang='lat' dir='ltr'><strong>vel</strong></span> <span class='ocrx_word' id='word_1_30' title='bbox 1371 461 1437 499; x_wconf 77' lang='lat' dir='ltr'><strong>ex</strong></span> <span class='ocrx_word' id='word_1_31' title='bbox 1483 444 1670 498; x_wconf 90' lang='lat' dir='ltr'><strong>eodem</strong></span> <span class='ocrx_word' id='word_1_32' title='bbox 1715 457 1841 512; x_wconf 85' lang='lat' dir='ltr'><strong>ger-</strong></span> 
     </span>
    </p>
   </div>
   <div class='ocr_carea' id='block_1_4' title="bbox 259 544 673 598">
    <p class='ocr_par' dir='ltr' id='par_1_4' title="bbox 259 544 673 598">
     <span class='ocr_line' id='line_1_4' title="bbox 259 544 673 598; baseline -0.014 0"><span class='ocrx_word' id='word_1_33' title='bbox 259 544 402 598; x_wconf 84' lang='lat' dir='ltr'><strong>mine</strong></span> <span class='ocrx_word' id='word_1_34' title='bbox 429 555 673 595; x_wconf 66' lang='lat' dir='ltr'><strong>manans.</strong></span> 
     </span>
    </p>
   </div>
   <div class='ocr_carea' id='block_1_5' title="bbox 327 642 1846 708">
    <p class='ocr_par' dir='ltr' id='par_1_5' title="bbox 327 642 1846 708">
     <span class='ocr_line' id='line_1_5' title="bbox 327 642 1846 708; baseline -0.007 -2"><span class='ocrx_word' id='word_1_35' title='bbox 327 653 456 708; x_wconf 79' lang='grc'><strong>258.</strong></span> <span class='ocrx_word' id='word_1_36' title='bbox 497 652 637 706; x_wconf 89' lang='lat' dir='ltr'><strong>Inter</strong></span> <span class='ocrx_word' id='word_1_37' title='bbox 662 646 898 702; x_wconf 82' lang='lat' dir='ltr'><strong>Firmum</strong></span> <span class='ocrx_word' id='word_1_38' title='bbox 921 653 976 700; x_wconf 90' lang='lat' dir='ltr'><strong>et</strong></span> <span class='ocrx_word' id='word_1_39' title='bbox 1001 647 1270 699; x_wconf 84' lang='lat' dir='ltr'><strong>valentem.</strong></span> <span class='ocrx_word' id='word_1_40' title='bbox 1290 643 1501 698; x_wconf 78' lang='lat' dir='ltr'><strong>Firmus</strong></span> <span class='ocrx_word' id='word_1_41' title='bbox 1526 658 1589 697; x_wconf 73' lang='lat' dir='ltr'><strong>ex</strong></span> <span class='ocrx_word' id='word_1_42' title='bbox 1625 642 1846 696; x_wconf 81' lang='lat' dir='ltr'><strong>ﬁrmita-</strong></span> 
     </span>
    </p>
   </div>
   <div class='ocr_carea' id='block_1_6' title="bbox 261 735 1740 808">
    <p class='ocr_par' dir='ltr' id='par_1_6' title="bbox 261 735 1740 808">
     <span class='ocr_line' id='line_1_6' title="bbox 261 735 1740 808; baseline -0.008 -9"><span class='ocrx_word' id='word_1_43' title='bbox 261 757 312 800; x_wconf 91' lang='lat' dir='ltr'><strong>te</strong></span> <span class='ocrx_word' id='word_1_44' title='bbox 361 755 565 799; x_wconf 72' lang='lat' dir='ltr'><strong>natura:</strong></span> <span class='ocrx_word' id='word_1_45' title='bbox 588 783 604 808; x_wconf 89' lang='lat'><strong>,</strong></span> <span class='ocrx_word' id='word_1_46' title='bbox 651 742 836 796; x_wconf 84' lang='lat' dir='ltr'><strong>valens</strong></span> <span class='ocrx_word' id='word_1_47' title='bbox 869 752 999 793; x_wconf 88' lang='lat' dir='ltr'><strong>vero</strong></span> <span class='ocrx_word' id='word_1_48' title='bbox 1034 751 1099 793; x_wconf 78' lang='lat' dir='ltr'><strong>ex</strong></span> <span class='ocrx_word' id='word_1_49' title='bbox 1159 736 1447 806; x_wconf 72' lang='lat' dir='ltr'><strong>praecipuis</strong></span> <span class='ocrx_word' id='word_1_50' title='bbox 1489 735 1691 790; x_wconf 87' lang='lat' dir='ltr'><strong>viribus</strong></span> <span class='ocrx_word' id='word_1_51' title='bbox 1725 777 1740 802; x_wconf 92' lang='lat'><strong>,</strong></span> 
     </span>
    </p>
   </div>
   <div class='ocr_carea' id='block_1_7' title="bbox 259 837 479 891">
    <p class='ocr_par' dir='ltr' id='par_1_7' title="bbox 259 837 479 891">
     <span class='ocr_line' id='line_1_7' title="bbox 259 837 479 891; baseline 0.005 -2"><span class='ocrx_word' id='word_1_52' title='bbox 259 837 479 891; x_wconf 87' lang='lat' dir='ltr'><strong>athleta.</strong></span> 
     </span>
    </p>
   </div>
   <div class='ocr_carea' id='block_1_8' title="bbox 333 932 1844 1009">
    <p class='ocr_par' dir='ltr' id='par_1_8' title="bbox 333 932 1844 1009">
     <span class='ocr_line' id='line_1_8' title="bbox 333 932 1844 1009; baseline -0.008 -13"><span class='ocrx_word' id='word_1_53' title='bbox 333 944 459 997; x_wconf 76' lang='grc'><strong>259.</strong></span> <span class='ocrx_word' id='word_1_54' title='bbox 499 943 641 998; x_wconf 86' lang='lat' dir='ltr'><strong>Inter</strong></span> <span class='ocrx_word' id='word_1_55' title='bbox 672 940 920 1009; x_wconf 86' lang='lat' dir='ltr'><strong>Figuram</strong></span> <span class='ocrx_word' id='word_1_56' title='bbox 948 946 1000 991; x_wconf 90' lang='lat' dir='ltr'><strong>et</strong></span> <span class='ocrx_word' id='word_1_57' title='bbox 1039 941 1280 1006; x_wconf 87' lang='lat' dir='ltr'><strong>formam.</strong></span> <span class='ocrx_word' id='word_1_58' title='bbox 1321 938 1512 1004; x_wconf 79' lang='lat' dir='ltr'><strong>Figura</strong></span> <span class='ocrx_word' id='word_1_59' title='bbox 1555 947 1638 989; x_wconf 75' lang='lat' dir='ltr'><strong>ess</strong></span> <span class='ocrx_word' id='word_1_60' title='bbox 1688 932 1844 1000; x_wconf 85' lang='lat' dir='ltr'><strong>artis,</strong></span> 
     </span>
    </p>
   </div>
   <div class='ocr_carea' id='block_1_9' title="bbox 266 1026 1127 1103">
    <p class='ocr_par' dir='ltr' id='par_1_9' title="bbox 266 1026 1127 1103">
     <span class='ocr_line' id='line_1_9' title="bbox 266 1026 1127 1103; baseline -0.01 -14"><span class='ocrx_word' id='word_1_61' title='bbox 266 1037 432 1089; x_wconf 85' lang='lat' dir='ltr'><strong>forma</strong></span> <span class='ocrx_word' id='word_1_62' title='bbox 457 1047 659 1088; x_wconf 75' lang='lat' dir='ltr'><strong>natura:</strong></span> <span class='ocrx_word' id='word_1_63' title='bbox 686 1030 817 1103; x_wconf 80' lang='lat' dir='ltr'><strong>[Al.,</strong></span> <span class='ocrx_word' id='word_1_64' title='bbox 851 1026 1127 1098; x_wconf 87' lang='lat' dir='ltr'><strong>hominis].</strong></span> 
     </span>
    </p>
   </div>
   <div class='ocr_carea' id='block_1_10' title="bbox 337 1136 1853 1208">
    <p class='ocr_par' dir='ltr' id='par_1_10' title="bbox 337 1136 1853 1208">
     <span class='ocr_line' id='line_1_10' title="bbox 337 1136 1853 1208; baseline -0.003 -13"><span class='ocrx_word' id='word_1_65' title='bbox 337 1144 462 1197; x_wconf 74' lang='grc'><strong>240.</strong></span> <span class='ocrx_word' id='word_1_66' title='bbox 503 1142 642 1196; x_wconf 91' lang='lat' dir='ltr'><strong>Inter</strong></span> <span class='ocrx_word' id='word_1_67' title='bbox 686 1138 932 1193; x_wconf 85' lang='lat' dir='ltr'><strong>Farctum</strong></span> <span class='ocrx_word' id='word_1_68' title='bbox 971 1151 1024 1193; x_wconf 89' lang='lat' dir='ltr'><strong>ct</strong></span> <span class='ocrx_word' id='word_1_69' title='bbox 1072 1149 1298 1208; x_wconf 82' lang='lat' dir='ltr'><strong>partum.</strong></span> <span class='ocrx_word' id='word_1_70' title='bbox 1341 1136 1593 1190; x_wconf 87' lang='lat' dir='ltr'><strong>Farctum</strong></span> <span class='ocrx_word' id='word_1_71' title='bbox 1620 1136 1853 1190; x_wconf 85' lang='lat' dir='ltr'><strong>dicimus</strong></span> 
     </span>
    </p>
   </div>
   <div class='ocr_carea' id='block_1_11' title="bbox 267 1227 1852 1306">
    <p class='ocr_par' dir='ltr' id='par_1_11' title="bbox 267 1227 1852 1306">
     <span class='ocr_line' id='line_1_11' title="bbox 267 1227 1852 1306; baseline -0.006 -17"><span class='ocrx_word' id='word_1_72' title='bbox 267 1236 355 1306; x_wconf 86' lang='lat' dir='ltr'><strong>qui</strong></span> <span class='ocrx_word' id='word_1_73' title='bbox 381 1251 484 1287; x_wconf 88' lang='lat' dir='ltr'><strong>nun</strong></span> <span class='ocrx_word' id='word_1_74' title='bbox 511 1243 593 1288; x_wconf 87' lang='lat' dir='ltr'><strong>est</strong></span> <span class='ocrx_word' id='word_1_75' title='bbox 627 1232 823 1296; x_wconf 89' lang='lat' dir='ltr'><strong>editus,</strong></span> <span class='ocrx_word' id='word_1_76' title='bbox 861 1238 916 1284; x_wconf 89' lang='lat' dir='ltr'><strong>et</strong></span> <span class='ocrx_word' id='word_1_77' title='bbox 965 1230 1099 1283; x_wconf 87' lang='lat' dir='ltr'><strong>intra</strong></span> <span class='ocrx_word' id='word_1_78' title='bbox 1149 1238 1390 1282; x_wconf 75' lang='lat' dir='ltr'><strong>ventrem</strong></span> <span class='ocrx_word' id='word_1_79' title='bbox 1428 1227 1603 1296; x_wconf 86' lang='lat' dir='ltr'><strong>jacet,</strong></span> <span class='ocrx_word' id='word_1_80' title='bbox 1642 1237 1852 1296; x_wconf 88' lang='lat' dir='ltr'><strong>partum</strong></span> 
     </span>
    </p>
   </div>
   <div class='ocr_carea' id='block_1_12' title="bbox 266 1326 675 1398">
    <p class='ocr_par' dir='ltr' id='par_1_12' title="bbox 266 1326 675 1398">
     <span class='ocr_line' id='line_1_12' title="bbox 266 1326 675 1398; baseline -0.005 -19"><span class='ocrx_word' id='word_1_81' title='bbox 266 1329 354 1398; x_wconf 80' lang='lat' dir='ltr'><strong>qui</strong></span> <span class='ocrx_word' id='word_1_82' title='bbox 378 1326 551 1382; x_wconf 84' lang='lat' dir='ltr'><strong>editus</strong></span> <span class='ocrx_word' id='word_1_83' title='bbox 573 1335 675 1379; x_wconf 83' lang='lat' dir='ltr'><strong>est.</strong></span> 
     </span>
    </p>
   </div>
   <div class='ocr_carea' id='block_1_13' title="bbox 337 1430 1855 1503">
    <p class='ocr_par' dir='ltr' id='par_1_13' title="bbox 337 1430 1855 1503">
     <span class='ocr_line' id='line_1_13' title="bbox 337 1430 1855 1503; baseline -0.006 -12"><span class='ocrx_word' id='word_1_84' title='bbox 337 1439 464 1493; x_wconf 74' lang='lat' dir='ltr'><strong>2M.</strong></span> <span class='ocrx_word' id='word_1_85' title='bbox 509 1442 648 1491; x_wconf 88' lang='lat' dir='ltr'><strong>Inter</strong></span> <span class='ocrx_word' id='word_1_86' title='bbox 703 1433 915 1488; x_wconf 86' lang='lat' dir='ltr'><strong>Fessum</strong></span> <span class='ocrx_word' id='word_1_87' title='bbox 945 1442 996 1487; x_wconf 92' lang='lat' dir='ltr'><strong>et</strong></span> <span class='ocrx_word' id='word_1_88' title='bbox 1025 1439 1319 1503; x_wconf 82' lang='lat' dir='ltr'><strong>fatigatum,</strong></span> <span class='ocrx_word' id='word_1_89' title='bbox 1350 1438 1405 1485; x_wconf 88' lang='lat' dir='ltr'><strong>et</strong></span> <span class='ocrx_word' id='word_1_90' title='bbox 1456 1430 1672 1483; x_wconf 87' lang='lat' dir='ltr'><strong>lassum.</strong></span> <span class='ocrx_word' id='word_1_91' title='bbox 1719 1431 1855 1484; x_wconf 82' lang='lat' dir='ltr'><strong>Fes-</strong></span> 
     </span>
    </p>
   </div>
   <div class='ocr_carea' id='block_1_14' title="bbox 269 1523 1861 1596">
    <p class='ocr_par' dir='ltr' id='par_1_14' title="bbox 269 1523 1861 1596">
     <span class='ocr_line' id='line_1_14' title="bbox 269 1523 1861 1596; baseline -0.006 -10"><span class='ocrx_word' id='word_1_92' title='bbox 269 1547 387 1586; x_wconf 88' lang='lat' dir='ltr'><strong>sum</strong></span> <span class='ocrx_word' id='word_1_93' title='bbox 413 1530 590 1584; x_wconf 91' lang='lat' dir='ltr'><strong>animo</strong></span> <span class='ocrx_word' id='word_1_94' title='bbox 613 1537 666 1582; x_wconf 89' lang='lat' dir='ltr'><strong>et</strong></span> <span class='ocrx_word' id='word_1_95' title='bbox 701 1542 827 1581; x_wconf 86' lang='lat' dir='ltr'><strong>cura</strong></span> <span class='ocrx_word' id='word_1_96' title='bbox 858 1525 987 1596; x_wconf 71' lang='grc' dir='ltr'><strong>[Αιη</strong></span> <span class='ocrx_word' id='word_1_97' title='bbox 1037 1524 1312 1595; x_wconf 86' lang='lat' dir='ltr'><strong>corpore],</strong></span> <span class='ocrx_word' id='word_1_98' title='bbox 1356 1524 1653 1593; x_wconf 87' lang='lat' dir='ltr'><strong>fatigatum,</strong></span> <span class='ocrx_word' id='word_1_99' title='bbox 1685 1539 1751 1578; x_wconf 80' lang='lat' dir='ltr'><strong>ex</strong></span> <span class='ocrx_word' id='word_1_100' title='bbox 1773 1523 1861 1577; x_wconf 83' lang='lat' dir='ltr'><strong>iti-</strong></span> 
     </span>
    </p>
   </div>
   <div class='ocr_carea' id='block_1_15' title="bbox 271 1618 1296 1690">
    <p class='ocr_par' dir='ltr' id='par_1_15' title="bbox 271 1618 1296 1690">
     <span class='ocr_line' id='line_1_15' title="bbox 271 1618 1296 1690; baseline -0.007 -11"><span class='ocrx_word' id='word_1_101' title='bbox 271 1625 415 1679; x_wconf 90' lang='lat' dir='ltr'><strong>neris</strong></span> <span class='ocrx_word' id='word_1_102' title='bbox 446 1620 806 1690; x_wconf 84' lang='lat' dir='ltr'><strong>longitudine,</strong></span> <span class='ocrx_word' id='word_1_103' title='bbox 835 1618 1055 1681; x_wconf 81' lang='lat' dir='ltr'><strong>lassum,</strong></span> <span class='ocrx_word' id='word_1_104' title='bbox 1092 1618 1296 1672; x_wconf 81' lang='lat' dir='ltr'><strong>labore.</strong></span> 
     </span>
    </p>
   </div>
   <div class='ocr_carea' id='block_1_16' title="bbox 1943 432 3534 505">
    <p class='ocr_par' dir='ltr' id='par_1_16' title="bbox 1943 432 3534 505">
     <span class='ocr_line' id='line_1_16' title="bbox 1943 432 3534 505; baseline -0.003 -13"><span class='ocrx_word' id='word_1_105' title='bbox 1943 439 2251 495; x_wconf 88' lang='lat' dir='ltr'><strong>incenditet</strong></span> <span class='ocrx_word' id='word_1_106' title='bbox 2279 438 2425 502; x_wconf 90' lang='lat' dir='ltr'><strong>urit;</strong></span> <span class='ocrx_word' id='word_1_107' title='bbox 2470 435 2691 499; x_wconf 81' lang='lat' dir='ltr'><strong>fulmen,</strong></span> <span class='ocrx_word' id='word_1_108' title='bbox 2731 433 2873 505; x_wconf 90' lang='lat' dir='ltr'><strong>quod</strong></span> <span class='ocrx_word' id='word_1_109' title='bbox 2921 432 3096 490; x_wconf 82' lang='lat' dir='ltr'><strong>findit.</strong></span> <span class='ocrx_word' id='word_1_110' title='bbox 3144 432 3210 487; x_wconf 87' lang='lat' dir='ltr'><strong>Et</strong></span> <span class='ocrx_word' id='word_1_111' title='bbox 3251 432 3372 488; x_wconf 88' lang='lat' dir='ltr'><strong>ideo</strong></span> <span class='ocrx_word' id='word_1_112' title='bbox 3413 449 3534 489; x_wconf 87' lang='lat' dir='ltr'><strong>eum</strong></span> 
     </span>
    </p>
   </div>
   <div class='ocr_carea' id='block_1_17' title="bbox 1945 529 2619 598">
    <p class='ocr_par' dir='ltr' id='par_1_17' title="bbox 1945 529 2619 598">
     <span class='ocr_line' id='line_1_17' title="bbox 1945 529 2619 598; baseline -0.007 -12"><span class='ocrx_word' id='word_1_113' title='bbox 1945 532 2102 586; x_wconf 85' lang='lat' dir='ltr'><strong>trinis</strong></span> <span class='ocrx_word' id='word_1_114' title='bbox 2133 530 2298 586; x_wconf 81' lang='lat' dir='ltr'><strong>radiis</strong></span> <span class='ocrx_word' id='word_1_115' title='bbox 2330 529 2619 598; x_wconf 84' lang='lat' dir='ltr'><strong>tinguntur.</strong></span> 
     </span>
    </p>
   </div>
   <div class='ocr_carea' id='block_1_18' title="bbox 2016 614 3529 682">
    <p class='ocr_par' dir='ltr' id='par_1_18' title="bbox 2016 614 3529 682">
     <span class='ocr_line' id='line_1_18' title="bbox 2016 614 3529 682; baseline -0.004 -7"><span class='ocrx_word' id='word_1_116' title='bbox 2016 620 2143 676; x_wconf 79' lang='grc'><strong>246.</strong></span> <span class='ocrx_word' id='word_1_117' title='bbox 2173 619 2313 675; x_wconf 88' lang='lat' dir='ltr'><strong>Inter</strong></span> <span class='ocrx_word' id='word_1_118' title='bbox 2340 617 2562 673; x_wconf 82' lang='lat' dir='ltr'><strong>Florida</strong></span> <span class='ocrx_word' id='word_1_119' title='bbox 2593 626 2648 670; x_wconf 91' lang='lat' dir='ltr'><strong>et</strong></span> <span class='ocrx_word' id='word_1_120' title='bbox 2673 619 2968 682; x_wconf 80' lang='lat' dir='ltr'><strong>florulenta.</strong></span> <span class='ocrx_word' id='word_1_121' title='bbox 3007 614 3216 670; x_wconf 76' lang='lat' dir='ltr'><strong>Florida</strong></span> <span class='ocrx_word' id='word_1_122' title='bbox 3265 625 3387 669; x_wconf 91' lang='lat' dir='ltr'><strong>sunt</strong></span> <span class='ocrx_word' id='word_1_123' title='bbox 3438 632 3529 669; x_wconf 80' lang='lat' dir='ltr'><strong>ar-</strong></span> 
     </span>
    </p>
   </div>
   <div class='ocr_carea' id='block_1_19' title="bbox 1791 705 3541 788">
    <p class='ocr_par' dir='ltr' id='par_1_19' title="bbox 1791 705 3541 788">
     <span class='ocr_line' id='line_1_19' title="bbox 1791 705 3541 788; baseline -0.005 -19"><span class='ocrx_word' id='word_1_124' title='bbox 1791 743 1847 788; x_wconf 72' lang='grc' dir='ltr'>υι</span> <span class='ocrx_word' id='word_1_125' title='bbox 1947 715 2106 769; x_wconf 86' lang='lat' dir='ltr'><strong>bores</strong></span> <span class='ocrx_word' id='word_1_126' title='bbox 2133 721 2188 767; x_wconf 89' lang='lat' dir='ltr'><strong>et</strong></span> <span class='ocrx_word' id='word_1_127' title='bbox 2213 712 2375 767; x_wconf 87' lang='lat' dir='ltr'><strong>herba</strong></span> <span class='ocrx_word' id='word_1_128' title='bbox 2403 751 2418 773; x_wconf 88' lang='lat'><strong>,</strong></span> <span class='ocrx_word' id='word_1_129' title='bbox 2450 709 2731 764; x_wconf 82' lang='lat' dir='ltr'><strong>ﬂurulenta</strong></span> <span class='ocrx_word' id='word_1_130' title='bbox 2775 708 2949 777; x_wconf 81' lang='lat' dir='ltr'><strong>campi</strong></span> <span class='ocrx_word' id='word_1_131' title='bbox 2976 748 2991 772; x_wconf 91' lang='lat'><strong>,</strong></span> <span class='ocrx_word' id='word_1_132' title='bbox 3045 705 3126 760; x_wconf 89' lang='lat' dir='ltr'><strong>vel</strong></span> <span class='ocrx_word' id='word_1_133' title='bbox 3167 715 3337 775; x_wconf 87' lang='lat' dir='ltr'><strong>prata.</strong></span> <span class='ocrx_word' id='word_1_134' title='bbox 3369 707 3460 761; x_wconf 90' lang='lat' dir='ltr'><strong>Sic</strong></span> <span class='ocrx_word' id='word_1_135' title='bbox 3485 717 3541 762; x_wconf 91' lang='lat' dir='ltr'><strong>et</strong></span> 
     </span>
    </p>
   </div>
   <div class='ocr_carea' id='block_1_20' title="bbox 1950 799 2694 873">
    <p class='ocr_par' dir='ltr' id='par_1_20' title="bbox 1950 799 2694 873">
     <span class='ocr_line' id='line_1_20' title="bbox 1950 799 2694 873; baseline -0.009 -16"><span class='ocrx_word' id='word_1_136' title='bbox 1950 805 2051 858; x_wconf 89' lang='lat' dir='ltr'><strong>alia</strong></span> <span class='ocrx_word' id='word_1_137' title='bbox 2079 803 2451 873; x_wconf 86' lang='lat' dir='ltr'><strong>intelliguntur</strong></span> <span class='ocrx_word' id='word_1_138' title='bbox 2474 799 2694 854; x_wconf 84' lang='lat' dir='ltr'><strong>similia.</strong></span> 
     </span>
    </p>
   </div>
   <div class='ocr_carea' id='block_1_21' title="bbox 2021 885 3545 957">
    <p class='ocr_par' dir='ltr' id='par_1_21' title="bbox 2021 885 3545 957">
     <span class='ocr_line' id='line_1_21' title="bbox 2021 885 3545 957; baseline -0.003 -12"><span class='ocrx_word' id='word_1_139' title='bbox 2021 892 2148 948; x_wconf 74' lang='grc'><strong>247.</strong></span> <span class='ocrx_word' id='word_1_140' title='bbox 2188 893 2329 946; x_wconf 88' lang='lat' dir='ltr'><strong>Inter</strong></span> <span class='ocrx_word' id='word_1_141' title='bbox 2384 888 2669 943; x_wconf 83' lang='lat' dir='ltr'><strong>Frumenta</strong></span> <span class='ocrx_word' id='word_1_142' title='bbox 2714 899 2769 942; x_wconf 89' lang='lat' dir='ltr'><strong>et</strong></span> <span class='ocrx_word' id='word_1_143' title='bbox 2810 889 3002 957; x_wconf 84' lang='lat' dir='ltr'><strong>fruges.</strong></span> <span class='ocrx_word' id='word_1_144' title='bbox 3074 885 3362 939; x_wconf 89' lang='lat' dir='ltr'><strong>Frumenta</strong></span> <span class='ocrx_word' id='word_1_145' title='bbox 3420 896 3545 940; x_wconf 88' lang='lat' dir='ltr'><strong>sunt</strong></span> 
     </span>
    </p>
   </div>
   <div class='ocr_carea' id='block_1_22' title="bbox 1953 979 3542 1054">
    <p class='ocr_par' dir='ltr' id='par_1_22' title="bbox 1953 979 3542 1054">
     <span class='ocr_line' id='line_1_22' title="bbox 1953 979 3542 1054; baseline -0.006 -12"><span class='ocrx_word' id='word_1_146' title='bbox 1953 985 2101 1042; x_wconf 87' lang='lat' dir='ltr'><strong>arida</strong></span> <span class='ocrx_word' id='word_1_147' title='bbox 2125 995 2178 1040; x_wconf 93' lang='lat' dir='ltr'><strong>et</strong></span> <span class='ocrx_word' id='word_1_148' title='bbox 2197 985 2359 1050; x_wconf 89' lang='lat' dir='ltr'><strong>sicca,</strong></span> <span class='ocrx_word' id='word_1_149' title='bbox 2405 981 2586 1054; x_wconf 82' lang='lat' dir='ltr'><strong>fruges</strong></span> <span class='ocrx_word' id='word_1_150' title='bbox 2617 997 2744 1035; x_wconf 85' lang='lat' dir='ltr'><strong>vero</strong></span> <span class='ocrx_word' id='word_1_151' title='bbox 2776 979 3005 1049; x_wconf 67' lang='lat' dir='ltr'><strong>liquidar.</strong></span> <span class='ocrx_word' id='word_1_152' title='bbox 3041 979 3317 1033; x_wconf 83' lang='lat' dir='ltr'><strong>Frumenti</strong></span> <span class='ocrx_word' id='word_1_153' title='bbox 3364 989 3542 1032; x_wconf 86' lang='lat' dir='ltr'><strong>autem</strong></span> 
     </span>
    </p>
   </div>
   <div class='ocr_carea' id='block_1_23' title="bbox 1958 1071 3545 1139">
    <p class='ocr_par' dir='ltr' id='par_1_23' title="bbox 1958 1071 3545 1139">
     <span class='ocr_line' id='line_1_23' title="bbox 1958 1071 3545 1139; baseline -0.006 -6"><span class='ocrx_word' id='word_1_154' title='bbox 1958 1093 2148 1133; x_wconf 90' lang='lat' dir='ltr'><strong>nomen</strong></span> <span class='ocrx_word' id='word_1_155' title='bbox 2180 1086 2405 1130; x_wconf 87' lang='lat' dir='ltr'><strong>tractum</strong></span> <span class='ocrx_word' id='word_1_156' title='bbox 2437 1083 2518 1129; x_wconf 90' lang='lat' dir='ltr'><strong>est</strong></span> <span class='ocrx_word' id='word_1_157' title='bbox 2539 1088 2568 1126; x_wconf 89' lang='lat' dir='ltr'><strong>a</strong></span> <span class='ocrx_word' id='word_1_158' title='bbox 2621 1071 2872 1135; x_wconf 84' lang='lat' dir='ltr'><strong>frumine,</strong></span> <span class='ocrx_word' id='word_1_159' title='bbox 2903 1071 2953 1124; x_wconf 89' lang='lat' dir='ltr'><strong>id</strong></span> <span class='ocrx_word' id='word_1_160' title='bbox 2981 1079 3084 1139; x_wconf 83' lang='lat' dir='ltr'><strong>est,</strong></span> <span class='ocrx_word' id='word_1_161' title='bbox 3112 1072 3380 1125; x_wconf 82' lang='lat' dir='ltr'><strong>eminente</strong></span> <span class='ocrx_word' id='word_1_162' title='bbox 3427 1077 3545 1139; x_wconf 56' lang='lat' dir='ltr'><strong>gub</strong></span> 
     </span>
    </p>
   </div>
   <div class='ocr_carea' id='block_1_24' title="bbox 1958 1169 2292 1235">
    <p class='ocr_par' dir='ltr' id='par_1_24' title="bbox 1958 1169 2292 1235">
     <span class='ocr_line' id='line_1_24' title="bbox 1958 1169 2292 1235; baseline -0.012 -11"><span class='ocrx_word' id='word_1_163' title='bbox 1958 1169 2090 1224; x_wconf 91' lang='lat' dir='ltr'><strong>turis</strong></span> <span class='ocrx_word' id='word_1_164' title='bbox 2123 1178 2292 1235; x_wconf 85' lang='lat' dir='ltr'><strong>parte.</strong></span> 
     </span>
    </p>
   </div>
   <div class='ocr_carea' id='block_1_25' title="bbox 2027 1249 3541 1316">
    <p class='ocr_par' dir='ltr' id='par_1_25' title="bbox 2027 1249 3541 1316">
     <span class='ocr_line' id='line_1_25' title="bbox 2027 1249 3541 1316; baseline -0.004 -6"><span class='ocrx_word' id='word_1_165' title='bbox 2027 1256 2154 1310; x_wconf 76' lang='grc'><strong>248.</strong></span> <span class='ocrx_word' id='word_1_166' title='bbox 2198 1257 2341 1310; x_wconf 91' lang='lat' dir='ltr'><strong>Inter</strong></span> <span class='ocrx_word' id='word_1_167' title='bbox 2363 1253 2527 1308; x_wconf 84' lang='lat' dir='ltr'><strong>Feras</strong></span> <span class='ocrx_word' id='word_1_168' title='bbox 2554 1261 2609 1308; x_wconf 90' lang='lat' dir='ltr'><strong>et</strong></span> <span class='ocrx_word' id='word_1_169' title='bbox 2635 1252 2838 1305; x_wconf 83' lang='lat' dir='ltr'><strong>bestias.</strong></span> <span class='ocrx_word' id='word_1_170' title='bbox 2866 1249 3050 1305; x_wconf 90' lang='lat' dir='ltr'><strong>Omnis</strong></span> <span class='ocrx_word' id='word_1_171' title='bbox 3078 1250 3246 1306; x_wconf 83' lang='lat' dir='ltr'><strong>bestia</strong></span> <span class='ocrx_word' id='word_1_172' title='bbox 3273 1249 3403 1316; x_wconf 89' lang='lat' dir='ltr'><strong>fera,</strong></span> <span class='ocrx_word' id='word_1_173' title='bbox 3438 1265 3541 1304; x_wconf 89' lang='lat' dir='ltr'><strong>non</strong></span> 
     </span>
    </p>
   </div>
   <div class='ocr_carea' id='block_1_26' title="bbox 1959 1343 3546 1412">
    <p class='ocr_par' dir='ltr' id='par_1_26' title="bbox 1959 1343 3546 1412">
     <span class='ocr_line' id='line_1_26' title="bbox 1959 1343 3546 1412; baseline -0.004 -8"><span class='ocrx_word' id='word_1_174' title='bbox 1959 1350 2135 1404; x_wconf 91' lang='lat' dir='ltr'><strong>omnis</strong></span> <span class='ocrx_word' id='word_1_175' title='bbox 2155 1348 2268 1403; x_wconf 91' lang='lat' dir='ltr'><strong>fera</strong></span> <span class='ocrx_word' id='word_1_176' title='bbox 2285 1346 2678 1403; x_wconf 78' lang='lat' dir='ltr'><strong>bestia.Besti:e</strong></span> <span class='ocrx_word' id='word_1_177' title='bbox 2695 1359 2922 1412; x_wconf 88' lang='lat' dir='ltr'><strong>namque</strong></span> <span class='ocrx_word' id='word_1_178' title='bbox 2939 1353 3084 1410; x_wconf 89' lang='lat' dir='ltr'><strong>sunt,</strong></span> <span class='ocrx_word' id='word_1_179' title='bbox 3103 1360 3220 1412; x_wconf 71' lang='lat' dir='ltr'><strong>quae</strong></span> <span class='ocrx_word' id='word_1_180' title='bbox 3244 1357 3446 1410; x_wconf 87' lang='lat' dir='ltr'><strong>morsu,</strong></span> <span class='ocrx_word' id='word_1_181' title='bbox 3465 1343 3546 1398; x_wconf 85' lang='lat' dir='ltr'><strong>vel</strong></span> 
     </span>
    </p>
   </div>
   <div class='ocr_carea' id='block_1_27' title="bbox 1960 1434 3548 1510">
    <p class='ocr_par' dir='ltr' id='par_1_27' title="bbox 1960 1434 3548 1510">
     <span class='ocr_line' id='line_1_27' title="bbox 1960 1434 3548 1510; baseline -0.004 -16"><span class='ocrx_word' id='word_1_182' title='bbox 1960 1439 2225 1510; x_wconf 87' lang='lat' dir='ltr'><strong>unguibus</strong></span> <span class='ocrx_word' id='word_1_183' title='bbox 2267 1436 2514 1500; x_wconf 67' lang='lat' dir='ltr'><strong>saeviunt,</strong></span> <span class='ocrx_word' id='word_1_184' title='bbox 2553 1446 2607 1489; x_wconf 86' lang='lat' dir='ltr'><strong>ut</strong></span> <span class='ocrx_word' id='word_1_185' title='bbox 2635 1434 2822 1504; x_wconf 90' lang='lat' dir='ltr'><strong>pardi,</strong></span> <span class='ocrx_word' id='word_1_186' title='bbox 2851 1434 3053 1500; x_wconf 84' lang='lat' dir='ltr'><strong>leones,</strong></span> <span class='ocrx_word' id='word_1_187' title='bbox 3087 1434 3332 1503; x_wconf 77' lang='lat' dir='ltr'><strong>tigrides,</strong></span> <span class='ocrx_word' id='word_1_188' title='bbox 3366 1449 3395 1486; x_wconf 89' lang='lat' dir='ltr'><strong>a</strong></span> <span class='ocrx_word' id='word_1_189' title='bbox 3428 1449 3548 1488; x_wconf 84' lang='lat' dir='ltr'><strong>vas-</strong></span> 
     </span>
    </p>
   </div>
   <div class='ocr_carea' id='block_1_28' title="bbox 1964 1526 3547 1596">
    <p class='ocr_par' dir='ltr' id='par_1_28' title="bbox 1964 1526 3547 1596">
     <span class='ocr_line' id='line_1_28' title="bbox 1964 1526 3547 1596; baseline -0.004 -10"><span class='ocrx_word' id='word_1_190' title='bbox 1964 1533 2126 1586; x_wconf 81' lang='lat' dir='ltr'><strong>tando</strong></span> <span class='ocrx_word' id='word_1_191' title='bbox 2154 1531 2332 1585; x_wconf 64' lang='lat' dir='ltr'><strong>dictae.</strong></span> <span class='ocrx_word' id='word_1_192' title='bbox 2365 1529 2514 1584; x_wconf 73' lang='lat' dir='ltr'><strong>Ferae</strong></span> <span class='ocrx_word' id='word_1_193' title='bbox 2532 1538 2708 1582; x_wconf 88' lang='lat' dir='ltr'><strong>autem</strong></span> <span class='ocrx_word' id='word_1_194' title='bbox 2724 1527 2886 1581; x_wconf 89' lang='lat' dir='ltr'><strong>etiam</strong></span> <span class='ocrx_word' id='word_1_195' title='bbox 2910 1526 3014 1580; x_wconf 71' lang='lat' dir='ltr'><strong>illae</strong></span> <span class='ocrx_word' id='word_1_196' title='bbox 3032 1534 3157 1579; x_wconf 92' lang='lat' dir='ltr'><strong>sunt</strong></span> <span class='ocrx_word' id='word_1_197' title='bbox 3183 1542 3300 1596; x_wconf 70' lang='lat' dir='ltr'><strong>quae</strong></span> <span class='ocrx_word' id='word_1_198' title='bbox 3313 1527 3410 1581; x_wconf 85' lang='lat' dir='ltr'><strong>etsi</strong></span> <span class='ocrx_word' id='word_1_199' title='bbox 3442 1543 3547 1580; x_wconf 88' lang='lat' dir='ltr'><strong>non</strong></span> 
     </span>
    </p>
   </div>
   <div class='ocr_carea' id='block_1_29' title="bbox 1965 1618 3550 1697">
    <p class='ocr_par' dir='ltr' id='par_1_29' title="bbox 1965 1618 3550 1697">
     <span class='ocr_line' id='line_1_29' title="bbox 1965 1618 3550 1697; baseline -0.003 -19"><span class='ocrx_word' id='word_1_200' title='bbox 1965 1623 2098 1697; x_wconf 82' lang='lat' dir='ltr'><strong>[Al.,</strong></span> <span class='ocrx_word' id='word_1_201' title='bbox 2117 1637 2148 1678; x_wconf 86' lang='lat' dir='ltr'><strong>a</strong></span> <span class='ocrx_word' id='word_1_202' title='bbox 2174 1623 2224 1677; x_wconf 95' lang='lat' dir='ltr'><strong>vi</strong></span> <span class='ocrx_word' id='word_1_203' title='bbox 2249 1619 2390 1693; x_wconf 68' lang='lat' dir='ltr'><strong>quae]</strong></span> <span class='ocrx_word' id='word_1_204' title='bbox 2414 1621 2662 1685; x_wconf 64' lang='lat' dir='ltr'><strong>saeviunt,</strong></span> <span class='ocrx_word' id='word_1_205' title='bbox 2695 1629 2874 1674; x_wconf 86' lang='lat' dir='ltr'><strong>tamen</strong></span> <span class='ocrx_word' id='word_1_206' title='bbox 2904 1618 3179 1674; x_wconf 81' lang='lat' dir='ltr'><strong>silvestres</strong></span> <span class='ocrx_word' id='word_1_207' title='bbox 3205 1634 3360 1684; x_wconf 82' lang='lat' dir='ltr'><strong>sunt;</strong></span> <span class='ocrx_word' id='word_1_208' title='bbox 3393 1620 3550 1675; x_wconf 70' lang='lat' dir='ltr'><strong>dictae</strong></span> 
     </span>
    </p>
   </div>
   <div class='ocr_carea' id='block_1_30' title="bbox 341 1703 3551 1782">
    <p class='ocr_par' dir='ltr' id='par_1_30' title="bbox 341 1703 3551 1782">
     <span class='ocr_line' id='line_1_30' title="bbox 341 1703 3551 1782; baseline -0.001 -14"><span class='ocrx_word' id='word_1_209' title='bbox 341 1714 466 1768; x_wconf 75' lang='grc'><strong>242.</strong></span> <span class='ocrx_word' id='word_1_210' title='bbox 511 1715 649 1768; x_wconf 91' lang='lat' dir='ltr'><strong>Inter</strong></span> <span class='ocrx_word' id='word_1_211' title='bbox 691 1709 968 1764; x_wconf 86' lang='lat' dir='ltr'><strong>Frameam</strong></span> <span class='ocrx_word' id='word_1_212' title='bbox 1007 1717 1061 1763; x_wconf 89' lang='lat' dir='ltr'><strong>et</strong></span> <span class='ocrx_word' id='word_1_213' title='bbox 1104 1708 1431 1762; x_wconf 73' lang='lat' dir='ltr'><strong>machwram.</strong></span> <span class='ocrx_word' id='word_1_214' title='bbox 1489 1703 1718 1762; x_wconf 78' lang='lat' dir='ltr'><strong>Fratnea</strong></span> <span class='ocrx_word' id='word_1_215' title='bbox 1766 1722 1858 1775; x_wconf 75' lang='grc' dir='ltr'>ιιι·</span> <span class='ocrx_word' id='word_1_216' title='bbox 1890 1714 2143 1776; x_wconf 81' lang='lat' dir='ltr'><strong>Bautem</strong></span> <span class='ocrx_word' id='word_1_217' title='bbox 2175 1713 2334 1779; x_wconf 74' lang='lat' dir='ltr'><strong>lene,</strong></span> <span class='ocrx_word' id='word_1_218' title='bbox 2368 1712 2508 1782; x_wconf 88' lang='lat' dir='ltr'><strong>quod</strong></span> <span class='ocrx_word' id='word_1_219' title='bbox 2558 1721 2616 1767; x_wconf 89' lang='lat' dir='ltr'><strong>et</strong></span> <span class='ocrx_word' id='word_1_220' title='bbox 2655 1709 2884 1765; x_wconf 85' lang='lat' dir='ltr'><strong>naturali</strong></span> <span class='ocrx_word' id='word_1_221' title='bbox 2914 1716 3133 1764; x_wconf 80' lang='lat' dir='ltr'><strong>utantur</strong></span> <span class='ocrx_word' id='word_1_222' title='bbox 3182 1709 3447 1778; x_wconf 84' lang='lat' dir='ltr'><strong>libertate,</strong></span> <span class='ocrx_word' id='word_1_223' title='bbox 3495 1719 3551 1766; x_wconf 89' lang='lat' dir='ltr'><strong>et</strong></span> 
     </span>
    </p>
   </div>
   <div class='ocr_carea' id='block_1_31' title="bbox 275 1797 1856 1879">
    <p class='ocr_par' dir='ltr' id='par_1_31' title="bbox 275 1797 1856 1879">
     <span class='ocr_line' id='line_1_31' title="bbox 275 1797 1856 1879; baseline -0.007 -16"><span class='ocrx_word' id='word_1_224' title='bbox 275 1807 503 1879; x_wconf 80' lang='lat' dir='ltr'><strong>pellatur</strong></span> <span class='ocrx_word' id='word_1_225' title='bbox 528 1805 752 1875; x_wconf 78' lang='lat' dir='ltr'><strong>gladius,</strong></span> <span class='ocrx_word' id='word_1_226' title='bbox 783 1818 848 1858; x_wconf 81' lang='lat' dir='ltr'><strong>ex</strong></span> <span class='ocrx_word' id='word_1_227' title='bbox 882 1813 1102 1871; x_wconf 84' lang='lat' dir='ltr'><strong>utraque</strong></span> <span class='ocrx_word' id='word_1_228' title='bbox 1135 1811 1284 1870; x_wconf 87' lang='lat' dir='ltr'><strong>parte</strong></span> <span class='ocrx_word' id='word_1_229' title='bbox 1309 1809 1514 1864; x_wconf 84' lang='lat' dir='ltr'><strong>acutus,</strong></span> <span class='ocrx_word' id='word_1_230' title='bbox 1545 1814 1704 1868; x_wconf 89' lang='lat' dir='ltr'><strong>quam</strong></span> <span class='ocrx_word' id='word_1_231' title='bbox 1733 1797 1856 1852; x_wconf 86' lang='lat' dir='ltr'><strong>vul-</strong></span> 
     </span>
    </p>
   </div>
   <div class='ocr_carea' id='block_1_32' title="bbox 273 1890 1860 1972">
    <p class='ocr_par' dir='ltr' id='par_1_32' title="bbox 273 1890 1860 1972">
     <span class='ocr_line' id='line_1_32' title="bbox 273 1890 1860 1972; baseline -0.006 -18"><span class='ocrx_word' id='word_1_232' title='bbox 273 1917 341 1972; x_wconf 88' lang='lat' dir='ltr'><strong>go</strong></span> <span class='ocrx_word' id='word_1_233' title='bbox 392 1911 597 1969; x_wconf 75' lang='lat' dir='ltr'><strong>spetam</strong></span> <span class='ocrx_word' id='word_1_234' title='bbox 649 1895 830 1951; x_wconf 91' lang='lat' dir='ltr'><strong>dicunt</strong></span> <span class='ocrx_word' id='word_1_235' title='bbox 873 1895 1018 1966; x_wconf 80' lang='grc' dir='ltr'><strong>[Αι.,</strong></span> <span class='ocrx_word' id='word_1_236' title='bbox 1058 1890 1332 1963; x_wconf 86' lang='lat' dir='ltr'><strong>vocant],</strong></span> <span class='ocrx_word' id='word_1_237' title='bbox 1365 1891 1634 1946; x_wconf 70' lang='lat' dir='ltr'><strong>machaera</strong></span> <span class='ocrx_word' id='word_1_238' title='bbox 1680 1901 1860 1944; x_wconf 87' lang='lat' dir='ltr'><strong>autem</strong></span> 
     </span>
    </p>
   </div>
   <div class='ocr_carea' id='block_1_33' title="bbox 273 1987 1472 2060">
    <p class='ocr_par' dir='ltr' id='par_1_33' title="bbox 273 1987 1472 2060">
     <span class='ocr_line' id='line_1_33' title="bbox 273 1987 1472 2060; baseline -0.007 -16"><span class='ocrx_word' id='word_1_239' title='bbox 273 1989 480 2060; x_wconf 79' lang='lat' dir='ltr'><strong>gladius</strong></span> <span class='ocrx_word' id='word_1_240' title='bbox 508 2000 588 2042; x_wconf 90' lang='lat' dir='ltr'><strong>est</strong></span> <span class='ocrx_word' id='word_1_241' title='bbox 618 1987 832 2057; x_wconf 75' lang='lat' dir='ltr'><strong>longus,</strong></span> <span class='ocrx_word' id='word_1_242' title='bbox 861 1999 927 2039; x_wconf 80' lang='lat' dir='ltr'><strong>ex</strong></span> <span class='ocrx_word' id='word_1_243' title='bbox 951 1999 1052 2037; x_wconf 92' lang='lat' dir='ltr'><strong>una</strong></span> <span class='ocrx_word' id='word_1_244' title='bbox 1079 1991 1231 2052; x_wconf 87' lang='lat' dir='ltr'><strong>parte</strong></span> <span class='ocrx_word' id='word_1_245' title='bbox 1261 1993 1472 2037; x_wconf 86' lang='lat' dir='ltr'><strong>acutus.</strong></span> 
     </span>
    </p>
   </div>
   <div class='ocr_carea' id='block_1_34' title="bbox 345 2071 1859 2142">
    <p class='ocr_par' dir='ltr' id='par_1_34' title="bbox 345 2071 1859 2142">
     <span class='ocr_line' id='line_1_34' title="bbox 345 2071 1859 2142; baseline -0.005 -9"><span class='ocrx_word' id='word_1_246' title='bbox 345 2077 470 2133; x_wconf 79' lang='grc'><strong>245.</strong></span> <span class='ocrx_word' id='word_1_247' title='bbox 513 2078 652 2131; x_wconf 91' lang='lat' dir='ltr'><strong>Inter</strong></span> <span class='ocrx_word' id='word_1_248' title='bbox 680 2074 871 2130; x_wconf 72' lang='lat' dir='ltr'><strong>Fadus</strong></span> <span class='ocrx_word' id='word_1_249' title='bbox 897 2083 951 2128; x_wconf 89' lang='lat' dir='ltr'><strong>et</strong></span> <span class='ocrx_word' id='word_1_250' title='bbox 980 2089 1175 2142; x_wconf 85' lang='lat' dir='ltr'><strong>pacem.</strong></span> <span class='ocrx_word' id='word_1_251' title='bbox 1199 2071 1398 2127; x_wconf 83' lang='lat' dir='ltr'><strong>Foedus</strong></span> <span class='ocrx_word' id='word_1_252' title='bbox 1423 2086 1650 2142; x_wconf 90' lang='lat' dir='ltr'><strong>namque</strong></span> <span class='ocrx_word' id='word_1_253' title='bbox 1676 2086 1859 2138; x_wconf 87' lang='lat' dir='ltr'><strong>pacem</strong></span> 
     </span>
    </p>
   </div>
   <div class='ocr_carea' id='block_1_35' title="bbox 275 2161 1857 2240">
    <p class='ocr_par' dir='ltr' id='par_1_35' title="bbox 275 2161 1857 2240">
     <span class='ocr_line' id='line_1_35' title="bbox 275 2161 1857 2240; baseline -0.004 -16"><span class='ocrx_word' id='word_1_254' title='bbox 275 2167 554 2240; x_wconf 72' lang='lat' dir='ltr'><strong>praevenit.</strong></span> <span class='ocrx_word' id='word_1_255' title='bbox 580 2166 712 2222; x_wconf 74' lang='lat' dir='ltr'><strong>Nam</strong></span> <span class='ocrx_word' id='word_1_256' title='bbox 757 2165 1021 2235; x_wconf 83' lang='lat' dir='ltr'><strong>posterius</strong></span> <span class='ocrx_word' id='word_1_257' title='bbox 1062 2179 1162 2234; x_wconf 81' lang='lat' dir='ltr'><strong>pax</strong></span> <span class='ocrx_word' id='word_1_258' title='bbox 1189 2163 1472 2232; x_wconf 86' lang='lat' dir='ltr'><strong>accipitur,</strong></span> <span class='ocrx_word' id='word_1_259' title='bbox 1502 2163 1651 2232; x_wconf 91' lang='lat' dir='ltr'><strong>prius</strong></span> <span class='ocrx_word' id='word_1_260' title='bbox 1681 2161 1857 2218; x_wconf 63' lang='lat' dir='ltr'><strong>laedas</strong></span> 
     </span>
    </p>
   </div>
   <div class='ocr_carea' id='block_1_36' title="bbox 276 2261 460 2316">
    <p class='ocr_par' dir='ltr' id='par_1_36' title="bbox 276 2261 460 2316">
     <span class='ocr_line' id='line_1_36' title="bbox 276 2261 460 2316; baseline -0.016 -1"><span class='ocrx_word' id='word_1_261' title='bbox 276 2261 460 2316; x_wconf 91' lang='lat' dir='ltr'><strong>initur.</strong></span> 
     </span>
    </p>
   </div>
   <div class='ocr_carea' id='block_1_37' title="bbox 346 2345 1863 2416">
    <p class='ocr_par' dir='ltr' id='par_1_37' title="bbox 346 2345 1863 2416">
     <span class='ocr_line' id='line_1_37' title="bbox 346 2345 1863 2416; baseline -0.003 -12"><span class='ocrx_word' id='word_1_262' title='bbox 346 2352 472 2406; x_wconf 73' lang='lat' dir='ltr'><strong>2M.</strong></span> <span class='ocrx_word' id='word_1_263' title='bbox 515 2351 659 2404; x_wconf 86' lang='lat' dir='ltr'><strong>Inter</strong></span> <span class='ocrx_word' id='word_1_264' title='bbox 708 2347 926 2402; x_wconf 87' lang='lat' dir='ltr'><strong>Flumen</strong></span> <span class='ocrx_word' id='word_1_265' title='bbox 973 2356 1027 2402; x_wconf 89' lang='lat' dir='ltr'><strong>et</strong></span> <span class='ocrx_word' id='word_1_266' title='bbox 1077 2345 1324 2416; x_wconf 81' lang='lat' dir='ltr'><strong>ﬂuvium,</strong></span> <span class='ocrx_word' id='word_1_267' title='bbox 1375 2347 1563 2413; x_wconf 78' lang='lat' dir='ltr'><strong>flumen</strong></span> <span class='ocrx_word' id='word_1_268' title='bbox 1593 2386 1608 2410; x_wconf 92' lang='lat'><strong>,</strong></span> <span class='ocrx_word' id='word_1_269' title='bbox 1666 2356 1863 2399; x_wconf 82' lang='lat' dir='ltr'><strong>torren—</strong></span> 
     </span>
    </p>
   </div>
   <div class='ocr_carea' id='block_1_38' title="bbox 279 2436 1862 2506">
    <p class='ocr_par' dir='ltr' id='par_1_38' title="bbox 279 2436 1862 2506">
     <span class='ocr_line' id='line_1_38' title="bbox 279 2436 1862 2506; baseline -0.004 -10"><span class='ocrx_word' id='word_1_270' title='bbox 279 2450 403 2506; x_wconf 79' lang='lat' dir='ltr'><strong>tem,</strong></span> <span class='ocrx_word' id='word_1_271' title='bbox 434 2448 540 2496; x_wconf 88' lang='lat' dir='ltr'><strong>etc.</strong></span> <span class='ocrx_word' id='word_1_272' title='bbox 574 2438 812 2503; x_wconf 81' lang='lat' dir='ltr'><strong>Flavius,</strong></span> <span class='ocrx_word' id='word_1_273' title='bbox 846 2437 1094 2506; x_wconf 84' lang='lat' dir='ltr'><strong>perennis</strong></span> <span class='ocrx_word' id='word_1_274' title='bbox 1120 2449 1378 2506; x_wconf 86' lang='lat' dir='ltr'><strong>aquarum</strong></span> <span class='ocrx_word' id='word_1_275' title='bbox 1414 2436 1674 2491; x_wconf 89' lang='lat' dir='ltr'><strong>decursus</strong></span> <span class='ocrx_word' id='word_1_276' title='bbox 1694 2451 1862 2504; x_wconf 84' lang='lat' dir='ltr'><strong>gene-</strong></span> 
     </span>
    </p>
   </div>
   <div class='ocr_carea' id='block_1_39' title="bbox 277 2524 1861 2594">
    <p class='ocr_par' dir='ltr' id='par_1_39' title="bbox 277 2524 1861 2594">
     <span class='ocr_line' id='line_1_39' title="bbox 277 2524 1861 2594; baseline -0.004 -10"><span class='ocrx_word' id='word_1_277' title='bbox 277 2530 492 2594; x_wconf 84' lang='lat' dir='ltr'><strong>raliter,</strong></span> <span class='ocrx_word' id='word_1_278' title='bbox 544 2545 574 2582; x_wconf 83' lang='lat' dir='ltr'><strong>a</strong></span> <span class='ocrx_word' id='word_1_279' title='bbox 624 2526 834 2581; x_wconf 80' lang='lat' dir='ltr'><strong>ﬂuendo</strong></span> <span class='ocrx_word' id='word_1_280' title='bbox 880 2525 1076 2580; x_wconf 88' lang='lat' dir='ltr'><strong>dictus.</strong></span> <span class='ocrx_word' id='word_1_281' title='bbox 1127 2526 1194 2579; x_wconf 87' lang='lat' dir='ltr'><strong>Et</strong></span> <span class='ocrx_word' id='word_1_282' title='bbox 1237 2527 1450 2594; x_wconf 88' lang='lat' dir='ltr'><strong>proprie</strong></span> <span class='ocrx_word' id='word_1_283' title='bbox 1500 2524 1698 2579; x_wconf 83' lang='lat' dir='ltr'><strong>ﬂumen</strong></span> <span class='ocrx_word' id='word_1_284' title='bbox 1747 2525 1861 2594; x_wconf 88' lang='lat' dir='ltr'><strong>ipsa</strong></span> 
     </span>
    </p>
   </div>
   <div class='ocr_carea' id='block_1_40' title="bbox 277 2614 1863 2688">
    <p class='ocr_par' dir='ltr' id='par_1_40' title="bbox 277 2614 1863 2688">
     <span class='ocr_line' id='line_1_40' title="bbox 277 2614 1863 2688; baseline -0.004 -16"><span class='ocrx_word' id='word_1_285' title='bbox 277 2635 453 2688; x_wconf 83' lang='lat' dir='ltr'><strong>aqua;</strong></span> <span class='ocrx_word' id='word_1_286' title='bbox 481 2620 689 2683; x_wconf 89' lang='lat' dir='ltr'><strong>tluvius,</strong></span> <span class='ocrx_word' id='word_1_287' title='bbox 719 2618 871 2686; x_wconf 86' lang='lat' dir='ltr'><strong>cujus</strong></span> <span class='ocrx_word' id='word_1_288' title='bbox 921 2631 1096 2685; x_wconf 84' lang='lat' dir='ltr'><strong>aqua;</strong></span> <span class='ocrx_word' id='word_1_289' title='bbox 1145 2624 1354 2670; x_wconf 87' lang='lat' dir='ltr'><strong>torrens</strong></span> <span class='ocrx_word' id='word_1_290' title='bbox 1390 2623 1571 2669; x_wconf 86' lang='lat' dir='ltr'><strong>autern</strong></span> <span class='ocrx_word' id='word_1_291' title='bbox 1618 2614 1743 2670; x_wconf 89' lang='lat' dir='ltr'><strong>inde</strong></span> <span class='ocrx_word' id='word_1_292' title='bbox 1781 2614 1863 2668; x_wconf 86' lang='lat' dir='ltr'><strong>di-</strong></span> 
     </span>
    </p>
   </div>
   <div class='ocr_carea' id='block_1_41' title="bbox 277 2706 1858 2778">
    <p class='ocr_par' dir='ltr' id='par_1_41' title="bbox 277 2706 1858 2778">
     <span class='ocr_line' id='line_1_41' title="bbox 277 2706 1858 2778; baseline -0.006 -13"><span class='ocrx_word' id='word_1_293' title='bbox 277 2720 417 2774; x_wconf 86' lang='lat' dir='ltr'><strong>ctus,</strong></span> <span class='ocrx_word' id='word_1_294' title='bbox 449 2712 568 2778; x_wconf 65' lang='lat' dir='ltr'><strong>quia</strong></span> <span class='ocrx_word' id='word_1_295' title='bbox 601 2708 774 2775; x_wconf 87' lang='lat' dir='ltr'><strong>pluvia</strong></span> <span class='ocrx_word' id='word_1_296' title='bbox 803 2708 1016 2772; x_wconf 87' lang='lat' dir='ltr'><strong>crescit,</strong></span> <span class='ocrx_word' id='word_1_297' title='bbox 1065 2706 1304 2761; x_wconf 81' lang='lat' dir='ltr'><strong>siccitate</strong></span> <span class='ocrx_word' id='word_1_298' title='bbox 1355 2707 1623 2771; x_wconf 90' lang='lat' dir='ltr'><strong>torrescit,</strong></span> <span class='ocrx_word' id='word_1_299' title='bbox 1656 2706 1707 2760; x_wconf 90' lang='lat' dir='ltr'><strong>id</strong></span> <span class='ocrx_word' id='word_1_300' title='bbox 1757 2717 1858 2772; x_wconf 68' lang='grc' dir='ltr'><strong>εει,</strong></span> 
     </span>
    </p>
   </div>
   <div class='ocr_carea' id='block_1_42' title="bbox 280 2797 1860 2866">
    <p class='ocr_par' dir='ltr' id='par_1_42' title="bbox 280 2797 1860 2866">
     <span class='ocr_line' id='line_1_42' title="bbox 280 2797 1860 2866; baseline -0.003 -12"><span class='ocrx_word' id='word_1_301' title='bbox 280 2803 497 2856; x_wconf 85' lang='lat' dir='ltr'><strong>arescit.</strong></span> <span class='ocrx_word' id='word_1_302' title='bbox 558 2801 706 2856; x_wconf 90' lang='lat' dir='ltr'><strong>Unde</strong></span> <span class='ocrx_word' id='word_1_303' title='bbox 735 2813 786 2855; x_wconf 90' lang='lat' dir='ltr'><strong>et</strong></span> <span class='ocrx_word' id='word_1_304' title='bbox 819 2800 1076 2853; x_wconf 82' lang='lat' dir='ltr'><strong>Pacuvius</strong></span> <span class='ocrx_word' id='word_1_305' title='bbox 1103 2816 1116 2852; x_wconf 94' lang='lat'><strong>:</strong></span> <span class='ocrx_word' id='word_1_306' title='bbox 1147 2797 1415 2851; x_wconf 84' lang='lat' dir='ltr'><strong>Flammeo</strong></span> <span class='ocrx_word' id='word_1_307' title='bbox 1446 2814 1633 2866; x_wconf 84' lang='lat' dir='ltr'><strong>uapore</strong></span> <span class='ocrx_word' id='word_1_308' title='bbox 1663 2806 1860 2851; x_wconf 84' lang='lat' dir='ltr'><strong>torrens</strong></span> 
     </span>
    </p>
   </div>
   <div class='ocr_carea' id='block_1_43' title="bbox 279 2890 1860 2960">
    <p class='ocr_par' dir='ltr' id='par_1_43' title="bbox 279 2890 1860 2960">
     <span class='ocr_line' id='line_1_43' title="bbox 279 2890 1860 2960; baseline 0 -15"><span class='ocrx_word' id='word_1_309' title='bbox 279 2903 452 2945; x_wconf 86' lang='lat' dir='ltr'><strong>torret.</strong></span> <span class='ocrx_word' id='word_1_310' title='bbox 487 2892 654 2946; x_wconf 86' lang='lat' dir='ltr'><strong>Porro</strong></span> <span class='ocrx_word' id='word_1_311' title='bbox 698 2892 847 2947; x_wconf 88' lang='lat' dir='ltr'><strong>rivus</strong></span> <span class='ocrx_word' id='word_1_312' title='bbox 885 2898 1103 2944; x_wconf 86' lang='lat' dir='ltr'><strong>vocatur</strong></span> <span class='ocrx_word' id='word_1_313' title='bbox 1132 2891 1237 2960; x_wconf 82' lang='lat'><strong>33</strong></span> <span class='ocrx_word' id='word_1_314' title='bbox 1269 2891 1357 2960; x_wconf 90' lang='lat' dir='ltr'><strong>qui</strong></span> <span class='ocrx_word' id='word_1_315' title='bbox 1391 2891 1565 2944; x_wconf 87' lang='lat' dir='ltr'><strong>subito</strong></span> <span class='ocrx_word' id='word_1_316' title='bbox 1589 2907 1655 2945; x_wconf 78' lang='lat' dir='ltr'><strong>ex</strong></span> <span class='ocrx_word' id='word_1_317' title='bbox 1685 2890 1860 2959; x_wconf 85' lang='lat' dir='ltr'><strong>pluvia</strong></span> 
     </span>
    </p>
   </div>
   <div class='ocr_carea' id='block_1_44' title="bbox 283 2978 1861 3053">
    <p class='ocr_par' dir='ltr' id='par_1_44' title="bbox 283 2978 1861 3053">
     <span class='ocr_line' id='line_1_44' title="bbox 283 2978 1861 3053; baseline -0.002 -15"><span class='ocrx_word' id='word_1_318' title='bbox 283 2985 363 3052; x_wconf 85' lang='lat' dir='ltr'><strong>lit,</strong></span> <span class='ocrx_word' id='word_1_319' title='bbox 394 2983 745 3053; x_wconf 88' lang='lat' dir='ltr'><strong>celeriterque</strong></span> <span class='ocrx_word' id='word_1_320' title='bbox 780 2984 1014 3036; x_wconf 83' lang='lat' dir='ltr'><strong>decurrit</strong></span> <span class='ocrx_word' id='word_1_321' title='bbox 1046 2997 1108 3036; x_wconf 88' lang='lat' dir='ltr'><strong>ac</strong></span> <span class='ocrx_word' id='word_1_322' title='bbox 1135 2982 1347 3048; x_wconf 81' lang='lat' dir='ltr'><strong>deficit,</strong></span> <span class='ocrx_word' id='word_1_323' title='bbox 1402 2978 1522 3037; x_wconf 85' lang='lat' dir='ltr'><strong>fons</strong></span> <span class='ocrx_word' id='word_1_324' title='bbox 1560 2992 1736 3036; x_wconf 85' lang='lat' dir='ltr'><strong>autem</strong></span> <span class='ocrx_word' id='word_1_325' title='bbox 1778 2990 1861 3036; x_wconf 88' lang='lat' dir='ltr'><strong>est</strong></span> 
     </span>
    </p>
   </div>
   <div class='ocr_carea' id='block_1_45' title="bbox 1963 1802 2650 1862">
    <p class='ocr_par' dir='ltr' id='par_1_45' title="bbox 1963 1802 2650 1862">
     <span class='ocr_line' id='line_1_45' title="bbox 1963 1802 2650 1862; baseline -0.006 -1"><span class='ocrx_word' id='word_1_326' title='bbox 1963 1804 2233 1862; x_wconf 82' lang='lat' dir='ltr'><strong>desiderio</strong></span> <span class='ocrx_word' id='word_1_327' title='bbox 2259 1818 2358 1859; x_wconf 88' lang='lat' dir='ltr'><strong>suo</strong></span> <span class='ocrx_word' id='word_1_328' title='bbox 2389 1802 2650 1858; x_wconf 86' lang='lat' dir='ltr'><strong>ferantur.</strong></span> 
     </span>
    </p>
   </div>
   <div class='ocr_carea' id='block_1_46' title="bbox 2032 1891 3544 1965">
    <p class='ocr_par' dir='ltr' id='par_1_46' title="bbox 2032 1891 3544 1965">
     <span class='ocr_line' id='line_1_46' title="bbox 2032 1891 3544 1965; baseline -0.001 -16"><span class='ocrx_word' id='word_1_329' title='bbox 2032 1895 2160 1950; x_wconf 69' lang='lat'><strong>249.</strong></span> <span class='ocrx_word' id='word_1_330' title='bbox 2203 1895 2346 1950; x_wconf 86' lang='lat' dir='ltr'><strong>Inter</strong></span> <span class='ocrx_word' id='word_1_331' title='bbox 2374 1891 2566 1948; x_wconf 87' lang='lat' dir='ltr'><strong>Fastos</strong></span> <span class='ocrx_word' id='word_1_332' title='bbox 2619 1902 2674 1948; x_wconf 90' lang='lat' dir='ltr'><strong>et</strong></span> <span class='ocrx_word' id='word_1_333' title='bbox 2729 1893 2888 1964; x_wconf 87' lang='lat' dir='ltr'><strong>fastos</strong></span> <span class='ocrx_word' id='word_1_334' title='bbox 2916 1891 3048 1965; x_wconf 80' lang='lat' dir='ltr'><strong>[Al.,</strong></span> <span class='ocrx_word' id='word_1_335' title='bbox 3079 1891 3266 1965; x_wconf 89' lang='lat' dir='ltr'><strong>fastus]</strong></span> <span class='ocrx_word' id='word_1_336' title='bbox 3293 1894 3418 1947; x_wconf 68' lang='lat' dir='ltr'><strong>dies.</strong></span> <span class='ocrx_word' id='word_1_337' title='bbox 3454 1893 3544 1948; x_wconf 84' lang='lat' dir='ltr'><strong>Fa-</strong></span> 
     </span>
    </p>
   </div>
   <div class='ocr_carea' id='block_1_47' title="bbox 1963 1983 3546 2054">
    <p class='ocr_par' dir='ltr' id='par_1_47' title="bbox 1963 1983 3546 2054">
     <span class='ocr_line' id='line_1_47' title="bbox 1963 1983 3546 2054; baseline -0.003 -12"><span class='ocrx_word' id='word_1_338' title='bbox 1963 1987 2030 2042; x_wconf 87' lang='lat' dir='ltr'><strong>sti</strong></span> <span class='ocrx_word' id='word_1_339' title='bbox 2065 1985 2440 2042; x_wconf 88' lang='lat' dir='ltr'><strong>universaliter</strong></span> <span class='ocrx_word' id='word_1_340' title='bbox 2467 1983 2866 2054; x_wconf 83' lang='lat' dir='ltr'><strong>comprehensi,</strong></span> <span class='ocrx_word' id='word_1_341' title='bbox 2901 1993 3008 2038; x_wconf 80' lang='lat' dir='ltr'><strong>tam</strong></span> <span class='ocrx_word' id='word_1_342' title='bbox 3036 1983 3180 2049; x_wconf 86' lang='lat' dir='ltr'><strong>boni,</strong></span> <span class='ocrx_word' id='word_1_343' title='bbox 3205 1999 3362 2053; x_wconf 87' lang='lat' dir='ltr'><strong>quam</strong></span> <span class='ocrx_word' id='word_1_344' title='bbox 3393 1985 3512 2038; x_wconf 78' lang='lat' dir='ltr'><strong>ntali</strong></span> <span class='ocrx_word' id='word_1_345' title='bbox 3531 2025 3546 2049; x_wconf 92' lang='lat'><strong>,</strong></span> 
     </span>
    </p>
   </div>
   <div class='ocr_carea' id='block_1_48' title="bbox 1963 2073 3513 2148">
    <p class='ocr_par' dir='ltr' id='par_1_48' title="bbox 1963 2073 3513 2148">
     <span class='ocr_line' id='line_1_48' title="bbox 1963 2073 3513 2148; baseline -0.003 -14"><span class='ocrx_word' id='word_1_346' title='bbox 1963 2080 2077 2134; x_wconf 88' lang='lat' dir='ltr'><strong>dies</strong></span> <span class='ocrx_word' id='word_1_347' title='bbox 2099 2077 2221 2133; x_wconf 86' lang='lat' dir='ltr'><strong>fasti</strong></span> <span class='ocrx_word' id='word_1_348' title='bbox 2254 2076 2387 2148; x_wconf 83' lang='lat' dir='ltr'><strong>[Al.,</strong></span> <span class='ocrx_word' id='word_1_349' title='bbox 2412 2073 2624 2146; x_wconf 85' lang='lat' dir='ltr'><strong>fastus].</strong></span> <span class='ocrx_word' id='word_1_350' title='bbox 2652 2075 2844 2146; x_wconf 88' lang='lat' dir='ltr'><strong>quibus</strong></span> <span class='ocrx_word' id='word_1_351' title='bbox 2871 2086 2996 2130; x_wconf 88' lang='lat' dir='ltr'><strong>sunt</strong></span> <span class='ocrx_word' id='word_1_352' title='bbox 3017 2075 3268 2129; x_wconf 88' lang='lat' dir='ltr'><strong>contrarii</strong></span> <span class='ocrx_word' id='word_1_353' title='bbox 3301 2074 3513 2130; x_wconf 88' lang='lat' dir='ltr'><strong>nefasti.</strong></span> 
     </span>
    </p>
   </div>
   <div class='ocr_carea' id='block_1_49' title="bbox 2030 2166 3552 2237">
    <p class='ocr_par' dir='ltr' id='par_1_49' title="bbox 2030 2166 3552 2237">
     <span class='ocr_line' id='line_1_49' title="bbox 2030 2166 3552 2237; baseline 0 -15"><span class='ocrx_word' id='word_1_354' title='bbox 2030 2169 2158 2225; x_wconf 83' lang='lat'><strong>250.</strong></span> <span class='ocrx_word' id='word_1_355' title='bbox 2203 2169 2345 2224; x_wconf 86' lang='lat' dir='ltr'><strong>Inter</strong></span> <span class='ocrx_word' id='word_1_356' title='bbox 2371 2166 2555 2222; x_wconf 86' lang='lat' dir='ltr'><strong>Fastos</strong></span> <span class='ocrx_word' id='word_1_357' title='bbox 2576 2168 2686 2222; x_wconf 86' lang='lat' dir='ltr'><strong>dies</strong></span> <span class='ocrx_word' id='word_1_358' title='bbox 2716 2175 2771 2222; x_wconf 86' lang='lat' dir='ltr'><strong>et</strong></span> <span class='ocrx_word' id='word_1_359' title='bbox 2814 2167 3040 2237; x_wconf 87' lang='lat' dir='ltr'><strong>nefastos</strong></span> <span class='ocrx_word' id='word_1_360' title='bbox 3085 2167 3215 2220; x_wconf 86' lang='lat' dir='ltr'><strong>dies.</strong></span> <span class='ocrx_word' id='word_1_361' title='bbox 3239 2167 3389 2233; x_wconf 87' lang='lat' dir='ltr'><strong>Quod</strong></span> <span class='ocrx_word' id='word_1_362' title='bbox 3431 2166 3552 2222; x_wconf 87' lang='lat' dir='ltr'><strong>fasti</strong></span> 
     </span>
    </p>
   </div>
   <div class='ocr_carea' id='block_1_50' title="bbox 1963 2257 3553 2330">
    <p class='ocr_par' dir='ltr' id='par_1_50' title="bbox 1963 2257 3553 2330">
     <span class='ocr_line' id='line_1_50' title="bbox 1963 2257 3553 2330; baseline -0.003 -13"><span class='ocrx_word' id='word_1_363' title='bbox 1963 2261 2080 2317; x_wconf 88' lang='lat' dir='ltr'><strong>dies</strong></span> <span class='ocrx_word' id='word_1_364' title='bbox 2110 2270 2234 2316; x_wconf 89' lang='lat' dir='ltr'><strong>sunt</strong></span> <span class='ocrx_word' id='word_1_365' title='bbox 2259 2260 2453 2330; x_wconf 90' lang='lat' dir='ltr'><strong>quibus</strong></span> <span class='ocrx_word' id='word_1_366' title='bbox 2479 2260 2676 2330; x_wconf 87' lang='lat' dir='ltr'><strong>judicia</strong></span> <span class='ocrx_word' id='word_1_367' title='bbox 2715 2273 2972 2314; x_wconf 81' lang='lat' dir='ltr'><strong>exercere</strong></span> <span class='ocrx_word' id='word_1_368' title='bbox 3009 2268 3063 2313; x_wconf 90' lang='lat' dir='ltr'><strong>et</strong></span> <span class='ocrx_word' id='word_1_369' title='bbox 3109 2272 3325 2312; x_wconf 85' lang='lat' dir='ltr'><strong>causam</strong></span> <span class='ocrx_word' id='word_1_370' title='bbox 3373 2257 3553 2312; x_wconf 86' lang='lat' dir='ltr'><strong>dicere</strong></span> 
     </span>
    </p>
   </div>
   <div class='ocr_carea' id='block_1_51' title="bbox 1963 2348 3553 2424">
    <p class='ocr_par' dir='ltr' id='par_1_51' title="bbox 1963 2348 3553 2424">
     <span class='ocr_line' id='line_1_51' title="bbox 1963 2348 3553 2424; baseline -0.004 -15"><span class='ocrx_word' id='word_1_371' title='bbox 1963 2355 2048 2409; x_wconf 80' lang='lat' dir='ltr'><strong>vel</strong></span> <span class='ocrx_word' id='word_1_372' title='bbox 2078 2369 2236 2424; x_wconf 83' lang='lat' dir='ltr'><strong>agere</strong></span> <span class='ocrx_word' id='word_1_373' title='bbox 2267 2353 2428 2418; x_wconf 87' lang='lat' dir='ltr'><strong>licet,</strong></span> <span class='ocrx_word' id='word_1_374' title='bbox 2464 2348 2652 2406; x_wconf 88' lang='lat' dir='ltr'><strong>nefasti</strong></span> <span class='ocrx_word' id='word_1_375' title='bbox 2704 2350 2821 2405; x_wconf 86' lang='lat' dir='ltr'><strong>dies</strong></span> <span class='ocrx_word' id='word_1_376' title='bbox 2849 2349 2979 2405; x_wconf 91' lang='lat' dir='ltr'><strong>dicti</strong></span> <span class='ocrx_word' id='word_1_377' title='bbox 3031 2349 3098 2403; x_wconf 87' lang='lat' dir='ltr'><strong>ab</strong></span> <span class='ocrx_word' id='word_1_378' title='bbox 3126 2364 3191 2403; x_wconf 91' lang='lat' dir='ltr'><strong>eo</strong></span> <span class='ocrx_word' id='word_1_379' title='bbox 3219 2348 3357 2418; x_wconf 86' lang='lat' dir='ltr'><strong>quod</strong></span> <span class='ocrx_word' id='word_1_380' title='bbox 3404 2348 3553 2404; x_wconf 86' lang='lat' dir='ltr'><strong>nefas</strong></span> 
     </span>
    </p>
   </div>
   <div class='ocr_carea' id='block_1_52' title="bbox 1963 2437 3554 2514">
    <p class='ocr_par' dir='ltr' id='par_1_52' title="bbox 1963 2437 3554 2514">
     <span class='ocr_line' id='line_1_52' title="bbox 1963 2437 3554 2514; baseline -0.005 -15"><span class='ocrx_word' id='word_1_381' title='bbox 1963 2446 2033 2500; x_wconf 81' lang='lat' dir='ltr'><strong>sit</strong></span> <span class='ocrx_word' id='word_1_382' title='bbox 2077 2445 2364 2514; x_wconf 88' lang='lat' dir='ltr'><strong>quidquam</strong></span> <span class='ocrx_word' id='word_1_383' title='bbox 2423 2442 2506 2495; x_wconf 89' lang='lat' dir='ltr'><strong>his</strong></span> <span class='ocrx_word' id='word_1_384' title='bbox 2535 2440 2725 2495; x_wconf 88' lang='lat' dir='ltr'><strong>diebus</strong></span> <span class='ocrx_word' id='word_1_385' title='bbox 2753 2454 2932 2508; x_wconf 85' lang='lat' dir='ltr'><strong>agere,</strong></span> <span class='ocrx_word' id='word_1_386' title='bbox 2983 2439 3068 2494; x_wconf 85' lang='lat' dir='ltr'><strong>vel</strong></span> <span class='ocrx_word' id='word_1_387' title='bbox 3109 2437 3309 2503; x_wconf 86' lang='lat' dir='ltr'><strong>dicere,</strong></span> <span class='ocrx_word' id='word_1_388' title='bbox 3342 2439 3425 2492; x_wconf 87' lang='lat' dir='ltr'><strong>vel</strong></span> <span class='ocrx_word' id='word_1_389' title='bbox 3468 2453 3554 2491; x_wconf 82' lang='lat' dir='ltr'><strong>sa-</strong></span> 
     </span>
    </p>
   </div>
   <div class='ocr_carea' id='block_1_53' title="bbox 1963 2533 3549 2605">
    <p class='ocr_par' dir='ltr' id='par_1_53' title="bbox 1963 2533 3549 2605">
     <span class='ocr_line' id='line_1_53' title="bbox 1963 2533 3549 2605; baseline -0.004 -13"><span class='ocrx_word' id='word_1_390' title='bbox 1963 2551 2114 2592; x_wconf 90' lang='lat' dir='ltr'><strong>crum</strong></span> <span class='ocrx_word' id='word_1_391' title='bbox 2138 2537 2336 2591; x_wconf 89' lang='lat' dir='ltr'><strong>facere.</strong></span> <span class='ocrx_word' id='word_1_392' title='bbox 2361 2535 2501 2605; x_wconf 83' lang='lat' dir='ltr'><strong>Ergo</strong></span> <span class='ocrx_word' id='word_1_393' title='bbox 2529 2533 2676 2588; x_wconf 88' lang='lat' dir='ltr'><strong>festis</strong></span> <span class='ocrx_word' id='word_1_394' title='bbox 2705 2533 2893 2587; x_wconf 83' lang='lat' dir='ltr'><strong>diebus</strong></span> <span class='ocrx_word' id='word_1_395' title='bbox 2914 2533 3168 2587; x_wconf 88' lang='lat' dir='ltr'><strong>contrarii</strong></span> <span class='ocrx_word' id='word_1_396' title='bbox 3188 2541 3315 2586; x_wconf 89' lang='lat' dir='ltr'><strong>sunt</strong></span> <span class='ocrx_word' id='word_1_397' title='bbox 3337 2533 3549 2586; x_wconf 86' lang='lat' dir='ltr'><strong>nefasti.</strong></span> 
     </span>
    </p>
   </div>
   <div class='ocr_carea' id='block_1_54' title="bbox 2034 2624 3553 2683">
    <p class='ocr_par' dir='ltr' id='par_1_54' title="bbox 2034 2624 3553 2683">
     <span class='ocr_line' id='line_1_54' title="bbox 2034 2624 3553 2683; baseline -0.003 0"><span class='ocrx_word' id='word_1_398' title='bbox 2034 2629 2162 2683; x_wconf 80' lang='grc'><strong>251.</strong></span> <span class='ocrx_word' id='word_1_399' title='bbox 2191 2629 2334 2683; x_wconf 88' lang='lat' dir='ltr'><strong>Inter</strong></span> <span class='ocrx_word' id='word_1_400' title='bbox 2357 2624 2543 2680; x_wconf 84' lang='lat' dir='ltr'><strong>Festos</strong></span> <span class='ocrx_word' id='word_1_401' title='bbox 2570 2627 2680 2681; x_wconf 86' lang='lat' dir='ltr'><strong>dies</strong></span> <span class='ocrx_word' id='word_1_402' title='bbox 2717 2635 2773 2681; x_wconf 88' lang='lat' dir='ltr'><strong>et</strong></span> <span class='ocrx_word' id='word_1_403' title='bbox 2810 2626 3082 2680; x_wconf 87' lang='lat' dir='ltr'><strong>solemnes.</strong></span> <span class='ocrx_word' id='word_1_404' title='bbox 3138 2624 3284 2679; x_wconf 87' lang='lat' dir='ltr'><strong>Festi</strong></span> <span class='ocrx_word' id='word_1_405' title='bbox 3331 2626 3444 2679; x_wconf 90' lang='lat' dir='ltr'><strong>dies</strong></span> <span class='ocrx_word' id='word_1_406' title='bbox 3487 2641 3553 2678; x_wconf 81' lang='lat' dir='ltr'><strong>ex</strong></span> 
     </span>
    </p>
   </div>
   <div class='ocr_carea' id='block_1_55' title="bbox 1964 2716 3556 2786">
    <p class='ocr_par' dir='ltr' id='par_1_55' title="bbox 1964 2716 3556 2786">
     <span class='ocr_line' id='line_1_55' title="bbox 1964 2716 3556 2786; baseline -0.003 -12"><span class='ocrx_word' id='word_1_407' title='bbox 1964 2719 2356 2774; x_wconf 85' lang='lat' dir='ltr'><strong>consuetudine</strong></span> <span class='ocrx_word' id='word_1_408' title='bbox 2386 2718 2634 2772; x_wconf 90' lang='lat' dir='ltr'><strong>dicuntur</strong></span> <span class='ocrx_word' id='word_1_409' title='bbox 2660 2760 2674 2784; x_wconf 93' lang='lat'><strong>,</strong></span> <span class='ocrx_word' id='word_1_410' title='bbox 2705 2718 2975 2772; x_wconf 87' lang='lat' dir='ltr'><strong>solemnes</strong></span> <span class='ocrx_word' id='word_1_411' title='bbox 3004 2730 3132 2770; x_wconf 88' lang='lat' dir='ltr'><strong>vero</strong></span> <span class='ocrx_word' id='word_1_412' title='bbox 3162 2717 3250 2786; x_wconf 91' lang='lat' dir='ltr'><strong>qui</strong></span> <span class='ocrx_word' id='word_1_413' title='bbox 3283 2716 3347 2769; x_wconf 89' lang='lat' dir='ltr'><strong>ad</strong></span> <span class='ocrx_word' id='word_1_414' title='bbox 3372 2730 3556 2770; x_wconf 87' lang='lat' dir='ltr'><strong>omnes</strong></span> 
     </span>
    </p>
   </div>
   <div class='ocr_carea' id='block_1_56' title="bbox 1965 2807 3556 2881">
    <p class='ocr_par' dir='ltr' id='par_1_56' title="bbox 1965 2807 3556 2881">
     <span class='ocr_line' id='line_1_56' title="bbox 1965 2807 3556 2881; baseline -0.001 -16"><span class='ocrx_word' id='word_1_415' title='bbox 1965 2812 2255 2881; x_wconf 87' lang='lat' dir='ltr'><strong>pertinent,</strong></span> <span class='ocrx_word' id='word_1_416' title='bbox 2287 2821 2342 2863; x_wconf 89' lang='lat' dir='ltr'><strong>ut</strong></span> <span class='ocrx_word' id='word_1_417' title='bbox 2371 2809 2687 2879; x_wconf 83' lang='lat' dir='ltr'><strong>parentalia.</strong></span> <span class='ocrx_word' id='word_1_418' title='bbox 2737 2808 2941 2879; x_wconf 62' lang='grc'><strong>11134</strong></span> <span class='ocrx_word' id='word_1_419' title='bbox 2989 2823 3110 2862; x_wconf 87' lang='lat' dir='ltr'><strong>cum</strong></span> <span class='ocrx_word' id='word_1_420' title='bbox 3156 2809 3276 2876; x_wconf 88' lang='lat' dir='ltr'><strong>quis</strong></span> <span class='ocrx_word' id='word_1_421' title='bbox 3322 2807 3556 2864; x_wconf 77' lang='lat' dir='ltr'><strong>defuncti</strong></span> 
     </span>
    </p>
   </div>
   <div class='ocr_carea' id='block_1_57' title="bbox 1965 2899 3369 2968">
    <p class='ocr_par' dir='ltr' id='par_1_57' title="bbox 1965 2899 3369 2968">
     <span class='ocr_line' id='line_1_57' title="bbox 1965 2899 3369 2968; baseline -0.001 -13"><span class='ocrx_word' id='word_1_422' title='bbox 1965 2901 2139 2955; x_wconf 85' lang='lat' dir='ltr'><strong>ollicia</strong></span> <span class='ocrx_word' id='word_1_423' title='bbox 2167 2900 2485 2968; x_wconf 78' lang='lat' dir='ltr'><strong>expleverit,</strong></span> <span class='ocrx_word' id='word_1_424' title='bbox 2515 2900 2712 2954; x_wconf 90' lang='lat' dir='ltr'><strong>dicitur</strong></span> <span class='ocrx_word' id='word_1_425' title='bbox 2738 2899 2996 2954; x_wconf 84' lang='lat' dir='ltr'><strong>solemnia</strong></span> <span class='ocrx_word' id='word_1_426' title='bbox 3030 2901 3369 2967; x_wconf 68' lang='lat' dir='ltr'><strong>prtestitisse.</strong></span> 
     </span>
    </p>
   </div>
   <div class='ocr_carea' id='block_1_58' title="bbox 2038 2986 3555 3060">
    <p class='ocr_par' dir='ltr' id='par_1_58' title="bbox 2038 2986 3555 3060">
     <span class='ocr_line' id='line_1_58' title="bbox 2038 2986 3555 3060; baseline 0.001 -15"><span class='ocrx_word' id='word_1_427' title='bbox 2038 2990 2164 3045; x_wconf 75' lang='grc'><strong>252.</strong></span> <span class='ocrx_word' id='word_1_428' title='bbox 2209 2989 2351 3044; x_wconf 87' lang='lat' dir='ltr'><strong>Inter</strong></span> <span class='ocrx_word' id='word_1_429' title='bbox 2379 2986 2628 3055; x_wconf 81' lang='lat' dir='ltr'><strong>Fulmen,</strong></span> <span class='ocrx_word' id='word_1_430' title='bbox 2677 2989 2937 3060; x_wconf 89' lang='lat' dir='ltr'><strong>fulgorem</strong></span> <span class='ocrx_word' id='word_1_431' title='bbox 2978 3000 3032 3044; x_wconf 88' lang='lat' dir='ltr'><strong>et</strong></span> <span class='ocrx_word' id='word_1_432' title='bbox 3060 2991 3260 3060; x_wconf 85' lang='lat' dir='ltr'><strong>fulgur.</strong></span> <span class='ocrx_word' id='word_1_433' title='bbox 3311 2988 3555 3056; x_wconf 85' lang='lat' dir='ltr'><strong>Fulmen.</strong></span> 
     </span>
    </p>
   </div>
   <div class='ocr_carea' id='block_1_59' title="bbox 281 3073 3556 3154">
    <p class='ocr_par' dir='ltr' id='par_1_59' title="bbox 281 3073 3556 3154">
     <span class='ocr_line' id='line_1_59' title="bbox 281 3073 3556 3154; baseline -0.004 -21"><span class='ocrx_word' id='word_1_434' title='bbox 281 3087 440 3147; x_wconf 68' lang='lat' dir='ltr'><strong>caput</strong></span> <span class='ocrx_word' id='word_1_435' title='bbox 469 3078 602 3151; x_wconf 81' lang='lat' dir='ltr'><strong>[Al.,</strong></span> <span class='ocrx_word' id='word_1_436' title='bbox 631 3075 847 3147; x_wconf 86' lang='lat' dir='ltr'><strong>corpus]</strong></span> <span class='ocrx_word' id='word_1_437' title='bbox 869 3091 1019 3146; x_wconf 64' lang='lat' dir='ltr'><strong>aqua;</strong></span> <span class='ocrx_word' id='word_1_438' title='bbox 1045 3075 1327 3130; x_wconf 88' lang='lat' dir='ltr'><strong>nascentis.</strong></span> <span class='ocrx_word' id='word_1_439' title='bbox 1354 3076 1541 3130; x_wconf 90' lang='lat' dir='ltr'><strong>Amnis</strong></span> <span class='ocrx_word' id='word_1_440' title='bbox 1567 3086 1741 3129; x_wconf 77' lang='lat' dir='ltr'><strong>autem</strong></span> <span class='ocrx_word' id='word_1_441' title='bbox 1765 3073 1862 3128; x_wconf 82' lang='lat' dir='ltr'><strong>llu-</strong></span> <span class='ocrx_word' id='word_1_442' title='bbox 1891 3079 1938 3143; x_wconf 71' lang='grc' dir='ltr'>α</span> <span class='ocrx_word' id='word_1_443' title='bbox 1967 3083 2107 3154; x_wconf 76' lang='lat' dir='ltr'><strong>quod</strong></span> <span class='ocrx_word' id='word_1_444' title='bbox 2137 3082 2259 3138; x_wconf 65' lang='lat' dir='ltr'><strong>[erit</strong></span> <span class='ocrx_word' id='word_1_445' title='bbox 2279 3123 2295 3149; x_wconf 71' lang='grc'><strong><em>,</em></strong></span> <span class='ocrx_word' id='word_1_446' title='bbox 2343 3082 2514 3151; x_wconf 69' lang='lat' dir='ltr'><strong>fulgor</strong></span> <span class='ocrx_word' id='word_1_447' title='bbox 2557 3090 2659 3149; x_wconf 61' lang='lat' dir='ltr'><strong>est,</strong></span> <span class='ocrx_word' id='word_1_448' title='bbox 2692 3082 2836 3152; x_wconf 68' lang='lat' dir='ltr'><strong>quod</strong></span> <span class='ocrx_word' id='word_1_449' title='bbox 2880 3090 3104 3152; x_wconf 59' lang='lat' dir='ltr'><strong>appara;</strong></span> <span class='ocrx_word' id='word_1_450' title='bbox 3124 3119 3144 3149; x_wconf 45' lang='grc' dir='ltr'><strong>ν</strong></span> <span class='ocrx_word' id='word_1_451' title='bbox 3192 3082 3388 3152; x_wconf 53' lang='grc' dir='ltr'><strong>[αιδην.</strong></span> <span class='ocrx_word' id='word_1_452' title='bbox 3417 3083 3556 3154; x_wconf 55' lang='lat' dir='ltr'><strong>quod</strong></span> 
     </span>
    </p>
   </div>
   <div class='ocr_carea' id='block_1_60' title="bbox 283 3165 1862 3240">
    <p class='ocr_par' dir='ltr' id='par_1_60' title="bbox 283 3165 1862 3240">
     <span class='ocr_line' id='line_1_60' title="bbox 283 3165 1862 3240; baseline -0.002 -16"><span class='ocrx_word' id='word_1_453' title='bbox 283 3186 400 3224; x_wconf 76' lang='lat' dir='ltr'><strong>vius</strong></span> <span class='ocrx_word' id='word_1_454' title='bbox 425 3178 507 3224; x_wconf 74' lang='lat' dir='ltr'><strong>est</strong></span> <span class='ocrx_word' id='word_1_455' title='bbox 551 3183 769 3224; x_wconf 88' lang='lat' dir='ltr'><strong>nemore</strong></span> <span class='ocrx_word' id='word_1_456' title='bbox 794 3177 849 3221; x_wconf 90' lang='lat' dir='ltr'><strong>et</strong></span> <span class='ocrx_word' id='word_1_457' title='bbox 876 3166 1002 3240; x_wconf 83' lang='grc' dir='ltr'><strong>[ΑΙ.</strong></span> <span class='ocrx_word' id='word_1_458' title='bbox 1023 3208 1036 3233; x_wconf 95' lang='grc'><strong><em>,</em></strong></span> <span class='ocrx_word' id='word_1_459' title='bbox 1081 3183 1146 3221; x_wconf 80' lang='lat' dir='ltr'><strong>ex</strong></span> <span class='ocrx_word' id='word_1_460' title='bbox 1169 3165 1188 3237; x_wconf 88' lang='lat'>]</span> <span class='ocrx_word' id='word_1_461' title='bbox 1238 3165 1513 3220; x_wconf 79' lang='lat' dir='ltr'><strong>frondibus</strong></span> <span class='ocrx_word' id='word_1_462' title='bbox 1564 3166 1862 3232; x_wconf 88' lang='lat' dir='ltr'><strong>redimitus,</strong></span> 
     </span>
    </p>
   </div>
   <div class='ocr_carea' id='block_1_61' title="bbox 286 3261 1363 3332">
    <p class='ocr_par' dir='ltr' id='par_1_61' title="bbox 286 3261 1363 3332">
     <span class='ocr_line' id='line_1_61' title="bbox 286 3261 1363 3332; baseline -0.006 -12"><span class='ocrx_word' id='word_1_463' title='bbox 286 3275 338 3319; x_wconf 80' lang='lat' dir='ltr'><strong>ct</strong></span> <span class='ocrx_word' id='word_1_464' title='bbox 364 3281 426 3319; x_wconf 74' lang='lat' dir='ltr'><strong>es</strong></span> <span class='ocrx_word' id='word_1_465' title='bbox 460 3265 570 3332; x_wconf 88' lang='lat' dir='ltr'><strong>ipsa</strong></span> <span class='ocrx_word' id='word_1_466' title='bbox 604 3263 911 3318; x_wconf 69' lang='lat' dir='ltr'><strong>an&#39;tcenitate</strong></span> <span class='ocrx_word' id='word_1_467' title='bbox 931 3261 1100 3316; x_wconf 86' lang='lat' dir='ltr'><strong>amnis</strong></span> <span class='ocrx_word' id='word_1_468' title='bbox 1126 3271 1363 3314; x_wconf 84' lang='lat' dir='ltr'><strong>vocatur.</strong></span> 
     </span>
    </p>
   </div>
   <div class='ocr_carea' id='block_1_62' title="bbox 356 3349 1871 3423">
    <p class='ocr_par' dir='ltr' id='par_1_62' title="bbox 356 3349 1871 3423">
     <span class='ocr_line' id='line_1_62' title="bbox 356 3349 1871 3423; baseline -0.001 -17"><span class='ocrx_word' id='word_1_469' title='bbox 356 3354 484 3408; x_wconf 68' lang='grc'><strong>245.</strong></span> <span class='ocrx_word' id='word_1_470' title='bbox 578 3353 717 3408; x_wconf 86' lang='lat' dir='ltr'><strong>Inter</strong></span> <span class='ocrx_word' id='word_1_471' title='bbox 786 3350 1021 3423; x_wconf 81' lang='lat' dir='ltr'><strong>Fulgura</strong></span> <span class='ocrx_word' id='word_1_472' title='bbox 1080 3360 1134 3405; x_wconf 89' lang='lat' dir='ltr'><strong>et</strong></span> <span class='ocrx_word' id='word_1_473' title='bbox 1202 3350 1441 3419; x_wconf 83' lang='lat' dir='ltr'><strong>fulmina.</strong></span> <span class='ocrx_word' id='word_1_474' title='bbox 1515 3349 1713 3420; x_wconf 85' lang='lat' dir='ltr'><strong>Fulgur</strong></span> <span class='ocrx_word' id='word_1_475' title='bbox 1785 3358 1871 3405; x_wconf 87' lang='lat' dir='ltr'><strong>est</strong></span> 
     </span>
    </p>
   </div>
   <div class='ocr_carea' id='block_1_63' title="bbox 286 3439 1870 3518">
    <p class='ocr_par' dir='ltr' id='par_1_63' title="bbox 286 3439 1870 3518">
     <span class='ocr_line' id='line_1_63' title="bbox 286 3439 1870 3518; baseline -0.005 -16"><span class='ocrx_word' id='word_1_476' title='bbox 286 3448 537 3518; x_wconf 84' lang='lat' dir='ltr'><strong>splendor</strong></span> <span class='ocrx_word' id='word_1_477' title='bbox 566 3448 808 3502; x_wconf 90' lang='lat' dir='ltr'><strong>micantis</strong></span> <span class='ocrx_word' id='word_1_478' title='bbox 852 3446 1006 3500; x_wconf 89' lang='lat' dir='ltr'><strong>nubis</strong></span> <span class='ocrx_word' id='word_1_479' title='bbox 1043 3442 1184 3516; x_wconf 83' lang='grc' dir='ltr'><strong>[Αι.,</strong></span> <span class='ocrx_word' id='word_1_480' title='bbox 1233 3442 1551 3499; x_wconf 87' lang='lat' dir='ltr'><strong>micantibus</strong></span> <span class='ocrx_word' id='word_1_481' title='bbox 1589 3439 1870 3511; x_wconf 88' lang='lat' dir='ltr'><strong>nubibus],</strong></span> 
     </span>
    </p>
   </div>
   <div class='ocr_carea' id='block_1_64' title="bbox 291 3533 1872 3603">
    <p class='ocr_par' dir='ltr' id='par_1_64' title="bbox 291 3533 1872 3603">
     <span class='ocr_line' id='line_1_64' title="bbox 291 3533 1872 3603; baseline -0.006 -9"><span class='ocrx_word' id='word_1_482' title='bbox 291 3543 484 3594; x_wconf 81' lang='lat' dir='ltr'><strong>ﬂuttien</strong></span> <span class='ocrx_word' id='word_1_483' title='bbox 534 3551 734 3603; x_wconf 85' lang='lat' dir='ltr'><strong>autem,</strong></span> <span class='ocrx_word' id='word_1_484' title='bbox 778 3552 965 3592; x_wconf 88' lang='lat' dir='ltr'><strong>mucro</strong></span> <span class='ocrx_word' id='word_1_485' title='bbox 996 3545 1080 3591; x_wconf 90' lang='lat' dir='ltr'><strong>est</strong></span> <span class='ocrx_word' id='word_1_486' title='bbox 1117 3535 1389 3598; x_wconf 84' lang='lat' dir='ltr'><strong>fervidus,</strong></span> <span class='ocrx_word' id='word_1_487' title='bbox 1437 3543 1718 3589; x_wconf 83' lang='lat' dir='ltr'><strong>ventorum</strong></span> <span class='ocrx_word' id='word_1_488' title='bbox 1759 3533 1872 3585; x_wconf 77' lang='lat' dir='ltr'><strong>vio-</strong></span> 
     </span>
    </p>
   </div>
   <div class='ocr_carea' id='block_1_65' title="bbox 294 3625 1872 3688">
    <p class='ocr_par' dir='ltr' id='par_1_65' title="bbox 294 3625 1872 3688">
     <span class='ocr_line' id='line_1_65' title="bbox 294 3625 1872 3688; baseline -0.006 -2"><span class='ocrx_word' id='word_1_489' title='bbox 294 3633 456 3688; x_wconf 86' lang='lat' dir='ltr'><strong>lentia</strong></span> <span class='ocrx_word' id='word_1_490' title='bbox 485 3648 515 3686; x_wconf 90' lang='lat' dir='ltr'><strong>e</strong></span> <span class='ocrx_word' id='word_1_491' title='bbox 544 3630 774 3684; x_wconf 89' lang='lat' dir='ltr'><strong>nubibus</strong></span> <span class='ocrx_word' id='word_1_492' title='bbox 804 3630 871 3684; x_wconf 91' lang='lat' dir='ltr'><strong>ad</strong></span> <span class='ocrx_word' id='word_1_493' title='bbox 903 3638 1074 3683; x_wconf 86' lang='lat' dir='ltr'><strong>terras</strong></span> <span class='ocrx_word' id='word_1_494' title='bbox 1102 3628 1352 3681; x_wconf 89' lang='lat' dir='ltr'><strong>emissus.</strong></span> <span class='ocrx_word' id='word_1_495' title='bbox 1381 3625 1506 3680; x_wconf 85' lang='lat' dir='ltr'><strong>Tria</strong></span> <span class='ocrx_word' id='word_1_496' title='bbox 1535 3634 1660 3678; x_wconf 89' lang='lat' dir='ltr'><strong>sunt</strong></span> <span class='ocrx_word' id='word_1_497' title='bbox 1689 3631 1872 3677; x_wconf 89' lang='lat' dir='ltr'><strong>autem</strong></span> 
     </span>
    </p>
   </div>
   <div class='ocr_carea' id='block_1_66' title="bbox 292 3714 1872 3793">
    <p class='ocr_par' dir='ltr' id='par_1_66' title="bbox 292 3714 1872 3793">
     <span class='ocr_line' id='line_1_66' title="bbox 292 3714 1872 3793; baseline -0.006 -16"><span class='ocrx_word' id='word_1_498' title='bbox 292 3723 407 3778; x_wconf 62' lang='lat' dir='ltr'><strong>hmo</strong></span> <span class='ocrx_word' id='word_1_499' title='bbox 432 3764 447 3789; x_wconf 90' lang='lat'><strong>,</strong></span> <span class='ocrx_word' id='word_1_500' title='bbox 479 3722 652 3793; x_wconf 79' lang='lat' dir='ltr'><strong>fulgor</strong></span> <span class='ocrx_word' id='word_1_501' title='bbox 682 3720 815 3793; x_wconf 85' lang='lat' dir='ltr'><strong>[Al.,</strong></span> <span class='ocrx_word' id='word_1_502' title='bbox 848 3718 1022 3789; x_wconf 83' lang='lat' dir='ltr'><strong>fulgus</strong></span> <span class='ocrx_word' id='word_1_503' title='bbox 1069 3715 1141 3772; x_wconf 89' lang='lat' dir='ltr'><strong>F.</strong></span> <span class='ocrx_word' id='word_1_504' title='bbox 1176 3714 1387 3787; x_wconf 83' lang='lat' dir='ltr'><strong>fulges],</strong></span> <span class='ocrx_word' id='word_1_505' title='bbox 1443 3716 1638 3785; x_wconf 86' lang='lat' dir='ltr'><strong>fulgur,</strong></span> <span class='ocrx_word' id='word_1_506' title='bbox 1668 3728 1723 3769; x_wconf 88' lang='lat' dir='ltr'><strong>et</strong></span> <span class='ocrx_word' id='word_1_507' title='bbox 1771 3714 1872 3768; x_wconf 85' lang='lat' dir='ltr'><strong>ful-</strong></span> 
     </span>
    </p>
   </div>
   <div class='ocr_carea' id='block_1_67' title="bbox 293 3868 1868 3941">
    <p class='ocr_par' dir='ltr' id='par_1_67' title="bbox 293 3868 1868 3941">
     <span class='ocr_line' id='line_1_67' title="bbox 293 3868 1868 3941; baseline -0.005 -13"><span class='ocrx_word' id='word_1_508' title='bbox 293 3890 359 3929; x_wconf 76' lang='lat' dir='ltr'><strong>ea:</strong></span> <span class='ocrx_word' id='word_1_509' title='bbox 383 3875 560 3928; x_wconf 86' lang='lat' dir='ltr'><strong>eadem</strong></span> <span class='ocrx_word' id='word_1_510' title='bbox 592 3882 768 3938; x_wconf 82' lang='lat' dir='ltr'><strong>matre,</strong></span> <span class='ocrx_word' id='word_1_511' title='bbox 798 3886 900 3926; x_wconf 89' lang='lat' dir='ltr'><strong>non</strong></span> <span class='ocrx_word' id='word_1_512' title='bbox 950 3880 1115 3941; x_wconf 84' lang='lat' dir='ltr'><strong>patre,</strong></span> <span class='ocrx_word' id='word_1_513' title='bbox 1156 3878 1213 3926; x_wconf 87' lang='lat' dir='ltr'><strong>et</strong></span> <span class='ocrx_word' id='word_1_514' title='bbox 1260 3868 1432 3941; x_wconf 83' lang='lat' dir='ltr'><strong>infra:</strong></span> <span class='ocrx_word' id='word_1_515' title='bbox 1462 3877 1535 3922; x_wconf 86' lang='lat' dir='ltr'><strong>est</strong></span> <span class='ocrx_word' id='word_1_516' title='bbox 1579 3868 1713 3941; x_wconf 80' lang='lat' dir='ltr'><strong>enim</strong></span> <span class='ocrx_word' id='word_1_517' title='bbox 1755 3883 1868 3938; x_wconf 84' lang='lat' dir='ltr'><strong>ger-</strong></span> 
     </span>
    </p>
   </div>
   <div class='ocr_carea' id='block_1_68' title="bbox 295 3940 1873 4012">
    <p class='ocr_par' dir='ltr' id='par_1_68' title="bbox 295 3940 1873 4012">
     <span class='ocr_line' id='line_1_68' title="bbox 295 3940 1873 4012; baseline -0.005 -15"><span class='ocrx_word' id='word_1_518' title='bbox 295 3963 476 3999; x_wconf 84' lang='lat' dir='ltr'><strong>manus</strong></span> <span class='ocrx_word' id='word_1_519' title='bbox 507 3961 570 3999; x_wconf 78' lang='lat' dir='ltr'><strong>er</strong></span> <span class='ocrx_word' id='word_1_520' title='bbox 597 3947 772 3997; x_wconf 82' lang='lat' dir='ltr'><strong>eadem</strong></span> <span class='ocrx_word' id='word_1_521' title='bbox 795 3940 1054 4012; x_wconf 83' lang='lat' dir='ltr'><strong>genitrice,</strong></span> <span class='ocrx_word' id='word_1_522' title='bbox 1085 3957 1187 3994; x_wconf 84' lang='lat' dir='ltr'><strong>non</strong></span> <span class='ocrx_word' id='word_1_523' title='bbox 1214 3956 1278 4012; x_wconf 73' lang='lat' dir='ltr'><strong>ea:</strong></span> <span class='ocrx_word' id='word_1_524' title='bbox 1307 3940 1476 4012; x_wconf 88' lang='lat' dir='ltr'><strong>eodem</strong></span> <span class='ocrx_word' id='word_1_525' title='bbox 1499 3940 1726 4012; x_wconf 74' lang='lat' dir='ltr'><strong>germine</strong></span> <span class='ocrx_word' id='word_1_526' title='bbox 1762 3955 1873 4012; x_wconf 84' lang='lat' dir='ltr'><strong>ma-</strong></span> 
     </span>
    </p>
   </div>
   <div class='ocr_carea' id='block_1_69' title="bbox 297 4009 1873 4082">
    <p class='ocr_par' dir='ltr' id='par_1_69' title="bbox 297 4009 1873 4082">
     <span class='ocr_line' id='line_1_69' title="bbox 297 4009 1873 4082; baseline -0.005 -14"><span class='ocrx_word' id='word_1_527' title='bbox 297 4034 446 4068; x_wconf 82' lang='lat' dir='ltr'><strong>nans.</strong></span> <span class='ocrx_word' id='word_1_528' title='bbox 479 4016 688 4082; x_wconf 77' lang='lat' dir='ltr'><strong>Alioqui</strong></span> <span class='ocrx_word' id='word_1_529' title='bbox 744 4009 842 4066; x_wconf 74' lang='lat' dir='ltr'><strong>Sibi</strong></span> <span class='ocrx_word' id='word_1_530' title='bbox 898 4016 1198 4065; x_wconf 83' lang='lat' dir='ltr'><strong>contrarius</strong></span> <span class='ocrx_word' id='word_1_531' title='bbox 1249 4009 1508 4082; x_wconf 78' lang='lat' dir='ltr'><strong>Isidorus</strong></span> <span class='ocrx_word' id='word_1_532' title='bbox 1537 4009 1619 4082; x_wconf 66' lang='lat' dir='ltr'><strong>his</strong></span> <span class='ocrx_word' id='word_1_533' title='bbox 1663 4009 1873 4082; x_wconf 74' lang='lat' dir='ltr'><strong>duobus</strong></span> 
     </span>
    </p>
   </div>
   <div class='ocr_carea' id='block_1_70' title="bbox 298 4076 1876 4150">
    <p class='ocr_par' dir='ltr' id='par_1_70' title="bbox 298 4076 1876 4150">
     <span class='ocr_line' id='line_1_70' title="bbox 298 4076 1876 4150; baseline -0.007 -10"><span class='ocrx_word' id='word_1_534' title='bbox 298 4087 451 4147; x_wconf 86' lang='lat' dir='ltr'><strong>locis,</strong></span> <span class='ocrx_word' id='word_1_535' title='bbox 499 4096 552 4137; x_wconf 88' lang='lat' dir='ltr'><strong>et</strong></span> <span class='ocrx_word' id='word_1_536' title='bbox 579 4076 756 4148; x_wconf 77' lang='lat' dir='ltr'><strong>Serv.,</strong></span> <span class='ocrx_word' id='word_1_537' title='bbox 786 4083 926 4136; x_wconf 91' lang='lat' dir='ltr'><strong>unde</strong></span> <span class='ocrx_word' id='word_1_538' title='bbox 962 4082 1212 4150; x_wconf 79' lang='lat' dir='ltr'><strong>sumpsit,</strong></span> <span class='ocrx_word' id='word_1_539' title='bbox 1241 4081 1306 4133; x_wconf 84' lang='lat' dir='ltr'><strong>ad</strong></span> <span class='ocrx_word' id='word_1_540' title='bbox 1334 4079 1461 4132; x_wconf 75' lang='lat' dir='ltr'><strong>illud</strong></span> <span class='ocrx_word' id='word_1_541' title='bbox 1495 4093 1522 4130; x_wconf 92' lang='lat' dir='ltr'><strong>v</strong></span> <span class='ocrx_word' id='word_1_542' title='bbox 1551 4077 1678 4132; x_wconf 66' lang='lat' dir='ltr'><strong>En.</strong></span> <span class='ocrx_word' id='word_1_543' title='bbox 1707 4094 1721 4132; x_wconf 90' lang='lat'><strong>:</strong></span> <span class='ocrx_word' id='word_1_544' title='bbox 1750 4076 1876 4131; x_wconf 78' lang='lat' dir='ltr'><strong>Htrc</strong></span> 
     </span>
    </p>
   </div>
   <div class='ocr_carea' id='block_1_71' title="bbox 298 4153 751 4226">
    <p class='ocr_par' dir='ltr' id='par_1_71' title="bbox 298 4153 751 4226">
     <span class='ocr_line' id='line_1_71' title="bbox 298 4153 751 4226; baseline 0 -18"><span class='ocrx_word' id='word_1_545' title='bbox 298 4171 580 4226; x_wconf 69' lang='lat' dir='ltr'><strong>germanus</strong></span> <span class='ocrx_word' id='word_1_546' title='bbox 604 4153 751 4208; x_wconf 73' lang='lat' dir='ltr'><strong>Erix.</strong></span> 
     </span>
    </p>
   </div>
   <div class='ocr_carea' id='block_1_72' title="bbox 371 4217 1630 4282">
    <p class='ocr_par' dir='ltr' id='par_1_72' title="bbox 371 4217 1630 4282">
     <span class='ocr_line' id='line_1_72' title="bbox 371 4217 1630 4282; baseline -0.006 -5"><span class='ocrx_word' id='word_1_547' title='bbox 371 4225 507 4278; x_wconf 77' lang='lat' dir='ltr'><strong>Ibid.</strong></span> <span class='ocrx_word' id='word_1_548' title='bbox 539 4223 682 4282; x_wconf 86' lang='lat' dir='ltr'><strong>Vat..</strong></span> <span class='ocrx_word' id='word_1_549' title='bbox 705 4238 770 4277; x_wconf 76' lang='lat' dir='ltr'><strong>ea:</strong></span> <span class='ocrx_word' id='word_1_550' title='bbox 801 4222 974 4275; x_wconf 86' lang='lat' dir='ltr'><strong>eodem</strong></span> <span class='ocrx_word' id='word_1_551' title='bbox 1003 4235 1144 4274; x_wconf 91' lang='lat' dir='ltr'><strong>mare</strong></span> <span class='ocrx_word' id='word_1_552' title='bbox 1171 4230 1218 4273; x_wconf 89' lang='lat' dir='ltr'><strong>et</strong></span> <span class='ocrx_word' id='word_1_553' title='bbox 1251 4228 1428 4272; x_wconf 87' lang='lat' dir='ltr'><strong>matre.</strong></span> <span class='ocrx_word' id='word_1_554' title='bbox 1467 4217 1630 4275; x_wconf 74' lang='lat' dir='ltr'><strong>Asev.</strong></span> 
     </span>
    </p>
   </div>
   <div class='ocr_carea' id='block_1_73' title="bbox 369 4285 1866 4361">
    <p class='ocr_par' dir='ltr' id='par_1_73' title="bbox 369 4285 1866 4361">
     <span class='ocr_line' id='line_1_73' title="bbox 369 4285 1866 4361; baseline -0.006 -12"><span class='ocrx_word' id='word_1_555' title='bbox 369 4295 494 4349; x_wconf 77' lang='lat'><strong>258.</strong></span> <span class='ocrx_word' id='word_1_556' title='bbox 527 4294 845 4361; x_wconf 81' lang='lat' dir='ltr'><strong>Interpretes</strong></span> <span class='ocrx_word' id='word_1_557' title='bbox 868 4292 1260 4354; x_wconf 80' lang='lat' dir='ltr'><strong>&#39;I‘erentii,actu</strong></span> <span class='ocrx_word' id='word_1_558' title='bbox 1280 4304 1356 4354; x_wconf 88' lang='lat' dir='ltr'><strong>Ill,</strong></span> <span class='ocrx_word' id='word_1_559' title='bbox 1375 4304 1522 4342; x_wconf 90' lang='lat' dir='ltr'><strong>scen.</strong></span> <span class='ocrx_word' id='word_1_560' title='bbox 1542 4290 1597 4346; x_wconf 84' lang='lat'><strong>5.</strong></span> <span class='ocrx_word' id='word_1_561' title='bbox 1631 4285 1825 4357; x_wconf 81' lang='lat' dir='ltr'><strong>Hecyr.</strong></span> <span class='ocrx_word' id='word_1_562' title='bbox 1854 4305 1866 4341; x_wconf 91' lang='lat'><strong>:</strong></span> 
     </span>
    </p>
   </div>
   <div class='ocr_carea' id='block_1_74' title="bbox 310 4361 1414 4429">
    <p class='ocr_par' dir='ltr' id='par_1_74' title="bbox 310 4361 1414 4429">
     <span class='ocr_line' id='line_1_74' title="bbox 310 4361 1414 4429; baseline -0.005 -9"><span class='ocrx_word' id='word_1_563' title='bbox 310 4365 547 4429; x_wconf 83' lang='lat' dir='ltr'><strong>Validus,</strong></span> <span class='ocrx_word' id='word_1_564' title='bbox 581 4363 841 4426; x_wconf 86' lang='lat' dir='ltr'><strong>robustus,</strong></span> <span class='ocrx_word' id='word_1_565' title='bbox 871 4372 916 4416; x_wconf 88' lang='lat' dir='ltr'><strong>et</strong></span> <span class='ocrx_word' id='word_1_566' title='bbox 937 4361 1156 4413; x_wconf 83' lang='lat' dir='ltr'><strong>habitior</strong></span> <span class='ocrx_word' id='word_1_567' title='bbox 1181 4375 1414 4428; x_wconf 82' lang='lat' dir='ltr'><strong>corpore.</strong></span> 
     </span>
    </p>
   </div>
   <div class='ocr_carea' id='block_1_75' title="bbox 1969 3172 2771 3237">
    <p class='ocr_par' dir='ltr' id='par_1_75' title="bbox 1969 3172 2771 3237">
     <span class='ocr_line' id='line_1_75' title="bbox 1969 3172 2771 3237; baseline -0.004 -8"><span class='ocrx_word' id='word_1_568' title='bbox 1969 3175 2236 3237; x_wconf 87' lang='lat' dir='ltr'><strong>conditur,</strong></span> <span class='ocrx_word' id='word_1_569' title='bbox 2267 3174 2311 3227; x_wconf 88' lang='lat' dir='ltr'><strong>si</strong></span> <span class='ocrx_word' id='word_1_570' title='bbox 2334 3173 2489 3228; x_wconf 83' lang='lat' dir='ltr'><strong>cadat</strong></span> <span class='ocrx_word' id='word_1_571' title='bbox 2518 3172 2586 3228; x_wconf 90' lang='lat' dir='ltr'><strong>de</strong></span> <span class='ocrx_word' id='word_1_572' title='bbox 2611 3174 2771 3229; x_wconf 76' lang='grc' dir='ltr'><strong>εωιο.</strong></span> 
     </span>
    </p>
   </div>
   <div class='ocr_carea' id='block_1_76' title="bbox 2041 3261 3557 3334">
    <p class='ocr_par' dir='ltr' id='par_1_76' title="bbox 2041 3261 3557 3334">
     <span class='ocr_line' id='line_1_76' title="bbox 2041 3261 3557 3334; baseline 0.003 -18"><span class='ocrx_word' id='word_1_573' title='bbox 2041 3264 2172 3318; x_wconf 73' lang='lat'><strong>253.</strong></span> <span class='ocrx_word' id='word_1_574' title='bbox 2214 3265 2354 3318; x_wconf 89' lang='lat' dir='ltr'><strong>Inter</strong></span> <span class='ocrx_word' id='word_1_575' title='bbox 2415 3261 2612 3319; x_wconf 65' lang='lat' dir='ltr'><strong>Fredus</strong></span> <span class='ocrx_word' id='word_1_576' title='bbox 2653 3272 2708 3319; x_wconf 90' lang='lat' dir='ltr'><strong>et</strong></span> <span class='ocrx_word' id='word_1_577' title='bbox 2764 3264 2954 3334; x_wconf 71' lang='lat' dir='ltr'><strong>foedus.</strong></span> <span class='ocrx_word' id='word_1_578' title='bbox 2990 3262 3188 3318; x_wconf 73' lang='lat' dir='ltr'><strong>Fmdus</strong></span> <span class='ocrx_word' id='word_1_579' title='bbox 3232 3265 3423 3334; x_wconf 85' lang='lat' dir='ltr'><strong>turpis,</strong></span> <span class='ocrx_word' id='word_1_580' title='bbox 3463 3264 3557 3320; x_wconf 69' lang='lat' dir='ltr'><strong>fte-</strong></span> 
     </span>
    </p>
   </div>
   <div class='ocr_carea' id='block_1_77' title="bbox 1973 3355 2388 3425">
    <p class='ocr_par' dir='ltr' id='par_1_77' title="bbox 1973 3355 2388 3425">
     <span class='ocr_line' id='line_1_77' title="bbox 1973 3355 2388 3425; baseline -0.005 -14"><span class='ocrx_word' id='word_1_581' title='bbox 1973 3355 2073 3412; x_wconf 89' lang='lat' dir='ltr'><strong>dus</strong></span> <span class='ocrx_word' id='word_1_582' title='bbox 2115 3355 2388 3425; x_wconf 87' lang='lat' dir='ltr'><strong>placitum.</strong></span> 
     </span>
    </p>
   </div>
   <div class='ocr_carea' id='block_1_78' title="bbox 2045 3443 3560 3513">
    <p class='ocr_par' dir='ltr' id='par_1_78' title="bbox 2045 3443 3560 3513">
     <span class='ocr_line' id='line_1_78' title="bbox 2045 3443 3560 3513; baseline 0.001 -15"><span class='ocrx_word' id='word_1_583' title='bbox 2045 3444 2174 3501; x_wconf 69' lang='lat'><strong>254.</strong></span> <span class='ocrx_word' id='word_1_584' title='bbox 2216 3444 2355 3499; x_wconf 82' lang='lat' dir='ltr'><strong>Inter</strong></span> <span class='ocrx_word' id='word_1_585' title='bbox 2385 3443 2544 3498; x_wconf 84' lang='lat' dir='ltr'><strong>Fides</strong></span> <span class='ocrx_word' id='word_1_586' title='bbox 2591 3452 2648 3500; x_wconf 85' lang='lat' dir='ltr'><strong>et</strong></span> <span class='ocrx_word' id='word_1_587' title='bbox 2693 3443 2836 3513; x_wconf 82' lang='lat' dir='ltr'><strong>ﬁdis.</strong></span> <span class='ocrx_word' id='word_1_588' title='bbox 2869 3443 3026 3499; x_wconf 87' lang='lat' dir='ltr'><strong>Fides</strong></span> <span class='ocrx_word' id='word_1_589' title='bbox 3063 3443 3117 3498; x_wconf 89' lang='lat' dir='ltr'><strong>in</strong></span> <span class='ocrx_word' id='word_1_590' title='bbox 3155 3443 3280 3508; x_wconf 85' lang='lat' dir='ltr'><strong>fide,</strong></span> <span class='ocrx_word' id='word_1_591' title='bbox 3321 3445 3441 3498; x_wconf 86' lang='lat' dir='ltr'><strong>fidis</strong></span> <span class='ocrx_word' id='word_1_592' title='bbox 3492 3445 3560 3500; x_wconf 84' lang='lat' dir='ltr'><strong>de</strong></span> 
     </span>
    </p>
   </div>
   <div class='ocr_carea' id='block_1_79' title="bbox 1975 3536 2200 3592">
    <p class='ocr_par' dir='ltr' id='par_1_79' title="bbox 1975 3536 2200 3592">
     <span class='ocr_line' id='line_1_79' title="bbox 1975 3536 2200 3592; baseline -0.022 1"><span class='ocrx_word' id='word_1_593' title='bbox 1975 3536 2200 3592; x_wconf 81' lang='lat' dir='ltr'><strong>chorda.</strong></span> 
     </span>
    </p>
   </div>
   <div class='ocr_carea' id='block_1_80' title="bbox 2044 3624 3564 3696">
    <p class='ocr_par' dir='ltr' id='par_1_80' title="bbox 2044 3624 3564 3696">
     <span class='ocr_line' id='line_1_80' title="bbox 2044 3624 3564 3696; baseline -0.001 -15"><span class='ocrx_word' id='word_1_594' title='bbox 2044 3626 2173 3681; x_wconf 85' lang='lat'><strong>255.</strong></span> <span class='ocrx_word' id='word_1_595' title='bbox 2216 3626 2358 3682; x_wconf 89' lang='lat' dir='ltr'><strong>Inter</strong></span> <span class='ocrx_word' id='word_1_596' title='bbox 2384 3624 2588 3682; x_wconf 86' lang='lat' dir='ltr'><strong>Fenum</strong></span> <span class='ocrx_word' id='word_1_597' title='bbox 2637 3635 2692 3683; x_wconf 87' lang='lat' dir='ltr'><strong>et</strong></span> <span class='ocrx_word' id='word_1_598' title='bbox 2731 3625 2899 3694; x_wconf 86' lang='lat' dir='ltr'><strong>fenus.</strong></span> <span class='ocrx_word' id='word_1_599' title='bbox 2944 3626 3144 3681; x_wconf 87' lang='lat' dir='ltr'><strong>Fenutn</strong></span> <span class='ocrx_word' id='word_1_600' title='bbox 3194 3627 3363 3696; x_wconf 83' lang='lat' dir='ltr'><strong>palea,</strong></span> <span class='ocrx_word' id='word_1_601' title='bbox 3413 3626 3564 3682; x_wconf 74' lang='lat' dir='ltr'><strong>fcinus</strong></span> 
     </span>
    </p>
   </div>
   <div class='ocr_carea' id='block_1_81' title="bbox 1977 3718 2318 3773">
    <p class='ocr_par' dir='ltr' id='par_1_81' title="bbox 1977 3718 2318 3773">
     <span class='ocr_line' id='line_1_81' title="bbox 1977 3718 2318 3773; baseline 0.003 -1"><span class='ocrx_word' id='word_1_602' title='bbox 1977 3718 2183 3773; x_wconf 86' lang='lat' dir='ltr'><strong>lucrum</strong></span> <span class='ocrx_word' id='word_1_603' title='bbox 2214 3729 2318 3773; x_wconf 89' lang='lat' dir='ltr'><strong>est.</strong></span> 
     </span>
    </p>
   </div>
   <div class='ocr_carea' id='block_1_82' title="bbox 2046 3873 3560 3947">
    <p class='ocr_par' dir='ltr' id='par_1_82' title="bbox 2046 3873 3560 3947">
     <span class='ocr_line' id='line_1_82' title="bbox 2046 3873 3560 3947; baseline -0.003 -18"><span class='ocrx_word' id='word_1_604' title='bbox 2046 3905 2119 3918; x_wconf 93' lang='lat'><strong>—</strong></span> <span class='ocrx_word' id='word_1_605' title='bbox 2149 3877 2213 3930; x_wconf 82' lang='lat' dir='ltr'><strong>Et</strong></span> <span class='ocrx_word' id='word_1_606' title='bbox 2241 3893 2303 3932; x_wconf 83' lang='lat' dir='ltr'><strong>ea:</strong></span> <span class='ocrx_word' id='word_1_607' title='bbox 2345 3878 2524 3947; x_wconf 85' lang='lat' dir='ltr'><strong>ipsa...</strong></span> <span class='ocrx_word' id='word_1_608' title='bbox 2561 3876 2713 3930; x_wconf 79' lang='lat' dir='ltr'><strong>Varr.</strong></span> <span class='ocrx_word' id='word_1_609' title='bbox 2746 3883 2800 3930; x_wconf 88' lang='lat' dir='ltr'><strong>el</strong></span> <span class='ocrx_word' id='word_1_610' title='bbox 2823 3874 2994 3940; x_wconf 85' lang='lat' dir='ltr'><strong>cht.,</strong></span> <span class='ocrx_word' id='word_1_611' title='bbox 3028 3873 3235 3937; x_wconf 86' lang='lat' dir='ltr'><strong>melius,</strong></span> <span class='ocrx_word' id='word_1_612' title='bbox 3264 3887 3290 3925; x_wconf 90' lang='lat' dir='ltr'><strong>a</strong></span> <span class='ocrx_word' id='word_1_613' title='bbox 3337 3873 3560 3926; x_wconf 85' lang='lat' dir='ltr'><strong>circum-</strong></span> 
     </span>
    </p>
   </div>
   <div class='ocr_carea' id='block_1_83' title="bbox 1977 3948 2702 4013">
    <p class='ocr_par' dir='ltr' id='par_1_83' title="bbox 1977 3948 2702 4013">
     <span class='ocr_line' id='line_1_83' title="bbox 1977 3948 2702 4013; baseline 0.001 -15"><span class='ocrx_word' id='word_1_614' title='bbox 1977 3948 2169 4013; x_wconf 84' lang='lat' dir='ltr'><strong>eundo,</strong></span> <span class='ocrx_word' id='word_1_615' title='bbox 2201 3960 2291 4000; x_wconf 89' lang='lat' dir='ltr'><strong>aut</strong></span> <span class='ocrx_word' id='word_1_616' title='bbox 2317 3948 2702 4002; x_wconf 87' lang='lat' dir='ltr'><strong>circumnaudo.</strong></span> 
     </span>
    </p>
   </div>
   <div class='ocr_carea' id='block_1_84' title="bbox 2051 4015 3559 4088">
    <p class='ocr_par' dir='ltr' id='par_1_84' title="bbox 2051 4015 3559 4088">
     <span class='ocr_line' id='line_1_84' title="bbox 2051 4015 3559 4088; baseline -0.002 -18"><span class='ocrx_word' id='word_1_617' title='bbox 2051 4016 2189 4071; x_wconf 76' lang='lat' dir='ltr'><strong>Ibid.</strong></span> <span class='ocrx_word' id='word_1_618' title='bbox 2222 4018 2279 4072; x_wconf 89' lang='lat' dir='ltr'><strong>In</strong></span> <span class='ocrx_word' id='word_1_619' title='bbox 2321 4018 2666 4088; x_wconf 62' lang='lat' dir='ltr'><strong>Ltytnologiis</strong></span> <span class='ocrx_word' id='word_1_620' title='bbox 2703 4017 2906 4088; x_wconf 71' lang='lat' dir='ltr'><strong>legitur</strong></span> <span class='ocrx_word' id='word_1_621' title='bbox 2955 4029 3119 4088; x_wconf 61' lang='lat' dir='ltr'><strong>nune</strong></span> <span class='ocrx_word' id='word_1_622' title='bbox 3143 4015 3348 4088; x_wconf 82' lang='lat' dir='ltr'><strong>fluvius_</strong></span> <span class='ocrx_word' id='word_1_623' title='bbox 3379 4029 3559 4088; x_wconf 63' lang='lat' dir='ltr'><strong>cursus</strong></span> 
     </span>
    </p>
   </div>
   <div class='ocr_carea' id='block_1_85' title="bbox 1977 4082 3556 4156">
    <p class='ocr_par' dir='ltr' id='par_1_85' title="bbox 1977 4082 3556 4156">
     <span class='ocr_line' id='line_1_85' title="bbox 1977 4082 3556 4156; baseline -0.003 -18"><span class='ocrx_word' id='word_1_624' title='bbox 1977 4103 2144 4156; x_wconf 73' lang='lat' dir='ltr'><strong>aquar,</strong></span> <span class='ocrx_word' id='word_1_625' title='bbox 2175 4104 2278 4142; x_wconf 89' lang='lat' dir='ltr'><strong>non</strong></span> <span class='ocrx_word' id='word_1_626' title='bbox 2305 4082 2652 4152; x_wconf 41' lang='lat' dir='ltr'><strong>decursusfut</strong></span> <span class='ocrx_word' id='word_1_627' title='bbox 2701 4082 2952 4156; x_wconf 63' lang='lat' dir='ltr'><strong>Palatinus</strong></span> <span class='ocrx_word' id='word_1_628' title='bbox 2981 4085 3227 4147; x_wconf 75' lang='lat' dir='ltr'><strong>exhibet;</strong></span> <span class='ocrx_word' id='word_1_629' title='bbox 3257 4082 3350 4136; x_wconf 88' lang='lat' dir='ltr'><strong>sed</strong></span> <span class='ocrx_word' id='word_1_630' title='bbox 3398 4083 3556 4146; x_wconf 84' lang='lat' dir='ltr'><strong>infra,</strong></span> 
     </span>
    </p>
   </div>
   <div class='ocr_carea' id='block_1_86' title="bbox 1981 4155 2902 4225">
    <p class='ocr_par' dir='ltr' id='par_1_86' title="bbox 1981 4155 2902 4225">
     <span class='ocr_line' id='line_1_86' title="bbox 1981 4155 2902 4225; baseline -0.001 -15"><span class='ocrx_word' id='word_1_631' title='bbox 1981 4155 2034 4211; x_wconf 80' lang='grc' dir='ltr'>ιι.</span> <span class='ocrx_word' id='word_1_632' title='bbox 2067 4158 2192 4220; x_wconf 68' lang='grc'><strong>499,</strong></span> <span class='ocrx_word' id='word_1_633' title='bbox 2222 4159 2415 4225; x_wconf 83' lang='lat' dir='ltr'><strong>legitur</strong></span> <span class='ocrx_word' id='word_1_634' title='bbox 2439 4160 2706 4209; x_wconf 78' lang='lat' dir='ltr'><strong>decursus.</strong></span> <span class='ocrx_word' id='word_1_635' title='bbox 2734 4155 2902 4225; x_wconf 61' lang='lat' dir='ltr'><strong>Ani-2v.</strong></span> 
     </span>
    </p>
   </div>
   <div class='ocr_carea' id='block_1_87' title="bbox 2040 4221 3023 4290">
    <p class='ocr_par' dir='ltr' id='par_1_87' title="bbox 2040 4221 3023 4290">
     <span class='ocr_line' id='line_1_87' title="bbox 2040 4221 3023 4290; baseline -0.006 -10"><span class='ocrx_word' id='word_1_636' title='bbox 2040 4226 2166 4280; x_wconf 67' lang='grc'><strong>215.</strong></span> <span class='ocrx_word' id='word_1_637' title='bbox 2199 4221 2299 4282; x_wconf 63' lang='lat' dir='ltr'><strong>Sic</strong></span> <span class='ocrx_word' id='word_1_638' title='bbox 2313 4227 2425 4279; x_wconf 89' lang='lat' dir='ltr'><strong>fere</strong></span> <span class='ocrx_word' id='word_1_639' title='bbox 2450 4226 2587 4290; x_wconf 76' lang='lat' dir='ltr'><strong>Non,</strong></span> <span class='ocrx_word' id='word_1_640' title='bbox 2619 4225 2745 4278; x_wconf 89' lang='lat' dir='ltr'><strong>dict.</strong></span> <span class='ocrx_word' id='word_1_641' title='bbox 2780 4221 3023 4274; x_wconf 82' lang='lat' dir='ltr'><strong>Fulmen.</strong></span> 
     </span>
    </p>
   </div>
   <div class='ocr_carea' id='block_1_88' title="bbox 1986 4293 3559 4420">
    <p class='ocr_par' dir='ltr' id='par_1_88' title="bbox 1986 4293 3559 4420">
     <span class='ocr_line' id='line_1_88' title="bbox 1986 4293 3559 4420; baseline -0.003 -72"><span class='ocrx_word' id='word_1_642' title='bbox 1986 4367 2028 4420; x_wconf 66' lang='grc' dir='ltr'><strong>Α</strong></span> <span class='ocrx_word' id='word_1_643' title='bbox 2054 4295 2187 4349; x_wconf 79' lang='lat' dir='ltr'><strong>Ibid.</strong></span> <span class='ocrx_word' id='word_1_644' title='bbox 2225 4297 2339 4350; x_wconf 85' lang='lat' dir='ltr'><strong>Vat.</strong></span> <span class='ocrx_word' id='word_1_645' title='bbox 2372 4306 2558 4348; x_wconf 86' lang='lat' dir='ltr'><strong>terram</strong></span> <span class='ocrx_word' id='word_1_646' title='bbox 2595 4295 2832 4348; x_wconf 84' lang='lat' dir='ltr'><strong>emissus.</strong></span> <span class='ocrx_word' id='word_1_647' title='bbox 2886 4293 2950 4345; x_wconf 81' lang='lat' dir='ltr'><strong>Et</strong></span> <span class='ocrx_word' id='word_1_648' title='bbox 2997 4305 3117 4345; x_wconf 79' lang='lat' dir='ltr'><strong>mox</strong></span> <span class='ocrx_word' id='word_1_649' title='bbox 3171 4293 3328 4344; x_wconf 86' lang='lat' dir='ltr'><strong>ternis</strong></span> <span class='ocrx_word' id='word_1_650' title='bbox 3377 4294 3559 4345; x_wconf 86' lang='lat' dir='ltr'><strong>radiis.</strong></span> 
     </span>
     <span class='ocr_line' id='line_1_89' title="bbox 2035 4383 2738 4420; baseline -0.004 -1"><span class='ocrx_word' id='word_1_651' title='bbox 2035 4383 2158 4420; x_wconf 77' lang='lat' dir='ltr'><strong>nev.</strong></span> <span class='ocrx_word' id='word_1_652' title='bbox 2731 4410 2738 4416; x_wconf 88' lang='lat'><strong>.</strong></span> 
     </span>
    </p>
   </div>
   <div class='ocr_carea' id='block_1_89' title="bbox 2035 4383 2158 4420">
    <p class='ocr_par' dir='ltr' id='par_1_89' title="bbox 2035 4383 2158 4420">
     <span class='ocr_line' id='line_1_90' title="bbox 2035 4383 2158 4420; baseline 0.008 -1"><span class='ocrx_word' id='word_1_653' title='bbox 2035 4383 2158 4420; x_wconf 76' lang='grc' dir='ltr'>ιιεν.</span> 
     </span>
    </p>
   </div>
   <div class='ocr_carea' id='block_1_90' title="bbox 370 4410 1868 4503">
    <p class='ocr_par' dir='ltr' id='par_1_90' title="bbox 370 4410 1868 4503">
     <span class='ocr_line' id='line_1_91' title="bbox 370 4410 1868 4503; baseline -0.006 -14"><span class='ocrx_word' id='word_1_654' title='bbox 370 4410 594 4489; x_wconf 52' lang='grc' dir='ltr'><strong>ἷῶἶῖὶξ</strong></span> <span class='ocrx_word' id='word_1_655' title='bbox 613 4410 1238 4503; x_wconf 44' lang='lat' dir='ltr'><strong>satis.mitram.</strong></span> <span class='ocrx_word' id='word_1_656' title='bbox 1272 4410 1428 4500; x_wconf 64' lang='lat' dir='ltr'><strong>opus,</strong></span> <span class='ocrx_word' id='word_1_657' title='bbox 1470 4427 1637 4496; x_wconf 86' lang='lat' dir='ltr'><strong>forma</strong></span> <span class='ocrx_word' id='word_1_658' title='bbox 1683 4436 1868 4480; x_wconf 77' lang='lat' dir='ltr'><strong>Italum</strong></span> 
     </span>
    </p>
   </div>
   <div class='ocr_carea' id='block_1_91' title="bbox 1965 4410 3563 4503">
    <p class='ocr_par' dir='ltr' id='par_1_91' title="bbox 1986 4410 3563 4503">
     <span class='ocr_line' id='line_1_92' title="bbox 1986 4410 3563 4503; baseline -0.002 -14"><span class='ocrx_word' id='word_1_659' title='bbox 2207 4435 2251 4490; x_wconf 85' lang='lat' dir='ltr'><strong>A</strong></span> <span class='ocrx_word' id='word_1_660' title='bbox 2270 4435 2422 4490; x_wconf 91' lang='lat' dir='ltr'><strong>Scrv.</strong></span> <span class='ocrx_word' id='word_1_661' title='bbox 2439 4434 2708 4499; x_wconf 88' lang='lat' dir='ltr'><strong>dissentit,</strong></span> <span class='ocrx_word' id='word_1_662' title='bbox 2724 4410 2832 4500; x_wconf 78' lang='lat' dir='ltr'><strong>qui,</strong></span> <span class='ocrx_word' id='word_1_663' title='bbox 2855 4432 2919 4485; x_wconf 91' lang='lat' dir='ltr'><strong>ad</strong></span> <span class='ocrx_word' id='word_1_664' title='bbox 2940 4433 3011 4486; x_wconf 91' lang='lat' dir='ltr'><strong>ill.</strong></span> <span class='ocrx_word' id='word_1_665' title='bbox 3043 4430 3198 4503; x_wconf 72' lang='grc' dir='ltr'>ιᾸΞιι.</span> <span class='ocrx_word' id='word_1_666' title='bbox 3224 4449 3238 4485; x_wconf 87' lang='lat'><strong>:</strong></span> <span class='ocrx_word' id='word_1_667' title='bbox 3267 4430 3563 4502; x_wconf 75' lang='lat' dir='ltr'><strong>Frugesque</strong></span> 
     </span>
    </p>
   </div>
   <div class='ocr_carea' id='block_1_92' title="bbox 304 4508 510 4560">
    <p class='ocr_par' dir='ltr' id='par_1_92' title="bbox 304 4508 510 4560">
     <span class='ocr_line' id='line_1_93' title="bbox 304 4508 510 4560; baseline 0 0"><span class='ocrx_word' id='word_1_668' title='bbox 304 4508 510 4560; x_wconf 76' lang='lat' dir='ltr'><strong>bonum.</strong></span> 
     </span>
    </p>
   </div>
   <div class='ocr_carea' id='block_1_93' title="bbox 372 4568 1880 4641">
    <p class='ocr_par' dir='ltr' id='par_1_93' title="bbox 372 4568 1880 4641">
     <span class='ocr_line' id='line_1_94' title="bbox 372 4568 1880 4641; baseline -0.005 -12"><span class='ocrx_word' id='word_1_669' title='bbox 372 4576 470 4629; x_wconf 79' lang='lat' dir='ltr'><strong>2-H</strong></span> <span class='ocrx_word' id='word_1_670' title='bbox 487 4616 500 4629; x_wconf 97' lang='lat'><strong>.</strong></span> <span class='ocrx_word' id='word_1_671' title='bbox 522 4573 638 4627; x_wconf 78' lang='lat' dir='ltr'><strong>Vid.</strong></span> <span class='ocrx_word' id='word_1_672' title='bbox 663 4574 813 4628; x_wconf 89' lang='lat' dir='ltr'><strong>Serv.</strong></span> <span class='ocrx_word' id='word_1_673' title='bbox 834 4574 925 4628; x_wconf 91' lang='lat' dir='ltr'><strong>lib.</strong></span> <span class='ocrx_word' id='word_1_674' title='bbox 950 4570 1292 4636; x_wconf 69' lang='lat' dir='ltr'><strong>v1uA§n.,ad</strong></span> <span class='ocrx_word' id='word_1_675' title='bbox 1319 4570 1390 4641; x_wconf 80' lang='lat' dir='ltr'><strong>ill.</strong></span> <span class='ocrx_word' id='word_1_676' title='bbox 1411 4587 1421 4621; x_wconf 92' lang='lat'><strong>:</strong></span> <span class='ocrx_word' id='word_1_677' title='bbox 1446 4568 1717 4641; x_wconf 81' lang='lat' dir='ltr'><strong>Terfessus</strong></span> <span class='ocrx_word' id='word_1_678' title='bbox 1747 4569 1880 4641; x_wconf 84' lang='lat' dir='ltr'><strong>valle</strong></span> 
     </span>
    </p>
   </div>
   <div class='ocr_carea' id='block_1_94' title="bbox 303 4639 1880 4714">
    <p class='ocr_par' dir='ltr' id='par_1_94' title="bbox 303 4639 1880 4714">
     <span class='ocr_line' id='line_1_95' title="bbox 303 4639 1880 4714; baseline -0.006 -13"><span class='ocrx_word' id='word_1_679' title='bbox 303 4648 512 4701; x_wconf 83' lang='lat' dir='ltr'><strong>resedit.</strong></span> <span class='ocrx_word' id='word_1_680' title='bbox 550 4645 874 4714; x_wconf 78' lang='lat' dir='ltr'><strong>Etytnolog.,</strong></span> <span class='ocrx_word' id='word_1_681' title='bbox 907 4644 998 4696; x_wconf 90' lang='lat' dir='ltr'><strong>lib.</strong></span> <span class='ocrx_word' id='word_1_682' title='bbox 1040 4659 1093 4714; x_wconf 58' lang='grc' dir='ltr'><strong>ξ,</strong></span> <span class='ocrx_word' id='word_1_683' title='bbox 1125 4643 1311 4714; x_wconf 84' lang='lat' dir='ltr'><strong>littera</strong></span> <span class='ocrx_word' id='word_1_684' title='bbox 1348 4640 1413 4693; x_wconf 68' lang='grc' dir='ltr'><strong>ιε’.</strong></span> <span class='ocrx_word' id='word_1_685' title='bbox 1445 4639 1613 4714; x_wconf 78' lang='lat' dir='ltr'><strong>Aliter</strong></span> <span class='ocrx_word' id='word_1_686' title='bbox 1665 4639 1880 4714; x_wconf 80' lang='lat' dir='ltr'><strong>Verrius</strong></span> 
     </span>
    </p>
   </div>
   <div class='ocr_carea' id='block_1_95' title="bbox 305 4710 1880 4784">
    <p class='ocr_par' dir='ltr' id='par_1_95' title="bbox 305 4710 1880 4784">
     <span class='ocr_line' id='line_1_96' title="bbox 305 4710 1880 4784; baseline -0.006 -14"><span class='ocrx_word' id='word_1_687' title='bbox 305 4719 444 4784; x_wconf 88' lang='lat' dir='ltr'><strong>apud</strong></span> <span class='ocrx_word' id='word_1_688' title='bbox 480 4710 785 4770; x_wconf 81' lang='lat' dir='ltr'><strong>Diomedem</strong></span> <span class='ocrx_word' id='word_1_689' title='bbox 803 4710 907 4769; x_wconf 71' lang='grc' dir='ltr'>ιιι).</span> <span class='ocrx_word' id='word_1_690' title='bbox 937 4729 952 4765; x_wconf 91' lang='grc' dir='ltr'><strong>ι</strong></span> <span class='ocrx_word' id='word_1_691' title='bbox 979 4731 992 4765; x_wconf 92' lang='lat'>:</span> <span class='ocrx_word' id='word_1_692' title='bbox 1033 4712 1182 4776; x_wconf 85' lang='lat' dir='ltr'><strong>Quod</strong></span> <span class='ocrx_word' id='word_1_693' title='bbox 1218 4713 1465 4782; x_wconf 84' lang='lat' dir='ltr'><strong>fatigatus</strong></span> <span class='ocrx_word' id='word_1_694' title='bbox 1498 4711 1584 4771; x_wconf 86' lang='lat' dir='ltr'><strong>sit,</strong></span> <span class='ocrx_word' id='word_1_695' title='bbox 1616 4723 1734 4760; x_wconf 88' lang='lat' dir='ltr'><strong>cum</strong></span> <span class='ocrx_word' id='word_1_696' title='bbox 1768 4710 1880 4776; x_wconf 84' lang='lat' dir='ltr'><strong>quis</strong></span> 
     </span>
    </p>
   </div>
   <div class='ocr_carea' id='block_1_96' title="bbox 305 4785 1881 4857">
    <p class='ocr_par' dir='ltr' id='par_1_96' title="bbox 305 4785 1881 4857">
     <span class='ocr_line' id='line_1_97' title="bbox 305 4785 1881 4857; baseline -0.005 -18"><span class='ocrx_word' id='word_1_697' title='bbox 305 4804 393 4857; x_wconf 75' lang='lat' dir='ltr'><strong>per</strong></span> <span class='ocrx_word' id='word_1_698' title='bbox 426 4786 857 4857; x_wconf 84' lang='lat' dir='ltr'><strong>aliumlaborare</strong></span> <span class='ocrx_word' id='word_1_699' title='bbox 884 4785 1243 4853; x_wconf 81' lang='lat' dir='ltr'><strong>compellitur;</strong></span> <span class='ocrx_word' id='word_1_700' title='bbox 1266 4785 1429 4852; x_wconf 85' lang='lat' dir='ltr'><strong>fessus</strong></span> <span class='ocrx_word' id='word_1_701' title='bbox 1459 4794 1596 4845; x_wconf 82' lang='lat' dir='ltr'><strong>vero,</strong></span> <span class='ocrx_word' id='word_1_702' title='bbox 1632 4793 1749 4830; x_wconf 89' lang='lat' dir='ltr'><strong>cum</strong></span> <span class='ocrx_word' id='word_1_703' title='bbox 1767 4795 1881 4848; x_wconf 76' lang='lat' dir='ltr'><strong>quis</strong></span> 
     </span>
    </p>
   </div>
   <div class='ocr_carea' id='block_1_97' title="bbox 305 4855 1025 4922">
    <p class='ocr_par' dir='ltr' id='par_1_97' title="bbox 305 4855 1025 4922">
     <span class='ocr_line' id='line_1_98' title="bbox 305 4855 1025 4922; baseline -0.004 -11"><span class='ocrx_word' id='word_1_704' title='bbox 305 4855 477 4911; x_wconf 83' lang='lat' dir='ltr'><strong>labore</strong></span> <span class='ocrx_word' id='word_1_705' title='bbox 506 4856 697 4922; x_wconf 66' lang='lat' dir='ltr'><strong>deﬁcit,</strong></span> <span class='ocrx_word' id='word_1_706' title='bbox 738 4866 791 4908; x_wconf 89' lang='lat' dir='ltr'><strong>ut</strong></span> <span class='ocrx_word' id='word_1_707' title='bbox 840 4855 1025 4908; x_wconf 87' lang='lat' dir='ltr'><strong>lassus.</strong></span> 
     </span>
    </p>
   </div>
   <div class='ocr_carea' id='block_1_98' title="bbox 377 4921 1484 4994">
    <p class='ocr_par' dir='ltr' id='par_1_98' title="bbox 377 4921 1484 4994">
     <span class='ocr_line' id='line_1_99' title="bbox 377 4921 1484 4994; baseline -0.007 -14"><span class='ocrx_word' id='word_1_708' title='bbox 377 4927 501 4980; x_wconf 74' lang='lat' dir='ltr'><strong>2l2.</strong></span> <span class='ocrx_word' id='word_1_709' title='bbox 536 4921 626 4981; x_wconf 88' lang='lat' dir='ltr'><strong>Sic</strong></span> <span class='ocrx_word' id='word_1_710' title='bbox 648 4928 738 4980; x_wconf 88' lang='lat' dir='ltr'><strong>lib.</strong></span> <span class='ocrx_word' id='word_1_711' title='bbox 771 4940 895 4978; x_wconf 79' lang='lat' dir='ltr'><strong>xvtn</strong></span> <span class='ocrx_word' id='word_1_712' title='bbox 924 4924 1219 4994; x_wconf 78' lang='lat' dir='ltr'><strong>Etymolog.</strong></span> <span class='ocrx_word' id='word_1_713' title='bbox 1239 4963 1254 4988; x_wconf 92' lang='lat'><strong>,</strong></span> <span class='ocrx_word' id='word_1_714' title='bbox 1281 4937 1398 4990; x_wconf 85' lang='lat' dir='ltr'><strong>cap.</strong></span> <span class='ocrx_word' id='word_1_715' title='bbox 1432 4921 1484 4973; x_wconf 82' lang='lat'><strong>6.</strong></span> 
     </span>
    </p>
   </div>
   <div class='ocr_carea' id='block_1_99' title="bbox 377 4993 1883 5056">
    <p class='ocr_par' dir='ltr' id='par_1_99' title="bbox 377 4993 1883 5056">
     <span class='ocr_line' id='line_1_100' title="bbox 377 4993 1883 5056; baseline -0.006 -6"><span class='ocrx_word' id='word_1_716' title='bbox 377 4998 505 5051; x_wconf 69' lang='grc'><strong>244.</strong></span> <span class='ocrx_word' id='word_1_717' title='bbox 525 4998 584 5051; x_wconf 81' lang='lat' dir='ltr'><strong>C.</strong></span> <span class='ocrx_word' id='word_1_718' title='bbox 614 4996 814 5049; x_wconf 82' lang='lat' dir='ltr'><strong>Fronto</strong></span> <span class='ocrx_word' id='word_1_719' title='bbox 832 4993 1015 5048; x_wconf 81' lang='lat' dir='ltr'><strong>contra</strong></span> <span class='ocrx_word' id='word_1_720' title='bbox 1039 4993 1288 5047; x_wconf 77' lang='lat' dir='ltr'><strong>:Fluinen</strong></span> <span class='ocrx_word' id='word_1_721' title='bbox 1316 4995 1449 5046; x_wconf 86' lang='lat' dir='ltr'><strong>idem</strong></span> <span class='ocrx_word' id='word_1_722' title='bbox 1466 4993 1604 5056; x_wconf 79' lang='lat' dir='ltr'><strong>ﬂuit,</strong></span> <span class='ocrx_word' id='word_1_723' title='bbox 1626 5000 1670 5044; x_wconf 91' lang='lat' dir='ltr'><strong>et</strong></span> <span class='ocrx_word' id='word_1_724' title='bbox 1690 5001 1883 5054; x_wconf 85' lang='lat' dir='ltr'><strong>manet;</strong></span> 
     </span>
    </p>
   </div>
   <div class='ocr_carea' id='block_1_100' title="bbox 307 5062 1884 5138">
    <p class='ocr_par' dir='ltr' id='par_1_100' title="bbox 307 5062 1884 5138">
     <span class='ocr_line' id='line_1_101' title="bbox 307 5062 1884 5138; baseline -0.006 -16"><span class='ocrx_word' id='word_1_725' title='bbox 307 5071 496 5138; x_wconf 78' lang='lat' dir='ltr'><strong>ﬂuuius</strong></span> <span class='ocrx_word' id='word_1_726' title='bbox 525 5067 833 5138; x_wconf 81' lang='lat' dir='ltr'><strong>temporibus</strong></span> <span class='ocrx_word' id='word_1_727' title='bbox 860 5068 1103 5118; x_wconf 84' lang='lat' dir='ltr'><strong>siccatur.</strong></span> <span class='ocrx_word' id='word_1_728' title='bbox 1139 5065 1234 5118; x_wconf 78' lang='lat' dir='ltr'><strong>Est</strong></span> <span class='ocrx_word' id='word_1_729' title='bbox 1263 5073 1438 5138; x_wconf 45' lang='lat' dir='ltr'><strong>autgm</strong></span> <span class='ocrx_word' id='word_1_730' title='bbox 1466 5073 1606 5138; x_wconf 65' lang='lat' dir='ltr'><strong>tutus</strong></span> <span class='ocrx_word' id='word_1_731' title='bbox 1643 5062 1756 5114; x_wconf 83' lang='lat' dir='ltr'><strong>fere</strong></span> <span class='ocrx_word' id='word_1_732' title='bbox 1800 5063 1884 5138; x_wconf 62' lang='lat' dir='ltr'><strong>lite</strong></span> 
     </span>
    </p>
   </div>
   <div class='ocr_carea' id='block_1_101' title="bbox 311 5131 1882 5206">
    <p class='ocr_par' dir='ltr' id='par_1_101' title="bbox 311 5131 1882 5206">
     <span class='ocr_line' id='line_1_102' title="bbox 311 5131 1882 5206; baseline -0.006 -15"><span class='ocrx_word' id='word_1_733' title='bbox 311 5131 457 5191; x_wconf 78' lang='lat' dir='ltr'><strong>locus</strong></span> <span class='ocrx_word' id='word_1_734' title='bbox 479 5153 543 5190; x_wconf 82' lang='lat' dir='ltr'><strong>ex</strong></span> <span class='ocrx_word' id='word_1_735' title='bbox 569 5131 658 5190; x_wconf 81' lang='lat' dir='ltr'><strong>lib.</strong></span> <span class='ocrx_word' id='word_1_736' title='bbox 694 5150 787 5190; x_wconf 75' lang='lat' dir='ltr'><strong>uti</strong></span> <span class='ocrx_word' id='word_1_737' title='bbox 820 5137 1142 5206; x_wconf 76' lang='lat' dir='ltr'><strong>Etytnolog.,</strong></span> <span class='ocrx_word' id='word_1_738' title='bbox 1183 5149 1313 5206; x_wconf 86' lang='lat' dir='ltr'><strong>cap.</strong></span> <span class='ocrx_word' id='word_1_739' title='bbox 1360 5134 1448 5185; x_wconf 84' lang='lat'><strong>21.</strong></span> <span class='ocrx_word' id='word_1_740' title='bbox 1485 5133 1560 5185; x_wconf 78' lang='lat' dir='ltr'><strong>Ex</strong></span> <span class='ocrx_word' id='word_1_741' title='bbox 1591 5147 1696 5199; x_wconf 87' lang='lat' dir='ltr'><strong>quo</strong></span> <span class='ocrx_word' id='word_1_742' title='bbox 1723 5131 1882 5206; x_wconf 74' lang='lat' dir='ltr'><strong>verba</strong></span> 
     </span>
    </p>
   </div>
   <div class='ocr_carea' id='block_1_102' title="bbox 307 5200 1884 5331">
    <p class='ocr_par' dir='ltr' id='par_1_102' title="bbox 307 5200 1884 5331">
     <span class='ocr_line' id='line_1_103' title="bbox 307 5200 1884 5331; baseline -0.005 -71"><span class='ocrx_word' id='word_1_743' title='bbox 307 5209 496 5331; x_wconf 59' lang='lat' dir='ltr'><strong>{fuluius</strong></span> <span class='ocrx_word' id='word_1_744' title='bbox 524 5209 671 5278; x_wconf 85' lang='lat' dir='ltr'><strong>cujus</strong></span> <span class='ocrx_word' id='word_1_745' title='bbox 700 5221 834 5276; x_wconf 81' lang='lat' dir='ltr'><strong>aqua</strong></span> <span class='ocrx_word' id='word_1_746' title='bbox 863 5200 914 5260; x_wconf 81' lang='lat' dir='ltr'><strong>in</strong></span> <span class='ocrx_word' id='word_1_747' title='bbox 939 5200 1124 5276; x_wconf 75' lang='lat' dir='ltr'><strong>fluvius</strong></span> <span class='ocrx_word' id='word_1_748' title='bbox 1157 5205 1398 5257; x_wconf 85' lang='lat' dir='ltr'><strong>decursus</strong></span> <span class='ocrx_word' id='word_1_749' title='bbox 1435 5217 1598 5269; x_wconf 64' lang='lat' dir='ltr'><strong>aqua,</strong></span> <span class='ocrx_word' id='word_1_750' title='bbox 1632 5200 1884 5254; x_wconf 85' lang='lat' dir='ltr'><strong>mutanda</strong></span> 
     </span>
     <span class='ocr_line' id='line_1_104' title="bbox 310 5288 576 5331; baseline -0.004 0"><span class='ocrx_word' id='word_1_751' title='bbox 310 5294 358 5331; x_wconf 77' lang='lat' dir='ltr'><strong>vn</strong></span> <span class='ocrx_word' id='word_1_752' title='bbox 401 5288 576 5331; x_wconf 88' lang='lat' dir='ltr'><strong>entur.</strong></span> 
     </span>
    </p>
   </div>
   <div class='ocr_carea' id='block_1_103' title="bbox 310 5288 576 5332">
    <p class='ocr_par' dir='ltr' id='par_1_103' title="bbox 310 5288 576 5332">
     <span class='ocr_line' id='line_1_105' title="bbox 310 5288 576 5332; baseline -0.008 0"><span class='ocrx_word' id='word_1_753' title='bbox 310 5288 576 5332; x_wconf 77' lang='lat' dir='ltr'><strong>Videntur.</strong></span> 
     </span>
    </p>
   </div>
   <div class='ocr_carea' id='block_1_104' title="bbox 383 5339 1885 5410">
    <p class='ocr_par' dir='ltr' id='par_1_104' title="bbox 383 5339 1885 5410">
     <span class='ocr_line' id='line_1_106' title="bbox 383 5339 1885 5410; baseline -0.007 -9"><span class='ocrx_word' id='word_1_754' title='bbox 383 5375 444 5389; x_wconf 73' lang='grc' dir='ltr'><strong>-ο</strong></span> <span class='ocrx_word' id='word_1_755' title='bbox 477 5347 800 5401; x_wconf 83' lang='lat' dir='ltr'><strong>Pacuvius...</strong></span> <span class='ocrx_word' id='word_1_756' title='bbox 830 5346 997 5410; x_wconf 87' lang='lat' dir='ltr'><strong>Fest.,</strong></span> <span class='ocrx_word' id='word_1_757' title='bbox 1024 5346 1154 5401; x_wconf 84' lang='lat' dir='ltr'><strong>dict.</strong></span> <span class='ocrx_word' id='word_1_758' title='bbox 1187 5344 1428 5404; x_wconf 86' lang='lat' dir='ltr'><strong>Torrens,</strong></span> <span class='ocrx_word' id='word_1_759' title='bbox 1461 5357 1525 5396; x_wconf 81' lang='lat' dir='ltr'><strong>ex</strong></span> <span class='ocrx_word' id='word_1_760' title='bbox 1557 5343 1784 5408; x_wconf 81' lang='lat' dir='ltr'><strong>Antiopa</strong></span> <span class='ocrx_word' id='word_1_761' title='bbox 1813 5339 1885 5392; x_wconf 80' lang='lat' dir='ltr'><strong>ci-</strong></span> 
     </span>
    </p>
   </div>
   <div class='ocr_carea' id='block_1_105' title="bbox 314 5413 1887 5487">
    <p class='ocr_par' dir='ltr' id='par_1_105' title="bbox 314 5413 1887 5487">
     <span class='ocr_line' id='line_1_107' title="bbox 314 5413 1887 5487; baseline -0.008 -14"><span class='ocrx_word' id='word_1_762' title='bbox 314 5425 419 5482; x_wconf 86' lang='lat' dir='ltr'><strong>tat;</strong></span> <span class='ocrx_word' id='word_1_763' title='bbox 455 5434 611 5487; x_wconf 87' lang='lat' dir='ltr'><strong>porro</strong></span> <span class='ocrx_word' id='word_1_764' title='bbox 654 5418 1047 5487; x_wconf 9' lang='lat' dir='ltr'><strong>dicuorlorret,</strong></span> <span class='ocrx_word' id='word_1_765' title='bbox 1087 5429 1141 5472; x_wconf 87' lang='lat' dir='ltr'><strong>et</strong></span> <span class='ocrx_word' id='word_1_766' title='bbox 1188 5416 1273 5469; x_wconf 88' lang='lat' dir='ltr'><strong>hic</strong></span> <span class='ocrx_word' id='word_1_767' title='bbox 1302 5427 1356 5470; x_wconf 89' lang='lat' dir='ltr'><strong>et</strong></span> <span class='ocrx_word' id='word_1_768' title='bbox 1400 5415 1449 5466; x_wconf 89' lang='lat' dir='ltr'><strong>in</strong></span> <span class='ocrx_word' id='word_1_769' title='bbox 1504 5413 1804 5480; x_wconf 83' lang='lat' dir='ltr'><strong>Etymolog.</strong></span> <span class='ocrx_word' id='word_1_770' title='bbox 1834 5424 1887 5462; x_wconf 85' lang='lat' dir='ltr'><strong>tn</strong></span> 
     </span>
    </p>
   </div>
   <div class='ocr_carea' id='block_1_106' title="bbox 318 5486 1888 5556">
    <p class='ocr_par' dir='ltr' id='par_1_106' title="bbox 318 5486 1888 5556">
     <span class='ocr_line' id='line_1_108' title="bbox 318 5486 1888 5556; baseline -0.007 -14"><span class='ocrx_word' id='word_1_771' title='bbox 318 5486 466 5543; x_wconf 55' lang='lat' dir='ltr'><strong>terra:</strong></span> <span class='ocrx_word' id='word_1_772' title='bbox 512 5488 782 5550; x_wconf 86' lang='lat' dir='ltr'><strong>mutanda,</strong></span> <span class='ocrx_word' id='word_1_773' title='bbox 837 5486 1514 5556; x_wconf 70' lang='lat' dir='ltr'><strong>legerad:rmque:ﬂammeo</strong></span> <span class='ocrx_word' id='word_1_774' title='bbox 1543 5496 1731 5546; x_wconf 87' lang='lat' dir='ltr'><strong>vapore</strong></span> <span class='ocrx_word' id='word_1_775' title='bbox 1777 5490 1888 5533; x_wconf 89' lang='lat' dir='ltr'><strong>tor-</strong></span> 
     </span>
    </p>
   </div>
   <div class='ocr_carea' id='block_1_107' title="bbox 312 5558 1074 5627">
    <p class='ocr_par' dir='ltr' id='par_1_107' title="bbox 312 5558 1074 5627">
     <span class='ocr_line' id='line_1_109' title="bbox 312 5558 1074 5627; baseline -0.005 -14"><span class='ocrx_word' id='word_1_776' title='bbox 312 5576 428 5613; x_wconf 80' lang='lat' dir='ltr'><strong>rens</strong></span> <span class='ocrx_word' id='word_1_777' title='bbox 456 5570 601 5627; x_wconf 75' lang='lat' dir='ltr'><strong>terra:</strong></span> <span class='ocrx_word' id='word_1_778' title='bbox 628 5559 783 5627; x_wconf 79' lang='lat' dir='ltr'><strong>fetum</strong></span> <span class='ocrx_word' id='word_1_779' title='bbox 810 5558 1074 5610; x_wconf 76' lang='lat' dir='ltr'><strong>exusserit.</strong></span> 
     </span>
    </p>
   </div>
   <div class='ocr_carea' id='block_1_108' title="bbox 386 5619 1888 5696">
    <p class='ocr_par' dir='ltr' id='par_1_108' title="bbox 386 5619 1888 5696">
     <span class='ocr_line' id='line_1_110' title="bbox 386 5619 1888 5696; baseline -0.003 -17"><span class='ocrx_word' id='word_1_780' title='bbox 386 5658 452 5668; x_wconf 92' lang='lat'><strong>—-</strong></span> <span class='ocrx_word' id='word_1_781' title='bbox 470 5626 609 5682; x_wconf 86' lang='lat' dir='ltr'><strong>Fons</strong></span> <span class='ocrx_word' id='word_1_782' title='bbox 628 5619 822 5680; x_wconf 77' lang='grc' dir='ltr'>ἀιιιι-ηι.</span> <span class='ocrx_word' id='word_1_783' title='bbox 850 5627 1023 5692; x_wconf 86' lang='lat' dir='ltr'><strong>Varr.,</strong></span> <span class='ocrx_word' id='word_1_784' title='bbox 1049 5628 1135 5682; x_wconf 88' lang='lat' dir='ltr'><strong>lib.</strong></span> <span class='ocrx_word' id='word_1_785' title='bbox 1161 5643 1209 5683; x_wconf 80' lang='lat' dir='ltr'><strong>tv</strong></span> <span class='ocrx_word' id='word_1_786' title='bbox 1231 5627 1377 5696; x_wconf 87' lang='lat' dir='ltr'><strong>Ling.</strong></span> <span class='ocrx_word' id='word_1_787' title='bbox 1407 5625 1546 5693; x_wconf 86' lang='lat' dir='ltr'><strong>Lat.,</strong></span> <span class='ocrx_word' id='word_1_788' title='bbox 1572 5622 1700 5680; x_wconf 88' lang='lat' dir='ltr'><strong>dict.</strong></span> <span class='ocrx_word' id='word_1_789' title='bbox 1723 5619 1888 5688; x_wconf 81' lang='lat' dir='ltr'><strong>Fons,</strong></span> 
     </span>
    </p>
   </div>
   <div class='ocr_carea' id='block_1_109' title="bbox 315 5696 953 5756">
    <p class='ocr_par' dir='ltr' id='par_1_109' title="bbox 315 5696 953 5756">
     <span class='ocr_line' id='line_1_111' title="bbox 315 5696 953 5756; baseline 0.005 -5"><span class='ocrx_word' id='word_1_790' title='bbox 315 5710 371 5755; x_wconf 88' lang='lat' dir='ltr'><strong>et</strong></span> <span class='ocrx_word' id='word_1_791' title='bbox 399 5699 582 5756; x_wconf 75' lang='lat' dir='ltr'><strong>Festus</strong></span> <span class='ocrx_word' id='word_1_792' title='bbox 606 5715 636 5753; x_wconf 70' lang='grc' dir='ltr'><strong>ιι</strong></span> <span class='ocrx_word' id='word_1_793' title='bbox 666 5696 953 5754; x_wconf 81' lang='lat' dir='ltr'><strong>fundendo.</strong></span> 
     </span>
    </p>
   </div>
   <div class='ocr_carea' id='block_1_110' title="bbox 1984 4502 3562 4576">
    <p class='ocr_par' dir='ltr' id='par_1_110' title="bbox 1984 4502 3562 4576">
     <span class='ocr_line' id='line_1_112' title="bbox 1984 4502 3562 4576; baseline -0.003 -17"><span class='ocrx_word' id='word_1_794' title='bbox 1984 4515 2245 4576; x_wconf 65' lang='lat' dir='ltr'><strong>receptas.</strong></span> <span class='ocrx_word' id='word_1_795' title='bbox 2298 4505 2562 4560; x_wconf 86' lang='lat' dir='ltr'><strong>frumenta</strong></span> <span class='ocrx_word' id='word_1_796' title='bbox 2614 4517 2667 4557; x_wconf 90' lang='lat' dir='ltr'><strong>et</strong></span> <span class='ocrx_word' id='word_1_797' title='bbox 2719 4505 2898 4576; x_wconf 84' lang='lat' dir='ltr'><strong>frttges</strong></span> <span class='ocrx_word' id='word_1_798' title='bbox 2946 4502 3245 4566; x_wconf 84' lang='lat' dir='ltr'><strong>confundit,</strong></span> <span class='ocrx_word' id='word_1_799' title='bbox 3292 4511 3346 4556; x_wconf 88' lang='lat' dir='ltr'><strong>et</strong></span> <span class='ocrx_word' id='word_1_800' title='bbox 3398 4504 3488 4557; x_wconf 89' lang='lat' dir='ltr'><strong>lib.</strong></span> <span class='ocrx_word' id='word_1_801' title='bbox 3547 4520 3562 4555; x_wconf 93' lang='grc' dir='ltr'><strong>ι</strong></span> 
     </span>
    </p>
   </div>
   <div class='ocr_carea' id='block_1_111' title="bbox 1986 4574 3006 4647">
    <p class='ocr_par' dir='ltr' id='par_1_111' title="bbox 1986 4574 3006 4647">
     <span class='ocr_line' id='line_1_113' title="bbox 1986 4574 3006 4647; baseline -0.006 -17"><span class='ocrx_word' id='word_1_802' title='bbox 1986 4574 2192 4647; x_wconf 73' lang='lat' dir='ltr'><strong>Georg.</strong></span> <span class='ocrx_word' id='word_1_803' title='bbox 2214 4576 2415 4647; x_wconf 70' lang='lat' dir='ltr'><strong>Siliqua</strong></span> <span class='ocrx_word' id='word_1_804' title='bbox 2450 4584 2724 4646; x_wconf 83' lang='lat' dir='ltr'><strong>quassante</strong></span> <span class='ocrx_word' id='word_1_805' title='bbox 2753 4575 3006 4647; x_wconf 60' lang='lat' dir='ltr'><strong>legumen.</strong></span> 
     </span>
    </p>
   </div>
   <div class='ocr_carea' id='block_1_112' title="bbox 2053 4643 3566 4712">
    <p class='ocr_par' dir='ltr' id='par_1_112' title="bbox 2053 4643 3566 4712">
     <span class='ocr_line' id='line_1_114' title="bbox 2053 4643 3566 4712; baseline -0.003 -12"><span class='ocrx_word' id='word_1_806' title='bbox 2053 4643 2483 4700; x_wconf 45' lang='lat' dir='ltr'><strong>--&#39;Emine&#39;nte...</strong></span> <span class='ocrx_word' id='word_1_807' title='bbox 2516 4648 2589 4699; x_wconf 75' lang='lat' dir='ltr'><strong>Ex</strong></span> <span class='ocrx_word' id='word_1_808' title='bbox 2614 4650 2766 4699; x_wconf 87' lang='lat' dir='ltr'><strong>Serv.</strong></span> <span class='ocrx_word' id='word_1_809' title='bbox 2801 4648 2951 4712; x_wconf 86' lang='lat' dir='ltr'><strong>lege:</strong></span> <span class='ocrx_word' id='word_1_810' title='bbox 2979 4643 3089 4696; x_wconf 79' lang='lat' dir='ltr'><strong>Sub</strong></span> <span class='ocrx_word' id='word_1_811' title='bbox 3130 4651 3299 4695; x_wconf 88' lang='lat' dir='ltr'><strong>mento</strong></span> <span class='ocrx_word' id='word_1_812' title='bbox 3343 4644 3566 4712; x_wconf 82' lang='lat' dir='ltr'><strong>gutturis</strong></span> 
     </span>
    </p>
   </div>
   <div class='ocr_carea' id='block_1_113' title="bbox 1985 4713 3255 4787">
    <p class='ocr_par' dir='ltr' id='par_1_113' title="bbox 1985 4713 3255 4787">
     <span class='ocr_line' id='line_1_115' title="bbox 1985 4713 3255 4787; baseline -0.002 -18"><span class='ocrx_word' id='word_1_813' title='bbox 1985 4730 2160 4787; x_wconf 76' lang='lat' dir='ltr'><strong>parte,</strong></span> <span class='ocrx_word' id='word_1_814' title='bbox 2193 4729 2316 4770; x_wconf 87' lang='lat' dir='ltr'><strong>sunt</strong></span> <span class='ocrx_word' id='word_1_815' title='bbox 2339 4718 2452 4771; x_wconf 68' lang='lat' dir='ltr'><strong>haec</strong></span> <span class='ocrx_word' id='word_1_816' title='bbox 2482 4718 2573 4770; x_wconf 85' lang='lat' dir='ltr'><strong>lib.</strong></span> <span class='ocrx_word' id='word_1_817' title='bbox 2604 4731 2678 4787; x_wconf 80' lang='lat' dir='ltr'><strong>vn</strong></span> <span class='ocrx_word' id='word_1_818' title='bbox 2710 4713 3032 4787; x_wconf 72' lang='lat' dir='ltr'><strong>Etymolog_.,</strong></span> <span class='ocrx_word' id='word_1_819' title='bbox 3055 4728 3176 4782; x_wconf 87' lang='lat' dir='ltr'><strong>cap.</strong></span> <span class='ocrx_word' id='word_1_820' title='bbox 3202 4713 3255 4767; x_wconf 81' lang='grc'><strong>5.</strong></span> 
     </span>
    </p>
   </div>
   <div class='ocr_carea' id='block_1_114' title="bbox 2054 4783 3030 4856">
    <p class='ocr_par' dir='ltr' id='par_1_114' title="bbox 2054 4783 3030 4856">
     <span class='ocr_line' id='line_1_116' title="bbox 2054 4783 3030 4856; baseline -0.003 -17"><span class='ocrx_word' id='word_1_821' title='bbox 2054 4783 2182 4841; x_wconf 63' lang='grc'><strong>218.</strong></span> <span class='ocrx_word' id='word_1_822' title='bbox 2226 4788 2526 4856; x_wconf 77' lang='lat' dir='ltr'><strong>Etymnlng.</strong></span> <span class='ocrx_word' id='word_1_823' title='bbox 2561 4786 2654 4840; x_wconf 85' lang='lat' dir='ltr'><strong>lib.</strong></span> <span class='ocrx_word' id='word_1_824' title='bbox 2690 4783 2798 4849; x_wconf 53' lang='grc' dir='ltr'>χιι.</span> <span class='ocrx_word' id='word_1_825' title='bbox 2829 4799 2948 4856; x_wconf 79' lang='lat' dir='ltr'><strong>cap.</strong></span> <span class='ocrx_word' id='word_1_826' title='bbox 2975 4783 3030 4836; x_wconf 90' lang='lat'><strong>2.</strong></span> 
     </span>
    </p>
   </div>
   <div class='ocr_carea' id='block_1_115' title="bbox 2057 4850 3567 4929">
    <p class='ocr_par' dir='ltr' id='par_1_115' title="bbox 2057 4850 3567 4929">
     <span class='ocr_line' id='line_1_117' title="bbox 2057 4850 3567 4929; baseline -0.004 -16"><span class='ocrx_word' id='word_1_827' title='bbox 2057 4887 2127 4900; x_wconf 68' lang='grc' dir='ltr'><strong>-α</strong></span> <span class='ocrx_word' id='word_1_828' title='bbox 2158 4850 2423 4912; x_wconf 72' lang='lat' dir='ltr'><strong>Naturali.</strong></span> <span class='ocrx_word' id='word_1_829' title='bbox 2457 4850 2536 4911; x_wconf 76' lang='lat' dir='ltr'><strong>Ex</strong></span> <span class='ocrx_word' id='word_1_830' title='bbox 2569 4858 2748 4929; x_wconf 73' lang='lat' dir='ltr'><strong>Serv.,</strong></span> <span class='ocrx_word' id='word_1_831' title='bbox 2780 4855 2847 4908; x_wconf 88' lang='lat' dir='ltr'><strong>ad</strong></span> <span class='ocrx_word' id='word_1_832' title='bbox 2889 4850 2968 4909; x_wconf 92' lang='lat' dir='ltr'><strong>ill.</strong></span> <span class='ocrx_word' id='word_1_833' title='bbox 2997 4869 3012 4906; x_wconf 94' lang='grc' dir='ltr'><strong>ι</strong></span> <span class='ocrx_word' id='word_1_834' title='bbox 3040 4851 3166 4908; x_wconf 73' lang='lat' dir='ltr'><strong>Eu.</strong></span> <span class='ocrx_word' id='word_1_835' title='bbox 3196 4870 3210 4906; x_wconf 90' lang='lat'><strong>:</strong></span> <span class='ocrx_word' id='word_1_836' title='bbox 3252 4850 3567 4924; x_wconf 83' lang='lat' dir='ltr'><strong>Pinguisqus</strong></span> 
     </span>
    </p>
   </div>
   <div class='ocr_carea' id='block_1_116' title="bbox 1991 4930 2560 4999">
    <p class='ocr_par' dir='ltr' id='par_1_116' title="bbox 1991 4930 2560 4999">
     <span class='ocr_line' id='line_1_118' title="bbox 1991 4930 2560 4999; baseline -0.005 -17"><span class='ocrx_word' id='word_1_837' title='bbox 1991 4930 2188 4999; x_wconf 63' lang='lat' dir='ltr'><strong>ferinae,</strong></span> <span class='ocrx_word' id='word_1_838' title='bbox 2217 4939 2271 4999; x_wconf 73' lang='lat' dir='ltr'><strong>et</strong></span> <span class='ocrx_word' id='word_1_839' title='bbox 2304 4933 2354 4982; x_wconf 89' lang='lat' dir='ltr'><strong>in</strong></span> <span class='ocrx_word' id='word_1_840' title='bbox 2387 4931 2560 4995; x_wconf 75' lang='lat' dir='ltr'><strong>Etym.</strong></span> 
     </span>
    </p>
   </div>
   <div class='ocr_carea' id='block_1_117' title="bbox 2059 4991 3564 5064">
    <p class='ocr_par' dir='ltr' id='par_1_117' title="bbox 2059 4991 3564 5064">
     <span class='ocr_line' id='line_1_119' title="bbox 2059 4991 3564 5064; baseline -0.004 -13"><span class='ocrx_word' id='word_1_841' title='bbox 2059 4999 2184 5053; x_wconf 75' lang='grc'><strong>249.</strong></span> <span class='ocrx_word' id='word_1_842' title='bbox 2211 4997 2417 5060; x_wconf 86' lang='lat' dir='ltr'><strong>Festus,</strong></span> <span class='ocrx_word' id='word_1_843' title='bbox 2441 4991 2568 5052; x_wconf 86' lang='lat' dir='ltr'><strong>dict.</strong></span> <span class='ocrx_word' id='word_1_844' title='bbox 2601 4994 2771 5064; x_wconf 86' lang='lat' dir='ltr'><strong>Fasti,</strong></span> <span class='ocrx_word' id='word_1_845' title='bbox 2790 5003 2844 5050; x_wconf 88' lang='lat' dir='ltr'><strong>et</strong></span> <span class='ocrx_word' id='word_1_846' title='bbox 2870 4994 3053 5057; x_wconf 90' lang='lat' dir='ltr'><strong>Serv.,</strong></span> <span class='ocrx_word' id='word_1_847' title='bbox 3070 4991 3136 5046; x_wconf 86' lang='lat' dir='ltr'><strong>ad</strong></span> <span class='ocrx_word' id='word_1_848' title='bbox 3161 4991 3285 5046; x_wconf 84' lang='lat' dir='ltr'><strong>illud</strong></span> <span class='ocrx_word' id='word_1_849' title='bbox 3312 5006 3368 5045; x_wconf 90' lang='grc' dir='ltr'><strong>ιιι</strong></span> <span class='ocrx_word' id='word_1_850' title='bbox 3394 4992 3524 5047; x_wconf 67' lang='lat' dir='ltr'><strong>En.</strong></span> <span class='ocrx_word' id='word_1_851' title='bbox 3550 5010 3564 5045; x_wconf 89' lang='lat'>:</span> 
     </span>
    </p>
   </div>
   <div class='ocr_carea' id='block_1_118' title="bbox 1993 5067 2662 5138">
    <p class='ocr_par' dir='ltr' id='par_1_118' title="bbox 1993 5067 2662 5138">
     <span class='ocr_line' id='line_1_120' title="bbox 1993 5067 2662 5138; baseline -0.006 -14"><span class='ocrx_word' id='word_1_852' title='bbox 1993 5067 2183 5138; x_wconf 85' lang='lat' dir='ltr'><strong>Stirpis</strong></span> <span class='ocrx_word' id='word_1_853' title='bbox 2210 5068 2454 5122; x_wconf 68' lang='lat' dir='ltr'><strong>Achillei:</strong></span> <span class='ocrx_word' id='word_1_854' title='bbox 2479 5069 2662 5138; x_wconf 76' lang='lat' dir='ltr'><strong>fastus.</strong></span> 
     </span>
    </p>
   </div>
   <div class='ocr_carea' id='block_1_119' title="bbox 2063 5133 3477 5209">
    <p class='ocr_par' dir='ltr' id='par_1_119' title="bbox 2063 5133 3477 5209">
     <span class='ocr_line' id='line_1_121' title="bbox 2063 5133 3477 5209; baseline -0.004 -17"><span class='ocrx_word' id='word_1_855' title='bbox 2063 5133 2200 5209; x_wconf 59' lang='lat' dir='ltr'><strong>ibid.</strong></span> <span class='ocrx_word' id='word_1_856' title='bbox 2229 5138 2367 5202; x_wconf 87' lang='lat' dir='ltr'><strong>Vat.,</strong></span> <span class='ocrx_word' id='word_1_857' title='bbox 2400 5133 2582 5209; x_wconf 81' lang='lat' dir='ltr'><strong>quibus</strong></span> <span class='ocrx_word' id='word_1_858' title='bbox 2599 5147 2681 5209; x_wconf 62' lang='lat' dir='ltr'><strong>est</strong></span> <span class='ocrx_word' id='word_1_859' title='bbox 2711 5133 2997 5209; x_wconf 75' lang='lat' dir='ltr'><strong>contrarius</strong></span> <span class='ocrx_word' id='word_1_860' title='bbox 3023 5133 3477 5209; x_wconf 36' lang='lat' dir='ltr'><strong>nefastussrlnsv.</strong></span> 
     </span>
    </p>
   </div>
   <div class='ocr_carea' id='block_1_120' title="bbox 2060 5202 3571 5268">
    <p class='ocr_par' dir='ltr' id='par_1_120' title="bbox 2060 5202 3571 5268">
     <span class='ocr_line' id='line_1_122' title="bbox 2060 5202 3571 5268; baseline -0.001 -9"><span class='ocrx_word' id='word_1_861' title='bbox 2060 5208 2188 5263; x_wconf 73' lang='grc'><strong>250.</strong></span> <span class='ocrx_word' id='word_1_862' title='bbox 2231 5202 2556 5268; x_wconf 68' lang='grc' dir='ltr'><strong>Ῡεει..’‹11εῐ.</strong></span> <span class='ocrx_word' id='word_1_863' title='bbox 2586 5206 2753 5262; x_wconf 80' lang='lat' dir='ltr'><strong>Festis</strong></span> <span class='ocrx_word' id='word_1_864' title='bbox 2799 5207 2994 5258; x_wconf 82' lang='lat' dir='ltr'><strong>diebus.</strong></span> <span class='ocrx_word' id='word_1_865' title='bbox 3043 5202 3222 5268; x_wconf 81' lang='lat' dir='ltr'><strong>Varr.,</strong></span> <span class='ocrx_word' id='word_1_866' title='bbox 3279 5203 3371 5255; x_wconf 90' lang='lat' dir='ltr'><strong>lib.</strong></span> <span class='ocrx_word' id='word_1_867' title='bbox 3429 5219 3458 5254; x_wconf 94' lang='lat' dir='ltr'><strong>v</strong></span> <span class='ocrx_word' id='word_1_868' title='bbox 3503 5203 3571 5257; x_wconf 89' lang='lat' dir='ltr'><strong>de</strong></span> 
     </span>
    </p>
   </div>
   <div class='ocr_carea' id='block_1_121' title="bbox 1993 5277 2805 5347">
    <p class='ocr_par' dir='ltr' id='par_1_121' title="bbox 1993 5277 2805 5347">
     <span class='ocr_line' id='line_1_123' title="bbox 1993 5277 2805 5347; baseline -0.005 -15"><span class='ocrx_word' id='word_1_869' title='bbox 1993 5278 2144 5347; x_wconf 86' lang='lat' dir='ltr'><strong>Ling.</strong></span> <span class='ocrx_word' id='word_1_870' title='bbox 2176 5279 2316 5343; x_wconf 82' lang='lat' dir='ltr'><strong>Lat.,</strong></span> <span class='ocrx_word' id='word_1_871' title='bbox 2347 5281 2474 5332; x_wconf 89' lang='lat' dir='ltr'><strong>dict.</strong></span> <span class='ocrx_word' id='word_1_872' title='bbox 2503 5277 2654 5331; x_wconf 86' lang='lat' dir='ltr'><strong>Fasti</strong></span> <span class='ocrx_word' id='word_1_873' title='bbox 2677 5280 2805 5330; x_wconf 83' lang='lat' dir='ltr'><strong>dies.</strong></span> 
     </span>
    </p>
   </div>
   <div class='ocr_carea' id='block_1_122' title="bbox 2066 5346 3131 5415">
    <p class='ocr_par' dir='ltr' id='par_1_122' title="bbox 2066 5346 3131 5415">
     <span class='ocr_line' id='line_1_124' title="bbox 2066 5346 3131 5415; baseline -0.005 -15"><span class='ocrx_word' id='word_1_874' title='bbox 2066 5346 2204 5400; x_wconf 78' lang='lat' dir='ltr'><strong>Ibid.</strong></span> <span class='ocrx_word' id='word_1_875' title='bbox 2237 5349 2335 5403; x_wconf 80' lang='lat' dir='ltr'><strong>Ms.</strong></span> <span class='ocrx_word' id='word_1_876' title='bbox 2372 5348 2610 5414; x_wconf 78' lang='lat' dir='ltr'><strong>Vat.,ltic</strong></span> <span class='ocrx_word' id='word_1_877' title='bbox 2631 5349 2805 5402; x_wconf 79' lang='lat' dir='ltr'><strong>diebus</strong></span> <span class='ocrx_word' id='word_1_878' title='bbox 2831 5346 2935 5415; x_wconf 87' lang='lat' dir='ltr'><strong>agi.</strong></span> <span class='ocrx_word' id='word_1_879' title='bbox 2962 5346 3131 5399; x_wconf 66' lang='lat' dir='ltr'><strong>Annv.</strong></span> 
     </span>
    </p>
   </div>
   <div class='ocr_carea' id='block_1_123' title="bbox 2031 5413 3569 5541">
    <p class='ocr_par' dir='ltr' id='par_1_123' title="bbox 2031 5413 3569 5541">
     <span class='ocr_line' id='line_1_125' title="bbox 2031 5413 3569 5541; baseline -0.003 -70"><span class='ocrx_word' id='word_1_880' title='bbox 2031 5419 2184 5541; x_wconf 46' lang='lat'><strong>125:5).</strong></span> <span class='ocrx_word' id='word_1_881' title='bbox 2207 5418 2264 5471; x_wconf 69' lang='lat' dir='ltr'><strong>l“.</strong></span> <span class='ocrx_word' id='word_1_882' title='bbox 2289 5437 2301 5471; x_wconf 89' lang='lat'><strong>:</strong></span> <span class='ocrx_word' id='word_1_883' title='bbox 2329 5419 2472 5474; x_wconf 84' lang='lat' dir='ltr'><strong>Inter</strong></span> <span class='ocrx_word' id='word_1_884' title='bbox 2493 5413 2684 5489; x_wconf 68' lang='lat' dir='ltr'><strong>foedum</strong></span> <span class='ocrx_word' id='word_1_885' title='bbox 2711 5431 2758 5470; x_wconf 85' lang='lat' dir='ltr'><strong>et</strong></span> <span class='ocrx_word' id='word_1_886' title='bbox 2783 5413 2944 5487; x_wconf 76' lang='lat' dir='ltr'><strong>foedus</strong></span> <span class='ocrx_word' id='word_1_887' title='bbox 2965 5434 2979 5466; x_wconf 84' lang='lat'><em>:</em></span> <span class='ocrx_word' id='word_1_888' title='bbox 2997 5415 3370 5482; x_wconf 75' lang='lat' dir='ltr'><strong>fwdttmlurpe,</strong></span> <span class='ocrx_word' id='word_1_889' title='bbox 3405 5413 3569 5481; x_wconf 78' lang='lat' dir='ltr'><strong>fwdus</strong></span> 
     </span>
     <span class='ocr_line' id='line_1_126' title="bbox 2049 5505 2258 5541; baseline -0.005 0"><span class='ocrx_word' id='word_1_890' title='bbox 2049 5505 2126 5541; x_wconf 72' lang='lat' dir='ltr'><strong>ac:</strong></span> <span class='ocrx_word' id='word_1_891' title='bbox 2155 5506 2258 5541; x_wconf 89' lang='lat' dir='ltr'><strong>um.</strong></span> 
     </span>
    </p>
   </div>
   <div class='ocr_carea' id='block_1_124' title="bbox 2049 5499 2258 5544">
    <p class='ocr_par' dir='ltr' id='par_1_124' title="bbox 2049 5499 2258 5544">
     <span class='ocr_line' id='line_1_127' title="bbox 2049 5499 2258 5544; baseline 0.01 -2"><span class='ocrx_word' id='word_1_892' title='bbox 2049 5499 2258 5544; x_wconf 77' lang='lat' dir='ltr'><strong>acuum.</strong></span> 
     </span>
    </p>
   </div>
   <div class='ocr_carea' id='block_1_125' title="bbox 1993 5509 3565 5632">
    <p class='ocr_par' dir='ltr' id='par_1_125' title="bbox 1993 5509 3565 5632">
     <span class='ocr_line' id='line_1_128' title="bbox 1993 5509 3565 5632; baseline -0.003 -22"><span class='ocrx_word' id='word_1_893' title='bbox 1993 5509 2464 5632; x_wconf 38' lang='lat' dir='ltr'><strong>“(gignisorteex</strong></span> <span class='ocrx_word' id='word_1_894' title='bbox 2493 5559 2726 5632; x_wconf 74' lang='lat' dir='ltr'><strong>Agrtetio</strong></span> <span class='ocrx_word' id='word_1_895' title='bbox 2759 5555 3004 5628; x_wconf 82' lang='lat' dir='ltr'><strong>Icgend.:</strong></span> <span class='ocrx_word' id='word_1_896' title='bbox 3037 5553 3192 5609; x_wconf 77' lang='lat' dir='ltr'><strong>Fides</strong></span> <span class='ocrx_word' id='word_1_897' title='bbox 3215 5557 3276 5609; x_wconf 82' lang='lat' dir='ltr'><strong>de</strong></span> <span class='ocrx_word' id='word_1_898' title='bbox 3297 5553 3565 5623; x_wconf 76' lang='lat' dir='ltr'><strong>ﬁdelitate,</strong></span> 
     </span>
    </p>
   </div>
   <div class='ocr_carea' id='block_1_126' title="bbox 1994 5628 2438 5699">
    <p class='ocr_par' dir='ltr' id='par_1_126' title="bbox 1994 5628 2438 5699">
     <span class='ocr_line' id='line_1_129' title="bbox 1994 5628 2438 5699; baseline 0 -17"><span class='ocrx_word' id='word_1_899' title='bbox 1994 5631 2109 5699; x_wconf 77' lang='lat' dir='ltr'><strong>ﬁdis</strong></span> <span class='ocrx_word' id='word_1_900' title='bbox 2134 5631 2194 5685; x_wconf 88' lang='lat' dir='ltr'><strong>de</strong></span> <span class='ocrx_word' id='word_1_901' title='bbox 2224 5628 2438 5683; x_wconf 70' lang='lat' dir='ltr'><strong>chorda.</strong></span> 
     </span>
    </p>
   </div>
  </div>
