4104 6172
411 266 485 322 31
1639 256 2243 316 DlFFEIlENTIABUM
2285 260 2411 316 LIB.
2454 262 2493 319 Ι.
3630 267 3702 330 38

483 376 615 435 256.
657 374 800 430 Inter
828 370 1056 443 Fragrat
1083 379 1132 427 et
1161 372 1370 442 ﬂagrat.
1403 370 1592 440 Fragat
1641 371 1868 435 redolet,
1920 371 2012 424 lla-
2041 376 2091 434 Α
2188 371 2320 428 266.
2343 373 2488 429 Inter
2515 372 2829 428 Graeitatem
2849 381 2903 427 et
2933 372 3326 444 gravitudinent.
3359 374 3604 434 Gravitas
3626 395 3699 436 ex

406 477 536 541 grat
563 467 833 524 verberat.

483 561 613 616 257.
654 558 799 613 Inter
826 555 1088 610 Favorem
1135 566 1188 612 et
1223 557 1415 626 furum.
1470 555 1642 611 Favor
1684 556 2010 628 adjutorium

408 663 518 718 est,
556 653 736 706 favum
767 665 898 705 vero
924 647 1052 703 mel.

481 741 611 798 258.
637 742 779 796 Inter
808 738 1064 793 Furatum
1089 749 1142 794 et
1171 741 1442 810 furtatum.
1475 739 1728 795 Furatutn
1765 756 1885 796 eum
1924 744 2010 812 qui

413 839 620 892 furtum
663 833 810 898 facit;
845 832 1122 899 furtatum,
1156 834 1294 898 quod
1327 834 1531 885 furatur
1556 831 1660 886 fur.

486 926 618 982 259.
662 925 808 980 Inter
836 922 1028 976 Fatum
1059 934 1115 978 et
1144 925 1362 994 futuant.
1399 923 1628 978 Fatuum
1658 938 1900 994 segnem,
1932 923 2014 978 fa-

413 1030 525 1072 tum
555 1029 684 1072 vero
714 1016 944 1070 fortunae
969 1012 1210 1068 decretio
1249 1022 1350 1067 est.

486 1108 612 1163 260.
653 1106 798 1162 Inter
838 1104 1028 1159 Fusios
1080 1113 1136 1160 et
1191 1108 1379 1174 fastus.
1423 1104 1614 1159 Fastus
1643 1103 1710 1159 de
1739 1102 2013 1174 superbia,

420 1196 585 1253 fastos
614 1196 682 1252 de
709 1196 886 1251 libris.

483 1289 609 1346 261.
624 1289 770 1345 Inter
793 1285 1066 1341 Feminam
1086 1296 1140 1343 et
1162 1288 1660 1357 [entina.Feminam
1684 1288 1751 1343 de
1778 1288 2012 1353 homine,

412 1379 620 1436 femina
653 1381 852 1434 femora
889 1390 1035 1434 sunt.

487 1472 618 1527 262.
650 1473 789 1526 Inter
839 1469 1067 1540 For/ices
1093 1480 1146 1525 et
1195 1470 1432 1542 forcipes.
1472 1471 1739 1536 Forlices,
1795 1471 1847 1526 id
1901 1480 2009 1539 est,

417 1561 639 1616 tlsorias
662 1602 676 1626 ,
712 1562 962 1630 forcipes,
989 1571 1226 1615 tenaces.

491 1650 617 1706 9.63.
652 1651 794 1707 Inter
847 1648 1267 1705 Fornicationem
1311 1661 1365 1705 et
1412 1641 1745 1707 adulterium.
1795 1653 2016 1708 Adulte—

2120 465 2360 532 pondere
2387 465 2591 533 animi,
2638 473 2693 519 et
2720 479 2788 518 ex
2816 465 3079 519 sententia
3125 476 3369 532 constat,
3419 471 3702 538 gravitudo

2116 565 2294 609 autem
2338 557 2582 625 corporis
2608 564 2712 610 est.
2745 555 2885 610 Inter
2917 554 3080 609 Grave
3123 565 3176 610 et
3207 559 3492 626 gravidum.
3523 561 3702 618 Grave

2116 644 2184 698 de
2215 655 2401 698 natura
2433 646 2654 708 dicitttr;
2705 645 2982 715 gravidum
3027 645 3093 698 de
3133 646 3396 702 accidenti
3429 648 3568 720 [.ll.,
3601 668 3702 706 ac-

2117 736 2336 808 cidenti]
2377 737 2702 792 fecunditate
2723 777 2739 803 ,
2774 746 2830 790 ut
2857 737 3016 791 arbor
3043 739 3258 807 gravida
3288 743 3478 807 pomis.

2189 827 2318 882 267.
2351 827 2490 882 Inter
2536 827 2745 881 Garrire
2771 837 2825 882 et
2851 826 3014 896 loqui.
3061 826 3324 895 Loquitur
3358 831 3446 898 qui
3475 843 3620 888 recte
3645 843 3704 888 et

2119 930 2482 990 temperanter
2532 920 2694 984 dicit;
2747 919 2913 989 garrit
2942 919 3034 989 qui
3083 928 3176 973 aut
3221 922 3388 974 multa
3421 923 3584 977 verba
3611 926 3700 979 di-

2120 1012 2215 1076 cit,
2255 1020 2344 1066 aut
2377 1011 2591 1066 sordide
2623 1010 2872 1080 loquitur.

2187 1100 2318 1156 268.
2379 1102 2524 1156 Inter
2565 1099 2751 1154 Gerere
2795 1109 2850 1156 et
2893 1103 3047 1170 ferre.
3101 1097 3349 1155 Gertmus
3391 1109 3607 1169 nostra,
3649 1115 3705 1159 et

2118 1191 2283 1246 veluti
2311 1200 2502 1246 natura
2521 1191 2718 1262 aliqua,
2743 1206 2862 1259 quae
2887 1191 2938 1244 in
2967 1189 3119 1244 nobis
3139 1201 3264 1245 sunt
3288 1233 3304 1258 ,
3337 1190 3556 1247 ferltnus
3577 1209 3704 1248 vero

2121 1281 2367 1350 imposita
2398 1282 2588 1342 nobis,
2645 1280 2815 1335 veluti
2843 1295 2997 1334 unus.
3029 1280 3134 1335 Sed
3171 1279 3417 1351 Virgilius
3448 1283 3702 1350 permiste

2122 1373 2284 1425 utitur
2335 1378 2373 1438 (ι
2403 1369 2650 1439 ίΕηεὶά.)
2703 1389 2714 1422 :
2750 1369 2914 1424 Fidus
2947 1387 3062 1440 qua:
3089 1371 3188 1423 tela
3219 1371 3420 1441 gerebat
3461 1372 3698 1425 Achates.

2120 1464 2355 1518 Gerebat
2387 1478 2482 1531 pro
2515 1463 2655 1518 ferre
2685 1465 2882 1532 posuit.

2188 1555 2295 1624 36
2330 1553 2457 1608 269.
2491 1555 2633 1609 Inter
2663 1553 2916 1607 Gravatur
2937 1564 2990 1608 et
3019 1554 3316 1624 ingravatur
3361 1554 3470 1608 [ΑΙ.
3507 1556 3698 1623 ponde-

2119 1646 2302 1716 ratur].
2339 1645 2648 1716 lugravatur
2688 1644 2795 1715 [ΑΙ.
2823 1685 2838 1710 ,
2869 1643 3213 1714 ponderatur]
3237 1643 3472 1713 pondere
3498 1644 3697 1712 alieno,

416 1743 557 1796 rium
590 1751 674 1797 est
703 1741 1002 1810 coniugalis
1052 1742 1152 1794 tori
1187 1742 1650 1810 inquinamentum
1677 1783 1692 1808 ,
1736 1742 2016 1798 fornicatio
2045 1758 2094 1820 Β
2119 1746 2368 1806 sravalur
2395 1750 2516 1791 suo.

415 1847 547 1888 vero
587 1848 745 1887 amor
772 1831 1009 1902 legitimo
1049 1831 1300 1902 conjugio
1329 1834 1538 1887 solutus
1559 1874 1574 1898 ,
1606 1845 1658 1888 et
1687 1848 1886 1904 vagus,
1920 1850 2014 1889 ex-

416 1924 632 1992 plendae
685 1922 924 1978 libidinis
973 1923 1333 1978 consectando
1380 1923 1672 1980 licentiam.
1723 1926 2014 1996 Scriptum

416 2024 594 2068 autem
645 2013 824 2069 solent
879 2009 1292 2068 fornicationem
1353 2029 1546 2070 vocare
1588 2029 1803 2070 omnem
1855 2016 2012 2070 illici-

419 2115 522 2160 tam
542 2105 967 2173 corruptionem,
988 2104 1127 2157 sicut
1151 2112 1234 2158 est
1262 2103 1586 2172 idololatria,
1601 2116 1652 2158 et
1678 2105 1918 2172 avaritia,
1947 2121 2013 2161 ex

421 2195 614 2265 quibus
648 2195 710 2248 fit
741 2194 1094 2263 transgressio
1118 2195 1248 2264 legis
1269 2234 1284 2259 ,
1323 2207 1542 2263 pr0pter
1576 2193 1708 2266 [At.,
1753 2194 1869 2265 per]
1915 2195 2015 2251 illi-

414 2287 578 2340 citam
632 2285 1148 2354 concupiscentiam.
1202 2283 1508 2338 Fornieatio
1555 2293 1736 2340 autem
1787 2287 2016 2354 sumpsit

417 2392 622 2433 nomen
650 2393 680 2430 a
725 2375 1044 2446 quibusdam
1068 2374 1306 2430 :ediiieiis
1336 2376 1570 2431 arcuatis
1603 2391 1735 2446 quos
1781 2375 2014 2431 fornices

421 2469 629 2536 antiqui
652 2467 930 2533 vocabant,
955 2467 1059 2537 35
1087 2468 1136 2520 iu
1165 2468 1354 2536 quibus
1377 2469 1687 2524 meretrices
1712 2469 2014 2525 constituta:

424 2556 903 2627 prostituebantur.
958 2558 1262 2612 Merelriccs
1316 2569 1492 2613 autem
1546 2558 1796 2613 dicuntur
1845 2575 2014 2614 ame-

419 2649 616 2716 rendo,
646 2650 697 2704 id
726 2657 844 2715 est,
877 2649 1234 2719 promerendo
1265 2649 1536 2718 stipendia
1565 2649 1827 2704 libidinis.
1862 2649 2017 2705 Unde

418 2751 480 2796 et
535 2740 760 2807 milites,
820 2755 940 2796 cum
994 2739 1264 2810 stipendia
1317 2739 1632 2810 accipiunt,
1689 2742 1882 2796 mereri
1931 2739 2014 2795 di-

417 2842 632 2888 ειιηιιιε.

1036 2923 1112 2978 De
1151 2923 1318 2978 littera
1344 2923 1384 2978 G
1397 2960 1410 2974 .

493 3018 622 3073 264.
658 3017 797 3072 Inter
821 3014 1004 3071 Grates
1055 3027 1108 3074 et
1150 3017 1364 3089 gratias.
1395 3016 1584 3073 Grates
1611 3017 1718 3072 Deo
1746 3025 1975 3086 aguntur
1997 3056 2013 3083 ,

2187 1828 2313 1882 270.
2386 1827 2528 1881 Inter
2571 1825 2783 1880 Gentem
2840 1834 2895 1881 et
2958 1836 3169 1896 gentes,
3225 1834 3280 1882 et
3326 1843 3505 1897 genus.
3557 1827 3702 1882 Gens

2124 1918 2356 1974 nationis
2385 1929 2488 1984 est,
2525 1928 2582 1973 ut
2612 1919 2835 1974 Graeciae
2855 1959 2871 1986 ,
2903 1920 3156 1988 Assyriae.
3183 1919 3316 1975 Ilinc
3340 1929 3394 1974 et
3423 1921 3694 1988 gentilitas

2117 2009 2331 2064 dicitur.
2381 2007 2579 2064 Gentes
2622 2019 2800 2064 autem
2835 2009 3047 2065 familize
3073 2051 3089 2076 ,
3123 2022 3180 2064 ut
3208 2011 3397 2076 Iuliae,
3437 2012 3699 2066 Claudiae.

2119 2100 2302 2156 Genus
2332 2115 2462 2156 vero
2484 2102 2551 2155 ad
2576 2101 2891 2171 qualitatem
2912 2101 3159 2167 refertur,
3187 2109 3242 2155 ut
3267 2104 3502 2172 pecoris,
3527 2105 3692 2172 pomi.

2182 2191 2308 2246 27L
2367 2191 2507 2247 Inter
2557 2191 2836 2259 Graecum,
2883 2192 3259 2258 Gracanicum,
3305 2203 3357 2247 et
3405 2192 3698 2252 Graeense.

2116 2283 2338 2338 Graecus
2392 2282 2554 2336 homo
2599 2282 2821 2347 dicitur;
2870 2282 3181 2338 Grzncanica
3231 2297 3346 2348 res;
3381 2281 3697 2350 ercense,

2117 2375 2274 2445 quale
2301 2376 2352 2428 in
2381 2374 2584 2429 Graecia
2617 2373 2754 2429 solet
2785 2373 2921 2429 ﬁeri.

2186 2465 2316 2520 272.
2365 2465 2507 2519 Inter
2551 2464 2763 2518 Gallum
2810 2474 2864 2519 et
2909 2463 3206 2530 Gallicum,
3259 2475 3312 2519 et
3349 2463 3698 2521 Gallicanum.

2122 2559 2334 2612 Gallum
2362 2557 2415 2611 in
2445 2555 2615 2611 Gallia
2659 2567 2874 2623 natum,
2903 2555 3163 2611 Gallicum
3191 2572 3256 2611 ex
3297 2555 3465 2611 Gallia
3511 2559 3694 2626 latum,

2118 2648 2475 2714 Gallicanum,
2527 2649 2670 2717 quod
2697 2648 2900 2718 aliquid
2934 2663 3001 2703 ex
3035 2648 3208 2704 Gallia
3236 2648 3411 2702 all‘ert.

2189 2739 2317 2794 275.
2351 2740 2495 2794 Inter
2529 2739 2836 2793 Germanum
2867 2748 2922 2793 et
2949 2755 3196 2792 sororem.
3240 2739 3404 2794 Soror
3445 2742 3583 2797 enim
3634 2739 3702 2792 ab

2120 2833 2312 2888 eodem
2365 2833 2646 2902 germine,
2703 2848 2807 2886 non
2869 2832 2936 2886 ab
2967 2833 3156 2886 eodem
3207 2842 3394 2898 utero;
3451 2848 3700 2903 germana

2129 2940 2258 2978 vero
2279 2939 2347 2980 ex
2378 2926 2656 2990 utriusque
2687 2939 2912 2978 manans
2940 2926 3201 2992 germine.

2226 3014 2314 3067 74.
2347 3015 2486 3069 Inter
2529 3013 2826 3069 Genitorem
2867 3023 2922 3069 et
2963 3024 3177 3082 patrem.
3237 3015 3458 3070 Genitor
3500 3026 3703 3069 naturae

421 3116 615 3187 gratia:
673 3127 807 3168 vero
853 3112 1160 3167 hominibus
1185 3152 1199 3177 ,
1251 3111 1502 3181 quoniam
1561 3110 1748 3165 referri
1797 3119 2018 3179 possunt
2042 3127 2092 3188 ο
2125 3104 2440 3158 vocabulum
2472 3112 2574 3169 est,
2602 3105 2717 3159 sive
2741 3103 2991 3173 originis;
3024 3121 3145 3158 nam
3177 3115 3326 3174 pater
3354 3106 3624 3174 dignitatis
3649 3116 3703 3160 et

420 3209 539 3282 {AL
568 3248 585 3272 ,
635 3222 740 3262 non
790 3204 1060 3277 possunt].
1088 3206 1292 3259 Idcirco
1336 3205 1536 3273 optime
1567 3204 1678 3258 Deo
1727 3205 2015 3271 convenit,

419 3297 569 3369 quod
601 3298 914 3352 relationem
947 3296 1213 3366 signiﬁcat
1243 3294 1308 3347 ad
1339 3295 1546 3348 latriam
1572 3292 1704 3364 [.4!.,
1739 3291 1944 3362 latam].

494 3389 629 3444 265.
666 3388 811 3442 Inter
865 3386 1128 3442 Gaudium
1159 3394 1214 3440 et
1238 3386 1490 3439 (tentiam.
1516 3384 1682 3440 Stoici
1715 3385 1792 3438 sic
1829 3383 2018 3438 distin-

425 3491 644 3551 guunt:
682 3480 934 3550 gaudium
959 3479 1156 3548 quippe
1208 3491 1328 3531 esse
1354 3474 1812 3530 aiuutelationem
1847 3475 2016 3529 animi

425 3570 564 3643 [Al.,
591 3567 830 3638 animae],
859 3569 910 3622 in
934 3569 1014 3622 liis
1045 3583 1161 3638 qute
1192 3567 1350 3635 digna
1379 3576 1506 3620 sunt
1535 3566 1852 3620 exsultantis
1877 3609 1891 3632 ,
1930 3567 2018 3620 lte-

424 3660 595 3714 titiatn
655 3673 782 3712 vero
827 3655 1138 3711 effrenatam
1187 3656 1353 3710 animi
1401 3654 1530 3727 [Αι.,
1563 3654 1778 3726 animte]
1828 3655 2017 3709 elatio-

428 3765 576 3813 nem,
605 3764 724 3816 qtne
753 3746 973 3802 modum
1005 3747 1204 3802 nesciat
1228 3765 1243 3812 ;
1273 3757 1327 3802 et
1374 3747 1428 3800 in
1453 3746 1535 3800 bis
1559 3760 1770 3816 quoque
1793 3761 1915 3814 quae
1943 3746 2016 3799 vi-

427 3843 503 3892 tio
559 3847 684 3892 sunt
730 3838 886 3891 mista
939 3835 1170 3891 laetetur.
1216 3835 1370 3890 Unde
1415 3846 1470 3890 et
1518 3835 1792 3904 Scriptura
1842 3852 1854 3888 :
1898 3835 2017 3888 Non

429 3942 500 3984 est
533 3930 776 4000 gaudium
809 3927 940 4001 [AI.,
975 3926 1220 3998 gaudere]
1251 3927 1442 3997 impiis,
1477 3927 1601 3980 dicit
1631 3924 1905 3980 Dominus.

513 4081 635 4137 2‘56.
666 4084 794 4138 Ilinc
823 4083 1153 4153 ﬂagratores,
1184 4083 1325 4148 quod
1353 4079 1602 4136 mercede
1634 4079 1811 4150 ﬂagris
1835 4078 2014 4135 cattle-

431 4153 645 4209 bantur.
678 4153 850 4218 Fest.,
894 4151 1024 4206 dict.
1061 4151 1411 4223 Flagralores.

501 4223 630 4277 260.
676 4225 751 4276 Et
783 4223 1033 4289 Agra'tio.

500 4291 631 4370 2L2.
656 4292 844 4370 melius
869 4294 1045 4355 Serv.,
1066 4291 1271 4370 ad_i_llud
1304 4290 1536 4345 vntASn.
1566 4289 1919 4370 :“Versoantq‘ue
1937 4300 2012 4344 te-

433 4363 548 4444 naci
579 4363 793 4441 forcipe.
805 4362 993 4444 ferrum
1022 4360 1351 4444 :—l':orﬁces
1379 4372 1492 4414 sunt
1514 4363 1690 4429 quibus
1720 4362 2013 4444 incidimus.

434 4432 681 4501 Forcipes
705 4432 886 4500 quibus
910 4433 1106 4497 aliquid
1146 4433 1344 4501 fortium
1383 4442 1634 4499 tenemus,
1668 4446 1786 4483 nam
1822 4432 2018 4500 [uiuunt

431 4512 507 4557 est
531 4500 775 4554 calidum.
806 4502 976 4565 Fest.,
1001 4504 1128 4556 dict.
1148 4500 1409 4568 ’Forcipes

2126 3193 2345 3249 honoris
2375 3209 2569 3248 nomen
2598 3205 2702 3249 est.
2735 3194 2890 3250 Unde
2921 3204 2975 3248 et
3011 3207 3226 3249 sanctos
3259 3196 3400 3249 virus
3436 3211 3498 3250 ac
3527 3199 3703 3250 senio-

2128 3301 2218 3340 res
2249 3294 2427 3354 patres
2457 3285 2704 3339 dicimus.
2749 3284 3032 3340 Geuitores
3062 3301 3192 3339 vero
3221 3287 3388 3340 nostri
3437 3303 3466 3340 a
3512 3287 3704 3355 quibus

2127 3375 2257 3448 [Al.,
2288 3376 2496 3430 nonnisi
2520 3392 2547 3428 a
2579 3375 2798 3447 quibus]
2836 3377 2943 3430 uati
2975 3391 3181 3430 sumus.

2196 3468 2323 3520 275'.
2353 3467 2497 3521 Inter
2526 3467 2752 3521 Generat
2789 3475 2844 3522 et
2870 3470 3112 3536 parturit.
3138 3467 3406 3523 Generare
3440 3471 3705 3524 masculos

2126 3559 2379 3625 dicimus,
2415 3561 2680 3628 parturire
2711 3561 2958 3615 feminas.
3001 3559 3072 3615 Ut
3101 3568 3226 3629 puta
3257 3577 3272 3616 :
3302 3558 3404 3615 life
3425 3563 3702 3630 generauit,

2121 3650 2214 3704 illa
2245 3653 2506 3720 parturiit.

2194 3739 2322 3793 276.
2347 3739 2491 3795 Inter
2527 3738 2937 3795 Gubernatorem
2977 3750 3034 3797 et
3070 3752 3306 3795 nautam.
3355 3740 3507 3808 Quod
3532 3743 3706 3795 omnis

2120 3830 2470 3899 gubernator,
2520 3842 2677 3885 nauta
2709 3846 2829 3886 esse
2854 3842 3066 3901 potest,
3110 3835 3284 3888 omnis
3313 3842 3471 3886 nauta
3516 3832 3708 3901 guber-

2124 3932 2280 3979 nator
2304 3938 2426 3979 esse
2455 3925 2587 3996 [Αι.,
2612 3922 2740 3994 dici]
2769 3941 2874 3979 non
2902 3935 3094 3994 potest.

2129 4077 2247 4132 Non
2271 4090 2343 4132 est
2375 4097 2478 4146 pax
2507 4082 2657 4147 imp.,
2686 4081 2806 4133 dicit
2838 4079 3106 4134 Dominus.

2194 4099 2247 4132 an
2271 4099 2343 4132 εει
2375 4099 2478 4146 pax
2507 4099 2572 4133 im
2618 4119 2657 4147 ο,
2686 4099 2806 4133 ("Cll
2838 4099 3106 4134 υοηιιηηε.

2194 4151 2318 4202 £615.
2349 4151 2484 4204 Non.
2514 4193 2528 4215 ,
2561 4099 2689 4205 ilict.
2731 4151 2914 4205 Grave.
2945 4151 3122 4218 Serv.,
3153 4152 3218 4207 ad
3271 4152 3370 4218 ill.,
3405 4169 3498 4206 viti
3531 4153 3658 4208 Ain.
3688 4171 3702 4207 :

2140 4217 2192 4271 Ν
2197 4221 2404 4288 odisque
2431 4233 2714 4289 gravatum.

2194 4291 2318 4360 267.
2354 4291 2427 4344 Ex
2457 4291 2709 4345 Varronis
2735 4292 3030 4356 Sententia,
3063 4293 3155 4350 lib.
3181 4294 3294 4347 vde
3315 4293 3466 4360 Ling.
3497 4293 3706 4360 Latina,

2123 4361 2211 4482 gini
2243 4358 2383 4482 latqui
2409 4376 2438 4413 a
2465 4365 2574 4414 loco
2602 4363 2829 4431 derivat,
2859 4363 2998 4430 quod
3039 4379 3134 4415 suo
3162 4379 3370 4432 quoque
3399 4358 3516 4417 luco
3545 4358 3705 4418 verba

2163 4445 2275 4482 tcan
2307 4448 2385 4482 ur.

2163 4441 2385 4483 Icantur.

2203 4529 2268 4539 -—
2298 4499 2494 4555 Garrit.
2525 4501 2686 4565 Nom,
2713 4500 2838 4554 dict.
2874 4500 3100 4556 Garrire.

513 4552 1432 4641 ua.meanugamenta
1461 4580 1544 4627 est
1569 4571 1766 4640 tijeras,
1811 4580 1869 4624 ιιι
1894 4586 2014 4626 mox
2051 4552 2100 4611 ἰ)
2201 4568 2335 4621 Ibid.
2366 4552 2418 4624 tu
2448 4552 3130 4626 arentem.emit.
3180 4581 3233 4624 et
3283 4585 3403 4625 nota
3449 4574 3705 4625 exhibent

434 4652 658 4708 tenaces,
686 4652 909 4696 tenazas.
938 4642 1044 4697 Sed
1071 4642 1261 4695 tisoria:
1284 4656 1458 4710 neque
1503 4643 1640 4707 apud
1692 4644 1843 4694 lmine
1873 4641 2018 4694 Lati-

437 4713 626 4765 nitatis
656 4713 1087 4780 lexicogrophos,
1124 4727 1298 4781 neque
1327 4713 1464 4778 apud
1500 4711 1824 4780 Ducangium
1855 4727 2014 4780 repe-

435 4793 596 4845 ritur,
626 4783 723 4835 nisi
779 4782 919 4851 quod
964 4784 1015 4835 in
1059 4782 1298 4836 auetario
1325 4781 1581 4851 Daca-igii
1613 4791 1694 4834 est
1721 4783 1872 4833 tissor
1919 4797 2016 4851 pro

436 4861 627 4906 textor.
657 4851 711 4904 Ill
741 4849 938 4907 Codice
971 4853 1224 4904 Vaticano
1244 4849 1375 4905 5321
1412 4849 1602 4915 legitur
1630 4851 1844 4919 forcices
1874 4849 2009 4906 in'ce.

433 4923 634 4985 aurias,
665 4924 886 4975 fortasse
915 4922 1202 4974 incisorias.
1239 4922 1503 4975 Hactenus
1531 4936 1595 4975 ex
1626 4922 1839 4974 scltedis
1879 4939 1929 4976 ν.
1963 4938 2012 4975 c.

432 4990 681 5058 (ἐπιμειδιιί
713 4992 910 5045 Μιιῐίηῆ
934 4995 1106 5045 Varias
1129 4993 1385 5046 lectiones
1425 4993 1541 5056 eius
1581 4991 1790 5044 Codicis
1820 5007 2016 5047 excer-

437 5071 578 5130 pere
603 5059 779 5130 licuit;
808 5077 932 5115 nam
962 5063 1154 5116 desuat
1176 5064 1301 5114 alia.
1335 5063 1503 5115 Anav.

513 5128 640 5201 263.
675 5127 977 5201 Etymolog.
1005 5133 1096 5185 lib.
1130 5147 1182 5198 v,
1214 5147 1331 5198 cap.
1361 5133 1452 5186 26.

514 5199 943 5322 —§;rip':nraz...
970 5203 1236 5256 Ezechiel.
1266 5217 1377 5270 xvr,
1399 5201 1576 5255 multis
1602 5201 1760 5266 locis;
1790 5201 1939 5256 Osca:
1960 5217 2016 5266 n,

514 5288 563 5322 υ.
670 5312 683 5322 .
717 5286 744 5321 a
775 5309 788 5322 .

437 5284 563 5336 (ap.
596 5273 683 5333 14,
717 5273 788 5323 al.

516 5341 646 5393 265.
694 5340 809 5394 Cic.
837 5382 853 5406 ,
886 5342 1042 5395 Tusc.
1080 5359 1126 5396 tv
1154 5361 1167 5397 :
1198 5341 1324 5396 Cum
1355 5343 1549 5396 ratione
1571 5340 1770 5394 animus
1798 5355 2024 5394 movetur

438 5411 666 5478 placide,
698 5423 848 5480 atque
891 5423 1199 5475 constanter,
1232 5423 1336 5466 tum
1367 5412 1494 5465 illud
1520 5413 1766 5482 gaudium
1808 5413 2028 5476 dicitur;

438 5497 564 5532 cum
592 5491 758 5533 autem
779 5483 998 5536 inaniter
1019 5491 1064 5535 et
1107 5482 1263 5549 eﬂ‘use
1302 5485 1502 5535 animus
1523 5481 1752 5535 exsultat
1769 5522 1782 5538 .
1807 5491 1912 5534 tttm
1937 5485 2026 5534 illa

443 5550 630 5602 latitia
675 5553 885 5618 gestiens
909 5593 923 5616 ,
968 5553 1044 5604 vel
1074 5554 1230 5605 nimia
1259 5552 1360 5605 dici
1391 5562 1585 5618 potest,
1625 5569 1773 5620 quant
1804 5553 1872 5605 ita
1903 5553 2030 5620 deﬁ-

446 5624 594 5671 niunt
620 5635 639 5672 :
667 5622 774 5673 sine
794 5626 988 5676 ratione
1016 5624 1173 5674 animi
1199 5624 1493 5675 elationem.

522 5717 587 5727 —-
616 5691 969 5756 Scriptura...
995 5691 1141 5748 Isaia:
1172 5708 1294 5746 xviii
1323 5702 1376 5748 et
1404 5708 1525 5746 Lvit.
1561 5691 1661 5748 Ubi
1693 5693 1744 5748 in
1770 5692 1980 5762 Vulgnt.
2015 5711 2026 5744 ε

2125 4650 2486 4708 temperanter.
2515 4641 2772 4697 Paulinus
2801 4642 3010 4694 videtur
3041 4643 3272 4695 voluisse
3305 4654 3577 4707 temperate
3613 4660 3709 4709 pro

2124 4726 2226 4764 una
2257 4713 2502 4775 lectione,
2527 4726 2581 4765 et
2608 4727 2702 4776 pro
2730 4711 2830 4764 alia
2855 4721 3214 4774 temperanter.
3243 4714 3294 4765 In
3344 4715 3519 4766 verbis
3573 4713 3703 4765 Var-

2124 4781 2858 4863 ronisnap_ud_Grialium_erat
2882 4797 2988 4863 sine
3013 4798 3229 4863 quo-que.
3264 4786 3435 4863 Λιιεγ.

2194 4850 2322 4906 268.
2361 4851 2478 4905 Vid.
2513 4851 2673 4917 Non.,
2705 4850 3059 4916 dictionibus,
3095 4849 3273 4917 Ferre,
3307 4864 3358 4904 et
3389 4851 3596 4904 Gerere.

2193 4921 2320 4974 270.
2349 4920 2488 4991 Gens
2537 4932 2583 4974 et
2632 4920 2876 4987 nationis,
2906 4933 2952 4976 et
3009 4923 3241 4991 furni/ite,
3269 4924 3444 4983 Serv.,
3473 4922 3540 4974 ad
3568 4922 3643 4974 ill.
3691 4937 3709 4978 ι

2126 4990 2255 5045 IEn.
2281 5005 2298 5046 :
2327 4990 2464 5045 Gens
2494 4992 2700 5044 inimica
2726 4991 2869 5045 milii.

2196 5060 2402 5116 27I.C.
2421 5062 2617 5114 Fronto
2641 5063 2751 5116 fere
2772 5063 2959 5116 eodem
2987 5076 3176 5115 sensu:
3207 5060 3524 5113 Corinthium
3550 5062 3706 5115 civem

2129 5133 2364 5198 dicimus,
2398 5131 2776 5185 Corinthiacum
2808 5148 2916 5195 sas,
2949 5131 3345 5184 Corinthiensem
3371 5133 3581 5198 fontem.

2201 5199 2338 5254 Ibid.
2392 5203 2536 5264 Ilaec,
2585 5213 2640 5256 et
2686 5201 2876 5272 similia
2925 5200 3254 5266 discrimina,
3304 5211 3358 5253 ut
3417 5200 3702 5272 Hispanus,

2129 5271 2470 5337 Hispanicus,
2500 5271 2872 5340 Hispaniensis,
2900 5271 3171 5323 obserVari
3200 5288 3300 5340 non
3322 5271 3704 5340 solent.Ant:v.

2204 5343 2329 5396 272.
2357 5343 2446 5397 Sic
2475 5339 2704 5395 Fronto:
2727 5339 2908 5393 Gallus
2935 5339 3160 5403 natione,
3191 5339 3420 5394 Gallicus
3441 5339 3706 5396 exGallia.

2206 5443 2274 5454 .-
2302 5412 2359 5466 F,
2386 5412 2547 5466 scrib.
2580 5429 2591 5461 :
2618 5409 2918 5464 Gallicanus
2945 5412 3028 5478 qui
3058 5411 3274 5478 aliquid.

2205 5484 2331 5536 275.
2366 5481 2479 5536 Sibi
2514 5480 2613 5549 ipsi
2645 5480 2941 5533 contrarius
2975 5480 3200 5534 Isidorus
3225 5498 3405 5549 supra.

2203 5552 2329 5607 «ἐτι.
2365 5554 2579 5622 Servius
2613 5561 2816 5622 tamen,
2849 5550 2914 5603 ad
2943 5551 3014 5604 ill.
3045 5567 3057 5604 I
3092 5550 3213 5622 (Eu.
3247 5573 3257 5604 :
3293 5553 3709 5622 Prospicieusge-

2138 5628 2306 5676 nitor:
2331 5652 2397 5662 —
2432 5620 2764 5681 Venerabilis,
2791 5619 2981 5688 inquit,
3013 5635 3064 5672 ut
3097 5621 3234 5674 Tibri
3253 5619 3444 5686 Pater;
3476 5639 3592 5689 ergo
3621 5619 3709 5674 no.

2137 5710 2248 5748 ntcn
2280 5703 2324 5746 et
2352 5692 2420 5744 ad
2451 5704 2622 5744 rerum
2652 5690 2883 5764 pertinet,
2913 5701 2957 5743 et
2985 5695 3050 5743 ad
3075 5691 3311 5746 honorem
3343 5696 3578 5764 refertur.
