  <div class='ocr_page' id='page_1' title='image "/cluster/home/n/w/nwhite01/storage/ocr_20150623/83/hvd.32044054758875/025.png"; bbox 0 0 4108 6178; ppageno 0'>
   <div class='ocr_carea' id='block_1_1' title="bbox 435 287 3708 366">
    <p class='ocr_par' dir='ltr' id='par_1_1' title="bbox 435 287 3708 366">
     <span class='ocr_line' id='line_1_1' title="bbox 435 287 3708 366; baseline 0.004 -27"><span class='ocrx_word' id='word_1_1' title='bbox 435 288 507 345; x_wconf 78' lang='lat'><strong>&#39;59</strong></span> <span class='ocrx_word' id='word_1_2' title='bbox 1492 288 1547 343; x_wconf 92' lang='lat' dir='ltr'><strong>S.</strong></span> <span class='ocrx_word' id='word_1_3' title='bbox 1593 287 1839 343; x_wconf 69' lang='lat' dir='ltr'><strong>ISIDOIII</strong></span> <span class='ocrx_word' id='word_1_4' title='bbox 1882 289 2319 346; x_wconf 68' lang='lat' dir='ltr'><strong>IIISPAIJ&#39;ZNSIS</strong></span> <span class='ocrx_word' id='word_1_5' title='bbox 2361 291 2664 347; x_wconf 80' lang='lat' dir='ltr'><strong>EPISCOPI</strong></span> <span class='ocrx_word' id='word_1_6' title='bbox 3639 308 3708 366; x_wconf 59' lang='lat' dir='ltr'><strong>to</strong></span> 
     </span>
    </p>
   </div>
   <div class='ocr_carea' id='block_1_2' title="bbox 505 396 3709 486">
    <p class='ocr_par' dir='ltr' id='par_1_2' title="bbox 505 396 3709 486">
     <span class='ocr_line' id='line_1_2' title="bbox 505 396 3709 486; baseline 0.008 -36"><span class='ocrx_word' id='word_1_7' title='bbox 505 397 629 450; x_wconf 76' lang='lat'><strong>277.</strong></span> <span class='ocrx_word' id='word_1_8' title='bbox 663 397 803 451; x_wconf 86' lang='lat' dir='ltr'><strong>Inter</strong></span> <span class='ocrx_word' id='word_1_9' title='bbox 830 396 1042 450; x_wconf 80' lang='lat' dir='ltr'><strong>Grande</strong></span> <span class='ocrx_word' id='word_1_10' title='bbox 1089 406 1144 450; x_wconf 89' lang='lat' dir='ltr'><strong>et</strong></span> <span class='ocrx_word' id='word_1_11' title='bbox 1192 401 1489 451; x_wconf 77' lang='lat' dir='ltr'><strong>mnxhnum.</strong></span> <span class='ocrx_word' id='word_1_12' title='bbox 1550 398 1766 453; x_wconf 82' lang='lat' dir='ltr'><strong>Grande</strong></span> <span class='ocrx_word' id='word_1_13' title='bbox 1797 398 1863 454; x_wconf 85' lang='lat' dir='ltr'><strong>ad</strong></span> <span class='ocrx_word' id='word_1_14' title='bbox 1894 415 2013 455; x_wconf 91' lang='lat' dir='ltr'><strong>cor-</strong></span> <span class='ocrx_word' id='word_1_15' title='bbox 2042 406 2093 465; x_wconf 80' lang='grc' dir='ltr'>Α</span> <span class='ocrx_word' id='word_1_16' title='bbox 2124 404 2258 471; x_wconf 84' lang='lat' dir='ltr'><strong>Quia</strong></span> <span class='ocrx_word' id='word_1_17' title='bbox 2305 404 2531 460; x_wconf 63' lang='lat' dir='ltr'><strong>liberari</strong></span> <span class='ocrx_word' id='word_1_18' title='bbox 2581 407 2803 461; x_wconf 86' lang='lat' dir='ltr'><strong>animam</strong></span> <span class='ocrx_word' id='word_1_19' title='bbox 2859 425 3023 463; x_wconf 84' lang='lat' dir='ltr'><strong>meam</strong></span> <span class='ocrx_word' id='word_1_20' title='bbox 3078 411 3143 465; x_wconf 77' lang='lat' dir='ltr'><strong>ab</strong></span> <span class='ocrx_word' id='word_1_21' title='bbox 3192 412 3396 483; x_wconf 75' lang='lat' dir='ltr'><strong>inferno</strong></span> <span class='ocrx_word' id='word_1_22' title='bbox 3445 415 3709 486; x_wconf 71' lang='lat' dir='ltr'><strong>inferiori.</strong></span> 
     </span>
    </p>
   </div>
   <div class='ocr_carea' id='block_1_3' title="bbox 438 488 1527 557">
    <p class='ocr_par' dir='ltr' id='par_1_3' title="bbox 438 488 1527 557">
     <span class='ocr_line' id='line_1_3' title="bbox 438 488 1527 557; baseline 0 -16"><span class='ocrx_word' id='word_1_23' title='bbox 438 503 534 557; x_wconf 75' lang='lat' dir='ltr'><strong>pus</strong></span> <span class='ocrx_word' id='word_1_24' title='bbox 564 498 814 556; x_wconf 73' lang='lat' dir='ltr'><strong>pertinet,</strong></span> <span class='ocrx_word' id='word_1_25' title='bbox 849 488 1141 540; x_wconf 74' lang='lat' dir='ltr'><strong>niaximum</strong></span> <span class='ocrx_word' id='word_1_26' title='bbox 1174 489 1239 540; x_wconf 88' lang='lat' dir='ltr'><strong>ad</strong></span> <span class='ocrx_word' id='word_1_27' title='bbox 1269 489 1527 541; x_wconf 88' lang='lat' dir='ltr'><strong>animum.</strong></span> 
     </span>
    </p>
   </div>
   <div class='ocr_carea' id='block_1_4' title="bbox 966 581 1502 650">
    <p class='ocr_par' dir='ltr' id='par_1_4' title="bbox 966 581 1502 650">
     <span class='ocr_line' id='line_1_4' title="bbox 966 581 1502 650; baseline 0.002 -18"><span class='ocrx_word' id='word_1_28' title='bbox 966 582 1069 650; x_wconf 79' lang='lat'><strong>3&#39;7</strong></span> <span class='ocrx_word' id='word_1_29' title='bbox 1118 581 1192 632; x_wconf 87' lang='lat' dir='ltr'><strong>De</strong></span> <span class='ocrx_word' id='word_1_30' title='bbox 1238 581 1404 633; x_wconf 80' lang='lat' dir='ltr'><strong>littera</strong></span> <span class='ocrx_word' id='word_1_31' title='bbox 1441 581 1502 633; x_wconf 92' lang='grc' dir='ltr'><strong>ΙΙ.</strong></span> 
     </span>
    </p>
   </div>
   <div class='ocr_carea' id='block_1_5' title="bbox 505 663 2025 741">
    <p class='ocr_par' dir='ltr' id='par_1_5' title="bbox 505 663 2025 741">
     <span class='ocr_line' id='line_1_5' title="bbox 505 663 2025 741; baseline 0.001 -16"><span class='ocrx_word' id='word_1_32' title='bbox 505 671 632 727; x_wconf 70' lang='grc'><strong>278.</strong></span> <span class='ocrx_word' id='word_1_33' title='bbox 664 673 804 724; x_wconf 86' lang='lat' dir='ltr'><strong>Inter</strong></span> <span class='ocrx_word' id='word_1_34' title='bbox 840 670 1014 725; x_wconf 72' lang='lat' dir='ltr'><strong>Hodie</strong></span> <span class='ocrx_word' id='word_1_35' title='bbox 1060 681 1114 724; x_wconf 91' lang='lat' dir='ltr'><strong>et</strong></span> <span class='ocrx_word' id='word_1_36' title='bbox 1160 673 1256 724; x_wconf 76' lang='lat' dir='ltr'><strong>hoc</strong></span> <span class='ocrx_word' id='word_1_37' title='bbox 1285 672 1385 724; x_wconf 83' lang='lat' dir='ltr'><strong>die.</strong></span> <span class='ocrx_word' id='word_1_38' title='bbox 1425 673 1589 726; x_wconf 84' lang='lat' dir='ltr'><strong>llndie</strong></span> <span class='ocrx_word' id='word_1_39' title='bbox 1612 685 1692 727; x_wconf 82' lang='lat' dir='ltr'><strong>est</strong></span> <span class='ocrx_word' id='word_1_40' title='bbox 1722 663 1871 741; x_wconf 85' lang='lat' dir='ltr'><strong>quasi</strong></span> <span class='ocrx_word' id='word_1_41' title='bbox 1913 673 2025 741; x_wconf 85' lang='lat' dir='ltr'><strong>pri-</strong></span> 
     </span>
    </p>
   </div>
   <div class='ocr_carea' id='block_1_6' title="bbox 436 760 2021 829">
    <p class='ocr_par' dir='ltr' id='par_1_6' title="bbox 436 760 2021 829">
     <span class='ocr_line' id='line_1_6' title="bbox 436 760 2021 829; baseline 0.001 -16"><span class='ocrx_word' id='word_1_42' title='bbox 436 778 579 815; x_wconf 90' lang='lat' dir='ltr'><strong>mum</strong></span> <span class='ocrx_word' id='word_1_43' title='bbox 615 763 736 827; x_wconf 80' lang='lat' dir='ltr'><strong>ﬁat,</strong></span> <span class='ocrx_word' id='word_1_44' title='bbox 788 761 890 814; x_wconf 90' lang='lat' dir='ltr'><strong>hoc</strong></span> <span class='ocrx_word' id='word_1_45' title='bbox 914 762 1000 813; x_wconf 90' lang='lat' dir='ltr'><strong>die</strong></span> <span class='ocrx_word' id='word_1_46' title='bbox 1034 760 1184 829; x_wconf 88' lang='lat' dir='ltr'><strong>quasi</strong></span> <span class='ocrx_word' id='word_1_47' title='bbox 1244 760 1531 828; x_wconf 83' lang='lat' dir='ltr'><strong>aliquando</strong></span> <span class='ocrx_word' id='word_1_48' title='bbox 1585 764 1781 816; x_wconf 79' lang='lat' dir='ltr'><strong>laetum</strong></span> <span class='ocrx_word' id='word_1_49' title='bbox 1822 762 2021 817; x_wconf 79' lang='lat' dir='ltr'><strong>refera-</strong></span> 
     </span>
    </p>
   </div>
   <div class='ocr_carea' id='block_1_7' title="bbox 433 868 574 907">
    <p class='ocr_par' dir='ltr' id='par_1_7' title="bbox 433 868 574 907">
     <span class='ocr_line' id='line_1_7' title="bbox 433 868 574 907; baseline 0.021 -3"><span class='ocrx_word' id='word_1_50' title='bbox 433 868 574 907; x_wconf 75' lang='lat' dir='ltr'><strong>lﬂUS.</strong></span> 
     </span>
    </p>
   </div>
   <div class='ocr_carea' id='block_1_8' title="bbox 500 942 2023 999">
    <p class='ocr_par' dir='ltr' id='par_1_8' title="bbox 500 942 2023 999">
     <span class='ocr_line' id='line_1_8' title="bbox 500 942 2023 999; baseline 0 -1"><span class='ocrx_word' id='word_1_51' title='bbox 500 944 627 999; x_wconf 65' lang='lat'><strong>279.</strong></span> <span class='ocrx_word' id='word_1_52' title='bbox 665 944 805 996; x_wconf 90' lang='lat' dir='ltr'><strong>Inter</strong></span> <span class='ocrx_word' id='word_1_53' title='bbox 830 942 875 994; x_wconf 86' lang='grc' dir='ltr'><em>Η</em></span> <span class='ocrx_word' id='word_1_54' title='bbox 886 959 983 994; x_wconf 88' lang='lat' dir='ltr'><strong>unc</strong></span> <span class='ocrx_word' id='word_1_55' title='bbox 1009 942 1146 995; x_wconf 89' lang='lat' dir='ltr'><strong>diem</strong></span> <span class='ocrx_word' id='word_1_56' title='bbox 1170 952 1225 996; x_wconf 91' lang='lat' dir='ltr'><strong>et</strong></span> <span class='ocrx_word' id='word_1_57' title='bbox 1253 942 1387 995; x_wconf 80' lang='lat' dir='ltr'><strong>hanc</strong></span> <span class='ocrx_word' id='word_1_58' title='bbox 1411 944 1565 996; x_wconf 74' lang='lat' dir='ltr'><strong>diem.</strong></span> <span class='ocrx_word' id='word_1_59' title='bbox 1600 944 1718 996; x_wconf 84' lang='lat' dir='ltr'><strong>Dies</strong></span> <span class='ocrx_word' id='word_1_60' title='bbox 1744 944 2023 999; x_wconf 85' lang='lat' dir='ltr'><strong>masculini</strong></span> 
     </span>
    </p>
   </div>
   <div class='ocr_carea' id='block_1_9' title="bbox 440 1032 2026 1104">
    <p class='ocr_par' dir='ltr' id='par_1_9' title="bbox 440 1032 2026 1104">
     <span class='ocr_line' id='line_1_9' title="bbox 440 1032 2026 1104; baseline -0.001 -16"><span class='ocrx_word' id='word_1_61' title='bbox 440 1036 653 1104; x_wconf 77' lang='lat' dir='ltr'><strong>generis</strong></span> <span class='ocrx_word' id='word_1_62' title='bbox 685 1035 877 1085; x_wconf 85' lang='lat' dir='ltr'><strong>bonum</strong></span> <span class='ocrx_word' id='word_1_63' title='bbox 924 1043 1134 1100; x_wconf 89' lang='lat' dir='ltr'><strong>tempus</strong></span> <span class='ocrx_word' id='word_1_64' title='bbox 1181 1032 1319 1099; x_wconf 88' lang='lat' dir='ltr'><strong>apud</strong></span> <span class='ocrx_word' id='word_1_65' title='bbox 1350 1041 1559 1086; x_wconf 82' lang='lat' dir='ltr'><strong>veteres</strong></span> <span class='ocrx_word' id='word_1_66' title='bbox 1592 1033 1893 1099; x_wconf 84' lang='lat' dir='ltr'><strong>indicabat;</strong></span> <span class='ocrx_word' id='word_1_67' title='bbox 1948 1033 2026 1087; x_wconf 80' lang='lat' dir='ltr'><strong>fe-</strong></span> 
     </span>
    </p>
   </div>
   <div class='ocr_carea' id='block_1_10' title="bbox 443 1121 1806 1184">
    <p class='ocr_par' dir='ltr' id='par_1_10' title="bbox 443 1121 1806 1184">
     <span class='ocr_line' id='line_1_10' title="bbox 443 1121 1806 1184; baseline 0 -8"><span class='ocrx_word' id='word_1_68' title='bbox 443 1124 631 1176; x_wconf 89' lang='lat' dir='ltr'><strong>tuinini</strong></span> <span class='ocrx_word' id='word_1_69' title='bbox 674 1122 891 1184; x_wconf 87' lang='lat' dir='ltr'><strong>malum,</strong></span> <span class='ocrx_word' id='word_1_70' title='bbox 937 1122 1100 1174; x_wconf 86' lang='lat' dir='ltr'><strong>veluti</strong></span> <span class='ocrx_word' id='word_1_71' title='bbox 1132 1121 1181 1173; x_wconf 87' lang='lat' dir='ltr'><strong>in</strong></span> <span class='ocrx_word' id='word_1_72' title='bbox 1215 1121 1338 1180; x_wconf 76' lang='lat' dir='ltr'><strong>Job.</strong></span> <span class='ocrx_word' id='word_1_73' title='bbox 1371 1123 1643 1174; x_wconf 85' lang='lat' dir='ltr'><strong>maledicta</strong></span> <span class='ocrx_word' id='word_1_74' title='bbox 1675 1123 1806 1176; x_wconf 74' lang='lat' dir='ltr'><strong>dies.</strong></span> 
     </span>
    </p>
   </div>
   <div class='ocr_carea' id='block_1_11' title="bbox 503 1212 2020 1278">
    <p class='ocr_par' dir='ltr' id='par_1_11' title="bbox 503 1212 2020 1278">
     <span class='ocr_line' id='line_1_11' title="bbox 503 1212 2020 1278; baseline 0 -12"><span class='ocrx_word' id='word_1_75' title='bbox 503 1215 629 1268; x_wconf 76' lang='lat'><strong>280.</strong></span> <span class='ocrx_word' id='word_1_76' title='bbox 656 1214 801 1267; x_wconf 88' lang='lat' dir='ltr'><strong>Inter</strong></span> <span class='ocrx_word' id='word_1_77' title='bbox 830 1212 1010 1266; x_wconf 88' lang='lat' dir='ltr'><strong>IIabeo</strong></span> <span class='ocrx_word' id='word_1_78' title='bbox 1041 1222 1095 1266; x_wconf 90' lang='lat' dir='ltr'><strong>et</strong></span> <span class='ocrx_word' id='word_1_79' title='bbox 1121 1214 1183 1265; x_wconf 88' lang='lat' dir='ltr'><strong>ab</strong></span> <span class='ocrx_word' id='word_1_80' title='bbox 1212 1229 1294 1267; x_wconf 85' lang='lat' dir='ltr'><strong>eo.</strong></span> <span class='ocrx_word' id='word_1_81' title='bbox 1322 1213 1529 1277; x_wconf 85' lang='lat' dir='ltr'><strong>Habeo,</strong></span> <span class='ocrx_word' id='word_1_82' title='bbox 1558 1213 1766 1268; x_wconf 89' lang='lat' dir='ltr'><strong>retineo</strong></span> <span class='ocrx_word' id='word_1_83' title='bbox 1791 1231 1806 1278; x_wconf 88' lang='lat'><strong>;</strong></span> <span class='ocrx_word' id='word_1_84' title='bbox 1841 1215 2020 1276; x_wconf 87' lang='lat' dir='ltr'><strong>abeo,</strong></span> 
     </span>
    </p>
   </div>
   <div class='ocr_carea' id='block_1_12' title="bbox 436 1304 1329 1371">
    <p class='ocr_par' dir='ltr' id='par_1_12' title="bbox 436 1304 1329 1371">
     <span class='ocr_line' id='line_1_12' title="bbox 436 1304 1329 1371; baseline -0.006 -13"><span class='ocrx_word' id='word_1_85' title='bbox 436 1306 536 1359; x_wconf 90' lang='lat' dir='ltr'><strong>hoc</strong></span> <span class='ocrx_word' id='word_1_86' title='bbox 562 1312 665 1367; x_wconf 89' lang='lat' dir='ltr'><strong>est,</strong></span> <span class='ocrx_word' id='word_1_87' title='bbox 697 1304 764 1358; x_wconf 86' lang='lat' dir='ltr'><strong>ab</strong></span> <span class='ocrx_word' id='word_1_88' title='bbox 790 1304 927 1371; x_wconf 86' lang='lat' dir='ltr'><strong>ipso.</strong></span> <span class='ocrx_word' id='word_1_89' title='bbox 1320 1350 1329 1353; x_wconf 32' lang='grc' dir='ltr'><em>λ</em></span> 
     </span>
    </p>
   </div>
   <div class='ocr_carea' id='block_1_13' title="bbox 516 1393 2024 1461">
    <p class='ocr_par' dir='ltr' id='par_1_13' title="bbox 516 1393 2024 1461">
     <span class='ocr_line' id='line_1_13' title="bbox 516 1393 2024 1461; baseline 0.001 -14"><span class='ocrx_word' id='word_1_90' title='bbox 516 1395 642 1451; x_wconf 68' lang='lat'><strong>981.</strong></span> <span class='ocrx_word' id='word_1_91' title='bbox 676 1396 821 1449; x_wconf 89' lang='lat' dir='ltr'><strong>Inter</strong></span> <span class='ocrx_word' id='word_1_92' title='bbox 847 1394 959 1447; x_wconf 88' lang='lat' dir='ltr'><strong>Hos</strong></span> <span class='ocrx_word' id='word_1_93' title='bbox 988 1404 1140 1448; x_wconf 83' lang='lat' dir='ltr'><strong>etas.</strong></span> <span class='ocrx_word' id='word_1_94' title='bbox 1169 1393 1225 1449; x_wconf 89' lang='lat' dir='ltr'><strong>Si</strong></span> <span class='ocrx_word' id='word_1_95' title='bbox 1263 1394 1360 1447; x_wconf 91' lang='lat' dir='ltr'><strong>bos</strong></span> <span class='ocrx_word' id='word_1_96' title='bbox 1382 1410 1503 1449; x_wconf 91' lang='lat' dir='ltr'><strong>cum</strong></span> <span class='ocrx_word' id='word_1_97' title='bbox 1540 1394 1571 1447; x_wconf 77' lang='lat' dir='ltr'><strong>lt</strong></span> <span class='ocrx_word' id='word_1_98' title='bbox 1602 1395 1919 1461; x_wconf 80' lang='lat' dir='ltr'><strong>scribimus,</strong></span> <span class='ocrx_word' id='word_1_99' title='bbox 1950 1397 2024 1451; x_wconf 87' lang='lat' dir='ltr'><strong>si-</strong></span> 
     </span>
    </p>
   </div>
   <div class='ocr_carea' id='block_1_14' title="bbox 441 1485 1875 1556">
    <p class='ocr_par' dir='ltr' id='par_1_14' title="bbox 441 1485 1875 1556">
     <span class='ocr_line' id='line_1_14' title="bbox 441 1485 1875 1556; baseline 0.001 -17"><span class='ocrx_word' id='word_1_100' title='bbox 441 1487 760 1556; x_wconf 78' lang='lat' dir='ltr'><strong>gniﬁcamus</strong></span> <span class='ocrx_word' id='word_1_101' title='bbox 799 1498 1117 1552; x_wconf 91' lang='lat' dir='ltr'><strong>personam,</strong></span> <span class='ocrx_word' id='word_1_102' title='bbox 1141 1485 1260 1537; x_wconf 86' lang='lat' dir='ltr'><strong>sine</strong></span> <span class='ocrx_word' id='word_1_103' title='bbox 1292 1486 1324 1537; x_wconf 84' lang='lat' dir='ltr'><strong>It</strong></span> <span class='ocrx_word' id='word_1_104' title='bbox 1357 1485 1622 1554; x_wconf 79' lang='lat' dir='ltr'><strong>signiﬁcat</strong></span> <span class='ocrx_word' id='word_1_105' title='bbox 1649 1486 1875 1541; x_wconf 88' lang='lat' dir='ltr'><strong>vultum.</strong></span> 
     </span>
    </p>
   </div>
   <div class='ocr_carea' id='block_1_15' title="bbox 507 1578 2024 1635">
    <p class='ocr_par' dir='ltr' id='par_1_15' title="bbox 507 1578 2024 1635">
     <span class='ocr_line' id='line_1_15' title="bbox 507 1578 2024 1635; baseline 0 -2"><span class='ocrx_word' id='word_1_106' title='bbox 507 1580 635 1633; x_wconf 67' lang='lat'><strong>289..</strong></span> <span class='ocrx_word' id='word_1_107' title='bbox 663 1580 804 1633; x_wconf 83' lang='lat' dir='ltr'><strong>Inter</strong></span> <span class='ocrx_word' id='word_1_108' title='bbox 837 1578 1091 1632; x_wconf 77' lang='lat' dir='ltr'><strong>eresim</strong></span> <span class='ocrx_word' id='word_1_109' title='bbox 1133 1588 1186 1633; x_wconf 90' lang='lat' dir='ltr'><strong>et</strong></span> <span class='ocrx_word' id='word_1_110' title='bbox 1229 1578 1465 1631; x_wconf 71' lang='lat' dir='ltr'><strong>schisma.</strong></span> <span class='ocrx_word' id='word_1_111' title='bbox 1497 1578 1743 1633; x_wconf 77' lang='lat' dir='ltr'><strong>Stbisnia</strong></span> <span class='ocrx_word' id='word_1_112' title='bbox 1782 1593 1904 1635; x_wconf 88' lang='lat' dir='ltr'><strong>esse</strong></span> <span class='ocrx_word' id='word_1_113' title='bbox 1932 1594 2024 1634; x_wconf 85' lang='lat' dir='ltr'><strong>ea-</strong></span> 
     </span>
    </p>
   </div>
   <div class='ocr_carea' id='block_1_16' title="bbox 432 1668 2022 1737">
    <p class='ocr_par' dir='ltr' id='par_1_16' title="bbox 432 1668 2022 1737">
     <span class='ocr_line' id='line_1_16' title="bbox 432 1668 2022 1737; baseline -0.003 -12"><span class='ocrx_word' id='word_1_114' title='bbox 432 1671 556 1725; x_wconf 90' lang='lat' dir='ltr'><strong>dem</strong></span> <span class='ocrx_word' id='word_1_115' title='bbox 597 1668 945 1737; x_wconf 85' lang='lat' dir='ltr'><strong>epinantem,</strong></span> <span class='ocrx_word' id='word_1_116' title='bbox 996 1678 1159 1737; x_wconf 86' lang='lat' dir='ltr'><strong>atque</strong></span> <span class='ocrx_word' id='word_1_117' title='bbox 1197 1668 1386 1722; x_wconf 89' lang='lat' dir='ltr'><strong>eodem</strong></span> <span class='ocrx_word' id='word_1_118' title='bbox 1447 1670 1549 1721; x_wconf 87' lang='lat' dir='ltr'><strong>ritu</strong></span> <span class='ocrx_word' id='word_1_119' title='bbox 1600 1668 1867 1722; x_wconf 89' lang='lat' dir='ltr'><strong>colentem</strong></span> <span class='ocrx_word' id='word_1_120' title='bbox 1914 1684 2022 1737; x_wconf 88' lang='lat' dir='ltr'><strong>quo</strong></span> 
     </span>
    </p>
   </div>
   <div class='ocr_carea' id='block_1_17' title="bbox 2198 494 3711 572">
    <p class='ocr_par' dir='ltr' id='par_1_17' title="bbox 2198 494 3711 572">
     <span class='ocr_line' id='line_1_17' title="bbox 2198 494 3711 572; baseline 0.011 -23"><span class='ocrx_word' id='word_1_121' title='bbox 2198 496 2324 549; x_wconf 73' lang='lat'><strong>9.89.</strong></span> <span class='ocrx_word' id='word_1_122' title='bbox 2365 494 2507 551; x_wconf 82' lang='lat' dir='ltr'><strong>Inter</strong></span> <span class='ocrx_word' id='word_1_123' title='bbox 2537 494 2749 551; x_wconf 90' lang='lat' dir='ltr'><strong>Initium</strong></span> <span class='ocrx_word' id='word_1_124' title='bbox 2778 510 2829 554; x_wconf 88' lang='lat' dir='ltr'><strong>et</strong></span> <span class='ocrx_word' id='word_1_125' title='bbox 2860 501 3189 572; x_wconf 77' lang='lat' dir='ltr'><strong>principium.</strong></span> <span class='ocrx_word' id='word_1_126' title='bbox 3237 503 3447 558; x_wconf 89' lang='lat' dir='ltr'><strong>Initium</strong></span> <span class='ocrx_word' id='word_1_127' title='bbox 3497 518 3581 562; x_wconf 84' lang='lat' dir='ltr'><strong>est</strong></span> <span class='ocrx_word' id='word_1_128' title='bbox 3627 525 3711 565; x_wconf 86' lang='lat' dir='ltr'><strong>rc-</strong></span> 
     </span>
    </p>
   </div>
   <div class='ocr_carea' id='block_1_18' title="bbox 2129 586 3711 662">
    <p class='ocr_par' dir='ltr' id='par_1_18' title="bbox 2129 586 3711 662">
     <span class='ocr_line' id='line_1_18' title="bbox 2129 586 3711 662; baseline 0.01 -25"><span class='ocrx_word' id='word_1_129' title='bbox 2129 598 2247 638; x_wconf 90' lang='lat' dir='ltr'><strong>rum</strong></span> <span class='ocrx_word' id='word_1_130' title='bbox 2278 598 2305 636; x_wconf 87' lang='lat' dir='ltr'><strong>a</strong></span> <span class='ocrx_word' id='word_1_131' title='bbox 2337 599 2444 654; x_wconf 90' lang='lat' dir='ltr'><strong>quo</strong></span> <span class='ocrx_word' id='word_1_132' title='bbox 2464 586 2589 653; x_wconf 85' lang='lat' dir='ltr'><strong>quid</strong></span> <span class='ocrx_word' id='word_1_133' title='bbox 2614 586 2818 655; x_wconf 85' lang='lat' dir='ltr'><strong>incipit,</strong></span> <span class='ocrx_word' id='word_1_134' title='bbox 2843 598 2902 643; x_wconf 92' lang='lat' dir='ltr'><strong>ut</strong></span> <span class='ocrx_word' id='word_1_135' title='bbox 2925 589 3269 647; x_wconf 81' lang='lat' dir='ltr'><strong>fundamenta</strong></span> <span class='ocrx_word' id='word_1_136' title='bbox 3291 593 3504 662; x_wconf 89' lang='lat' dir='ltr'><strong>domus,</strong></span> <span class='ocrx_word' id='word_1_137' title='bbox 3532 599 3711 653; x_wconf 85' lang='lat' dir='ltr'><strong>carina</strong></span> 
     </span>
    </p>
   </div>
   <div class='ocr_carea' id='block_1_19' title="bbox 2127 674 3638 743">
    <p class='ocr_par' dir='ltr' id='par_1_19' title="bbox 2127 674 3638 743">
     <span class='ocr_line' id='line_1_19' title="bbox 2127 674 3638 743; baseline 0.009 -16"><span class='ocrx_word' id='word_1_138' title='bbox 2127 674 2278 728; x_wconf 89' lang='lat' dir='ltr'><strong>navis</strong></span> <span class='ocrx_word' id='word_1_139' title='bbox 2307 691 2320 737; x_wconf 92' lang='lat'><strong>;</strong></span> <span class='ocrx_word' id='word_1_140' title='bbox 2358 676 2674 743; x_wconf 82' lang='lat' dir='ltr'><strong>principium</strong></span> <span class='ocrx_word' id='word_1_141' title='bbox 2704 687 2879 731; x_wconf 71' lang='lat' dir='ltr'><strong>autem</strong></span> <span class='ocrx_word' id='word_1_142' title='bbox 2912 681 3197 735; x_wconf 81' lang='lat' dir='ltr'><strong>verborum</strong></span> <span class='ocrx_word' id='word_1_143' title='bbox 3229 686 3507 739; x_wconf 76' lang='lat' dir='ltr'><strong>exordium</strong></span> <span class='ocrx_word' id='word_1_144' title='bbox 3538 698 3638 742; x_wconf 92' lang='lat' dir='ltr'><strong>est.</strong></span> 
     </span>
    </p>
   </div>
   <div class='ocr_carea' id='block_1_20' title="bbox 2201 762 3714 841">
    <p class='ocr_par' dir='ltr' id='par_1_20' title="bbox 2201 762 3714 841">
     <span class='ocr_line' id='line_1_20' title="bbox 2201 762 3714 841; baseline 0.013 -27"><span class='ocrx_word' id='word_1_145' title='bbox 2201 762 2328 819; x_wconf 78' lang='lat'><strong>‘290.</strong></span> <span class='ocrx_word' id='word_1_146' title='bbox 2370 764 2513 819; x_wconf 84' lang='lat' dir='ltr'><strong>Inter</strong></span> <span class='ocrx_word' id='word_1_147' title='bbox 2541 766 2805 820; x_wconf 76' lang='lat' dir='ltr'><strong>Judicium</strong></span> <span class='ocrx_word' id='word_1_148' title='bbox 2844 778 2896 823; x_wconf 89' lang='lat' dir='ltr'><strong>et</strong></span> <span class='ocrx_word' id='word_1_149' title='bbox 2924 771 3207 841; x_wconf 73' lang='lat' dir='ltr'><strong>justitiam.</strong></span> <span class='ocrx_word' id='word_1_150' title='bbox 3249 772 3461 829; x_wconf 80' lang='lat' dir='ltr'><strong>Iustitia</strong></span> <span class='ocrx_word' id='word_1_151' title='bbox 3492 787 3574 831; x_wconf 89' lang='lat' dir='ltr'><strong>est</strong></span> <span class='ocrx_word' id='word_1_152' title='bbox 3601 791 3714 833; x_wconf 73' lang='lat' dir='ltr'><strong>suu-</strong></span> 
     </span>
    </p>
   </div>
   <div class='ocr_carea' id='block_1_21' title="bbox 2132 856 3715 938">
    <p class='ocr_par' dir='ltr' id='par_1_21' title="bbox 2132 856 3715 938">
     <span class='ocr_line' id='line_1_21' title="bbox 2132 856 3715 938; baseline 0.014 -32"><span class='ocrx_word' id='word_1_153' title='bbox 2132 856 2278 908; x_wconf 90' lang='lat' dir='ltr'><strong>dium</strong></span> <span class='ocrx_word' id='word_1_154' title='bbox 2335 867 2483 911; x_wconf 85' lang='lat' dir='ltr'><strong>recte</strong></span> <span class='ocrx_word' id='word_1_155' title='bbox 2515 859 2772 925; x_wconf 88' lang='lat' dir='ltr'><strong>vivendi,</strong></span> <span class='ocrx_word' id='word_1_156' title='bbox 2818 861 3074 928; x_wconf 73' lang='lat' dir='ltr'><strong>judicium</strong></span> <span class='ocrx_word' id='word_1_157' title='bbox 3127 880 3257 920; x_wconf 89' lang='lat' dir='ltr'><strong>vero</strong></span> <span class='ocrx_word' id='word_1_158' title='bbox 3302 869 3526 938; x_wconf 65' lang='lat' dir='ltr'><strong>aequitas</strong></span> <span class='ocrx_word' id='word_1_159' title='bbox 3571 883 3715 927; x_wconf 88' lang='lat' dir='ltr'><strong>recte</strong></span> 
     </span>
    </p>
   </div>
   <div class='ocr_carea' id='block_1_22' title="bbox 2125 946 3714 1035">
    <p class='ocr_par' dir='ltr' id='par_1_22' title="bbox 2125 946 3714 1035">
     <span class='ocr_line' id='line_1_22' title="bbox 2125 946 3714 1035; baseline 0.013 -36"><span class='ocrx_word' id='word_1_160' title='bbox 2125 946 2346 1016; x_wconf 87' lang='lat' dir='ltr'><strong>judican</strong></span> <span class='ocrx_word' id='word_1_161' title='bbox 2370 951 2436 1013; x_wconf 90' lang='lat' dir='ltr'><strong>li;</strong></span> <span class='ocrx_word' id='word_1_162' title='bbox 2468 950 2712 1021; x_wconf 79' lang='lat' dir='ltr'><strong>quisquis</strong></span> <span class='ocrx_word' id='word_1_163' title='bbox 2734 968 2862 1022; x_wconf 80' lang='lat' dir='ltr'><strong>ergo</strong></span> <span class='ocrx_word' id='word_1_164' title='bbox 2887 955 3022 1009; x_wconf 85' lang='lat' dir='ltr'><strong>bene</strong></span> <span class='ocrx_word' id='word_1_165' title='bbox 3044 959 3271 1013; x_wconf 87' lang='lat' dir='ltr'><strong>vivendo</strong></span> <span class='ocrx_word' id='word_1_166' title='bbox 3293 963 3450 1016; x_wconf 80' lang='lat' dir='ltr'><strong>servit</strong></span> <span class='ocrx_word' id='word_1_167' title='bbox 3479 963 3610 1035; x_wconf 77' lang='lat' dir='ltr'><strong>[Al.,</strong></span> <span class='ocrx_word' id='word_1_168' title='bbox 3634 966 3714 1019; x_wconf 88' lang='lat' dir='ltr'><strong>vi-</strong></span> 
     </span>
    </p>
   </div>
   <div class='ocr_carea' id='block_1_23' title="bbox 2130 1041 3715 1127">
    <p class='ocr_par' dir='ltr' id='par_1_23' title="bbox 2130 1041 3715 1127">
     <span class='ocr_line' id='line_1_23' title="bbox 2130 1041 3715 1127; baseline 0.013 -34"><span class='ocrx_word' id='word_1_169' title='bbox 2130 1041 2284 1096; x_wconf 89' lang='lat' dir='ltr'><strong>vendi</strong></span> <span class='ocrx_word' id='word_1_170' title='bbox 2312 1043 2571 1113; x_wconf 88' lang='lat' dir='ltr'><strong>serviat],</strong></span> <span class='ocrx_word' id='word_1_171' title='bbox 2617 1044 2878 1113; x_wconf 79' lang='lat' dir='ltr'><strong>justitiam</strong></span> <span class='ocrx_word' id='word_1_172' title='bbox 2912 1046 3076 1113; x_wconf 78' lang='lat' dir='ltr'><strong>facit;</strong></span> <span class='ocrx_word' id='word_1_173' title='bbox 3123 1053 3364 1123; x_wconf 88' lang='lat' dir='ltr'><strong>quisquis</strong></span> <span class='ocrx_word' id='word_1_174' title='bbox 3399 1065 3545 1111; x_wconf 90' lang='lat' dir='ltr'><strong>recte</strong></span> <span class='ocrx_word' id='word_1_175' title='bbox 3570 1057 3715 1127; x_wconf 80' lang='lat' dir='ltr'><strong>judi-</strong></span> 
     </span>
    </p>
   </div>
   <div class='ocr_carea' id='block_1_24' title="bbox 2128 1135 3717 1204">
    <p class='ocr_par' dir='ltr' id='par_1_24' title="bbox 2128 1135 3717 1204">
     <span class='ocr_line' id='line_1_24' title="bbox 2128 1135 3717 1204; baseline 0.011 -18"><span class='ocrx_word' id='word_1_176' title='bbox 2128 1144 2208 1186; x_wconf 87' lang='lat' dir='ltr'><strong>cat</strong></span> <span class='ocrx_word' id='word_1_177' title='bbox 2246 1135 2297 1186; x_wconf 90' lang='lat' dir='ltr'><strong>in</strong></span> <span class='ocrx_word' id='word_1_178' title='bbox 2345 1135 2602 1201; x_wconf 84' lang='lat' dir='ltr'><strong>subditis,</strong></span> <span class='ocrx_word' id='word_1_179' title='bbox 2643 1136 2900 1204; x_wconf 87' lang='lat' dir='ltr'><strong>judicium</strong></span> <span class='ocrx_word' id='word_1_180' title='bbox 2954 1143 3209 1197; x_wconf 84' lang='lat' dir='ltr'><strong>custodit.</strong></span> <span class='ocrx_word' id='word_1_181' title='bbox 3258 1144 3572 1202; x_wconf 84' lang='lat' dir='ltr'><strong>Prol‘anatur</strong></span> <span class='ocrx_word' id='word_1_182' title='bbox 3624 1165 3717 1203; x_wconf 86' lang='lat' dir='ltr'><strong>au-</strong></span> 
     </span>
    </p>
   </div>
   <div class='ocr_carea' id='block_1_25' title="bbox 2132 1224 3713 1307">
    <p class='ocr_par' dir='ltr' id='par_1_25' title="bbox 2132 1224 3713 1307">
     <span class='ocr_line' id='line_1_25' title="bbox 2132 1224 3713 1307; baseline 0.012 -31"><span class='ocrx_word' id='word_1_183' title='bbox 2132 1235 2238 1280; x_wconf 89' lang='lat' dir='ltr'><strong>tetn</strong></span> <span class='ocrx_word' id='word_1_184' title='bbox 2265 1224 2526 1295; x_wconf 83' lang='lat' dir='ltr'><strong>judicium</strong></span> <span class='ocrx_word' id='word_1_185' title='bbox 2571 1232 2781 1283; x_wconf 71' lang='lat' dir='ltr'><strong>astutia:</strong></span> <span class='ocrx_word' id='word_1_186' title='bbox 2827 1239 3071 1300; x_wconf 87' lang='lat' dir='ltr'><strong>tempore</strong></span> <span class='ocrx_word' id='word_1_187' title='bbox 3093 1274 3108 1297; x_wconf 92' lang='lat'><strong>,</strong></span> <span class='ocrx_word' id='word_1_188' title='bbox 3139 1251 3243 1289; x_wconf 93' lang='lat' dir='ltr'><strong>non</strong></span> <span class='ocrx_word' id='word_1_189' title='bbox 3275 1236 3549 1307; x_wconf 82' lang='lat' dir='ltr'><strong>dignitate.</strong></span> <span class='ocrx_word' id='word_1_190' title='bbox 3581 1240 3713 1296; x_wconf 88' lang='lat' dir='ltr'><strong>Nam</strong></span> 
     </span>
    </p>
   </div>
   <div class='ocr_carea' id='block_1_26' title="bbox 2132 1314 3715 1394">
    <p class='ocr_par' dir='ltr' id='par_1_26' title="bbox 2132 1314 3715 1394">
     <span class='ocr_line' id='line_1_26' title="bbox 2132 1314 3715 1394; baseline 0.013 -28"><span class='ocrx_word' id='word_1_191' title='bbox 2132 1314 2359 1380; x_wconf 87' lang='lat' dir='ltr'><strong>primum</strong></span> <span class='ocrx_word' id='word_1_192' title='bbox 2383 1327 2594 1384; x_wconf 85' lang='lat' dir='ltr'><strong>oportet</strong></span> <span class='ocrx_word' id='word_1_193' title='bbox 2617 1333 2880 1388; x_wconf 79' lang='lat' dir='ltr'><strong>quemque</strong></span> <span class='ocrx_word' id='word_1_194' title='bbox 2903 1336 3024 1376; x_wconf 71' lang='lat' dir='ltr'><strong>esse</strong></span> <span class='ocrx_word' id='word_1_195' title='bbox 3047 1322 3275 1392; x_wconf 84' lang='lat' dir='ltr'><strong>justum,</strong></span> <span class='ocrx_word' id='word_1_196' title='bbox 3302 1328 3584 1394; x_wconf 83' lang='lat' dir='ltr'><strong>providere</strong></span> <span class='ocrx_word' id='word_1_197' title='bbox 3627 1349 3715 1387; x_wconf 88' lang='lat' dir='ltr'><strong>re-</strong></span> 
     </span>
    </p>
   </div>
   <div class='ocr_carea' id='block_1_27' title="bbox 2127 1407 3709 1492">
    <p class='ocr_par' dir='ltr' id='par_1_27' title="bbox 2127 1407 3709 1492">
     <span class='ocr_line' id='line_1_27' title="bbox 2127 1407 3709 1492; baseline 0.012 -32"><span class='ocrx_word' id='word_1_198' title='bbox 2127 1407 2535 1473; x_wconf 87' lang='lat' dir='ltr'><strong>ctitudinem,et</strong></span> <span class='ocrx_word' id='word_1_199' title='bbox 2565 1420 2683 1477; x_wconf 80' lang='lat' dir='ltr'><strong>past</strong></span> <span class='ocrx_word' id='word_1_200' title='bbox 2710 1411 2810 1465; x_wconf 88' lang='lat' dir='ltr'><strong>hoc</strong></span> <span class='ocrx_word' id='word_1_201' title='bbox 2838 1418 3140 1483; x_wconf 84' lang='lat' dir='ltr'><strong>assequitur</strong></span> <span class='ocrx_word' id='word_1_202' title='bbox 3168 1418 3219 1471; x_wconf 89' lang='lat' dir='ltr'><strong>in</strong></span> <span class='ocrx_word' id='word_1_203' title='bbox 3247 1417 3461 1487; x_wconf 89' lang='lat' dir='ltr'><strong>judiciis</strong></span> <span class='ocrx_word' id='word_1_204' title='bbox 3487 1424 3709 1492; x_wconf 63' lang='lat' dir='ltr'><strong>:rquita-</strong></span> 
     </span>
    </p>
   </div>
   <div class='ocr_carea' id='block_1_28' title="bbox 2133 1500 3711 1576">
    <p class='ocr_par' dir='ltr' id='par_1_28' title="bbox 2133 1500 3711 1576">
     <span class='ocr_line' id='line_1_28' title="bbox 2133 1500 3711 1576; baseline 0.014 -24"><span class='ocrx_word' id='word_1_205' title='bbox 2133 1509 2262 1553; x_wconf 88' lang='lat' dir='ltr'><strong>tem.</strong></span> <span class='ocrx_word' id='word_1_206' title='bbox 2297 1500 2494 1556; x_wconf 85' lang='lat' dir='ltr'><strong>Ilorum</strong></span> <span class='ocrx_word' id='word_1_207' title='bbox 2527 1504 2754 1569; x_wconf 91' lang='lat' dir='ltr'><strong>primum</strong></span> <span class='ocrx_word' id='word_1_208' title='bbox 2788 1507 2999 1561; x_wconf 90' lang='lat' dir='ltr'><strong>virtutis</strong></span> <span class='ocrx_word' id='word_1_209' title='bbox 3037 1518 3119 1562; x_wconf 90' lang='lat' dir='ltr'><strong>est</strong></span> <span class='ocrx_word' id='word_1_210' title='bbox 3141 1549 3157 1576; x_wconf 93' lang='lat'><strong>,</strong></span> <span class='ocrx_word' id='word_1_211' title='bbox 3198 1512 3427 1567; x_wconf 90' lang='lat' dir='ltr'><strong>alterum</strong></span> <span class='ocrx_word' id='word_1_212' title='bbox 3474 1514 3711 1574; x_wconf 84' lang='lat' dir='ltr'><strong>honoris.</strong></span> 
     </span>
    </p>
   </div>
   <div class='ocr_carea' id='block_1_29' title="bbox 2127 1590 3710 1674">
    <p class='ocr_par' dir='ltr' id='par_1_29' title="bbox 2127 1590 3710 1674">
     <span class='ocr_line' id='line_1_29' title="bbox 2127 1590 3710 1674; baseline 0.011 -29"><span class='ocrx_word' id='word_1_213' title='bbox 2127 1590 2313 1659; x_wconf 86' lang='lat' dir='ltr'><strong>Neque</strong></span> <span class='ocrx_word' id='word_1_214' title='bbox 2342 1593 2485 1646; x_wconf 89' lang='lat' dir='ltr'><strong>enim</strong></span> <span class='ocrx_word' id='word_1_215' title='bbox 2514 1594 2793 1664; x_wconf 87' lang='lat' dir='ltr'><strong>quisquam</strong></span> <span class='ocrx_word' id='word_1_216' title='bbox 2828 1607 3001 1665; x_wconf 90' lang='lat' dir='ltr'><strong>potest</strong></span> <span class='ocrx_word' id='word_1_217' title='bbox 3030 1602 3313 1667; x_wconf 84' lang='lat' dir='ltr'><strong>pervenire</strong></span> <span class='ocrx_word' id='word_1_218' title='bbox 3337 1604 3401 1659; x_wconf 85' lang='lat' dir='ltr'><strong>ad</strong></span> <span class='ocrx_word' id='word_1_219' title='bbox 3435 1605 3710 1674; x_wconf 89' lang='lat' dir='ltr'><strong>honorem,</strong></span> 
     </span>
    </p>
   </div>
   <div class='ocr_carea' id='block_1_30' title="bbox 2129 1680 3717 1764">
    <p class='ocr_par' dir='ltr' id='par_1_30' title="bbox 2129 1680 3717 1764">
     <span class='ocr_line' id='line_1_30' title="bbox 2129 1680 3717 1764; baseline 0.015 -31"><span class='ocrx_word' id='word_1_220' title='bbox 2129 1680 2229 1734; x_wconf 86' lang='lat' dir='ltr'><strong>nisi</strong></span> <span class='ocrx_word' id='word_1_221' title='bbox 2265 1696 2363 1749; x_wconf 89' lang='lat' dir='ltr'><strong>per</strong></span> <span class='ocrx_word' id='word_1_222' title='bbox 2396 1682 2675 1738; x_wconf 88' lang='lat' dir='ltr'><strong>virtutem.</strong></span> <span class='ocrx_word' id='word_1_223' title='bbox 2710 1684 2894 1740; x_wconf 84' lang='lat' dir='ltr'><strong>DiIIert</strong></span> <span class='ocrx_word' id='word_1_224' title='bbox 2924 1687 3066 1743; x_wconf 90' lang='lat' dir='ltr'><strong>enim</strong></span> <span class='ocrx_word' id='word_1_225' title='bbox 3090 1689 3294 1760; x_wconf 85' lang='lat' dir='ltr'><strong>justitia</strong></span> <span class='ocrx_word' id='word_1_226' title='bbox 3320 1709 3349 1747; x_wconf 89' lang='lat' dir='ltr'><strong>a</strong></span> <span class='ocrx_word' id='word_1_227' title='bbox 3371 1694 3589 1764; x_wconf 88' lang='lat' dir='ltr'><strong>judicio.</strong></span> <span class='ocrx_word' id='word_1_228' title='bbox 3621 1701 3717 1757; x_wconf 57' lang='lat' dir='ltr'><strong>So.</strong></span> 
     </span>
    </p>
   </div>
   <div class='ocr_carea' id='block_1_31' title="bbox 439 1759 2021 1855">
    <p class='ocr_par' dir='ltr' id='par_1_31' title="bbox 439 1759 2021 1829">
     <span class='ocr_line' id='line_1_31' title="bbox 439 1759 2021 1829; baseline -0.002 -13"><span class='ocrx_word' id='word_1_229' title='bbox 439 1764 621 1818; x_wconf 56' lang='grc' dir='ltr'>επιετί</span> <span class='ocrx_word' id='word_1_230' title='bbox 644 1801 660 1827; x_wconf 85' lang='grc'><strong><em>,</em></strong></span> <span class='ocrx_word' id='word_1_231' title='bbox 694 1761 810 1814; x_wconf 91' lang='lat' dir='ltr'><strong>solo</strong></span> <span class='ocrx_word' id='word_1_232' title='bbox 859 1760 1291 1829; x_wconf 81' lang='lat' dir='ltr'><strong>congregationis</strong></span> <span class='ocrx_word' id='word_1_233' title='bbox 1320 1760 1573 1813; x_wconf 75' lang='lat' dir='ltr'><strong>delecmri</strong></span> <span class='ocrx_word' id='word_1_234' title='bbox 1610 1759 1875 1813; x_wconf 84' lang='lat' dir='ltr'><strong>discidio:</strong></span> <span class='ocrx_word' id='word_1_235' title='bbox 1910 1760 2021 1814; x_wconf 75' lang='lat' dir='ltr'><strong>lue-</strong></span> 
     </span>
    </p>
   </div>
   <div class='ocr_carea' id='block_1_32' title="bbox 2128 1759 3714 1855">
    <p class='ocr_par' dir='ltr' id='par_1_32' title="bbox 2135 1759 3714 1855">
     <span class='ocr_line' id='line_1_32' title="bbox 2135 1759 3714 1855; baseline 0.013 -31"><span class='ocrx_word' id='word_1_236' title='bbox 2135 1770 2209 1825; x_wconf 87' lang='lat' dir='ltr'><strong>let</strong></span> <span class='ocrx_word' id='word_1_237' title='bbox 2235 1772 2377 1825; x_wconf 90' lang='lat' dir='ltr'><strong>enim</strong></span> <span class='ocrx_word' id='word_1_238' title='bbox 2410 1773 2513 1826; x_wconf 89' lang='lat' dir='ltr'><strong>dici</strong></span> <span class='ocrx_word' id='word_1_239' title='bbox 2536 1774 2798 1841; x_wconf 83' lang='lat' dir='ltr'><strong>judicium</strong></span> <span class='ocrx_word' id='word_1_240' title='bbox 2832 1791 3057 1846; x_wconf 88' lang='lat' dir='ltr'><strong>pravum</strong></span> <span class='ocrx_word' id='word_1_241' title='bbox 3085 1822 3097 1844; x_wconf 88' lang='lat'><strong>,</strong></span> <span class='ocrx_word' id='word_1_242' title='bbox 3132 1783 3272 1851; x_wconf 90' lang='lat' dir='ltr'><strong>quod</strong></span> <span class='ocrx_word' id='word_1_243' title='bbox 3308 1759 3561 1855; x_wconf 76' lang='lat' dir='ltr'><strong>injustam</strong></span> <span class='ocrx_word' id='word_1_244' title='bbox 3594 1799 3671 1843; x_wconf 89' lang='lat' dir='ltr'><strong>est</strong></span> <span class='ocrx_word' id='word_1_245' title='bbox 3698 1805 3714 1853; x_wconf 88' lang='lat'><strong>;</strong></span> 
     </span>
    </p>
   </div>
   <div class='ocr_carea' id='block_1_33' title="bbox 432 1851 2020 1921">
    <p class='ocr_par' dir='ltr' id='par_1_33' title="bbox 432 1851 2020 1921">
     <span class='ocr_line' id='line_1_33' title="bbox 432 1851 2020 1921; baseline -0.004 -11"><span class='ocrx_word' id='word_1_246' title='bbox 432 1856 593 1910; x_wconf 87' lang='lat' dir='ltr'><strong>resim</strong></span> <span class='ocrx_word' id='word_1_247' title='bbox 621 1863 799 1909; x_wconf 89' lang='lat' dir='ltr'><strong>autem</strong></span> <span class='ocrx_word' id='word_1_248' title='bbox 832 1868 954 1907; x_wconf 89' lang='lat' dir='ltr'><strong>esse</strong></span> <span class='ocrx_word' id='word_1_249' title='bbox 984 1854 1140 1921; x_wconf 81' lang='lat' dir='ltr'><strong>longe</strong></span> <span class='ocrx_word' id='word_1_250' title='bbox 1162 1852 1266 1905; x_wconf 86' lang='lat' dir='ltr'><strong>alia</strong></span> <span class='ocrx_word' id='word_1_251' title='bbox 1295 1851 1602 1919; x_wconf 79' lang='lat' dir='ltr'><strong>epinantein</strong></span> <span class='ocrx_word' id='word_1_252' title='bbox 1629 1866 1786 1919; x_wconf 89' lang='lat' dir='ltr'><strong>quam</strong></span> <span class='ocrx_word' id='word_1_253' title='bbox 1813 1852 2020 1916; x_wconf 68' lang='lat' dir='ltr'><strong>emori,</strong></span> 
     </span>
    </p>
   </div>
   <div class='ocr_carea' id='block_1_34' title="bbox 432 1943 2024 2014">
    <p class='ocr_par' dir='ltr' id='par_1_34' title="bbox 432 1943 2024 2014">
     <span class='ocr_line' id='line_1_34' title="bbox 432 1943 2024 2014; baseline -0.001 -16"><span class='ocrx_word' id='word_1_254' title='bbox 432 1946 702 2014; x_wconf 85' lang='lat' dir='ltr'><strong>aliamque</strong></span> <span class='ocrx_word' id='word_1_255' title='bbox 726 1946 829 1999; x_wconf 86' lang='lat' dir='ltr'><strong>sibi</strong></span> <span class='ocrx_word' id='word_1_256' title='bbox 858 1959 922 1999; x_wconf 90' lang='lat' dir='ltr'><strong>ac</strong></span> <span class='ocrx_word' id='word_1_257' title='bbox 959 1944 1117 2014; x_wconf 81' lang='lat' dir='ltr'><strong>longe</strong></span> <span class='ocrx_word' id='word_1_258' title='bbox 1138 1943 1455 1997; x_wconf 83' lang='lat' dir='ltr'><strong>dissimilem</strong></span> <span class='ocrx_word' id='word_1_259' title='bbox 1492 1944 1729 2011; x_wconf 88' lang='lat' dir='ltr'><strong>perversi</strong></span> <span class='ocrx_word' id='word_1_260' title='bbox 1760 1944 2024 2013; x_wconf 81' lang='lat' dir='ltr'><strong>dogmatis</strong></span> 
     </span>
    </p>
   </div>
   <div class='ocr_carea' id='block_1_35' title="bbox 436 2034 2023 2092">
    <p class='ocr_par' dir='ltr' id='par_1_35' title="bbox 436 2034 2023 2092">
     <span class='ocr_line' id='line_1_35' title="bbox 436 2034 2023 2092; baseline -0.001 -2"><span class='ocrx_word' id='word_1_261' title='bbox 436 2037 719 2092; x_wconf 83' lang='lat' dir='ltr'><strong>instituere</strong></span> <span class='ocrx_word' id='word_1_262' title='bbox 769 2036 1056 2090; x_wconf 86' lang='lat' dir='ltr'><strong>culturam.</strong></span> <span class='ocrx_word' id='word_1_263' title='bbox 1089 2034 1324 2090; x_wconf 79' lang='lat' dir='ltr'><strong>Haeresis</strong></span> <span class='ocrx_word' id='word_1_264' title='bbox 1362 2044 1539 2088; x_wconf 85' lang='lat' dir='ltr'><strong>autem</strong></span> <span class='ocrx_word' id='word_1_265' title='bbox 1576 2034 1764 2089; x_wconf 75' lang='lat' dir='ltr'><strong>Graece</strong></span> <span class='ocrx_word' id='word_1_266' title='bbox 1795 2036 1863 2088; x_wconf 89' lang='lat' dir='ltr'><strong>ab</strong></span> <span class='ocrx_word' id='word_1_267' title='bbox 1907 2035 2023 2088; x_wconf 84' lang='lat' dir='ltr'><strong>ele-</strong></span> 
     </span>
    </p>
   </div>
   <div class='ocr_carea' id='block_1_36' title="bbox 438 2124 2025 2194">
    <p class='ocr_par' dir='ltr' id='par_1_36' title="bbox 438 2124 2025 2194">
     <span class='ocr_line' id='line_1_36' title="bbox 438 2124 2025 2194; baseline 0 -16"><span class='ocrx_word' id='word_1_268' title='bbox 438 2124 1006 2193; x_wconf 87' lang='lat' dir='ltr'><strong>etionedicitur,quod</strong></span> <span class='ocrx_word' id='word_1_269' title='bbox 1034 2125 1240 2178; x_wconf 89' lang='lat' dir='ltr'><strong>scilicet</strong></span> <span class='ocrx_word' id='word_1_270' title='bbox 1265 2125 1633 2194; x_wconf 84' lang='lat' dir='ltr'><strong>unusquisque</strong></span> <span class='ocrx_word' id='word_1_271' title='bbox 1655 2124 1708 2178; x_wconf 89' lang='lat' dir='ltr'><strong>id</strong></span> <span class='ocrx_word' id='word_1_272' title='bbox 1738 2124 1840 2179; x_wconf 89' lang='lat' dir='ltr'><strong>sibi</strong></span> <span class='ocrx_word' id='word_1_273' title='bbox 1864 2125 2025 2192; x_wconf 84' lang='lat' dir='ltr'><strong>eligat</strong></span> 
     </span>
    </p>
   </div>
   <div class='ocr_carea' id='block_1_37' title="bbox 434 2216 2023 2287">
    <p class='ocr_par' dir='ltr' id='par_1_37' title="bbox 434 2216 2023 2287">
     <span class='ocr_line' id='line_1_37' title="bbox 434 2216 2023 2287; baseline -0.001 -16"><span class='ocrx_word' id='word_1_274' title='bbox 434 2218 579 2287; x_wconf 84' lang='lat' dir='ltr'><strong>quod</strong></span> <span class='ocrx_word' id='word_1_275' title='bbox 611 2217 802 2273; x_wconf 88' lang='lat' dir='ltr'><strong>melius</strong></span> <span class='ocrx_word' id='word_1_276' title='bbox 830 2232 954 2272; x_wconf 89' lang='lat' dir='ltr'><strong>esse</strong></span> <span class='ocrx_word' id='word_1_277' title='bbox 1005 2217 1233 2271; x_wconf 87' lang='lat' dir='ltr'><strong>videtur.</strong></span> <span class='ocrx_word' id='word_1_278' title='bbox 1265 2216 1422 2271; x_wconf 83' lang='lat' dir='ltr'><strong>Secta</strong></span> <span class='ocrx_word' id='word_1_279' title='bbox 1459 2225 1636 2270; x_wconf 88' lang='lat' dir='ltr'><strong>autem</strong></span> <span class='ocrx_word' id='word_1_280' title='bbox 1680 2232 1709 2268; x_wconf 87' lang='lat' dir='ltr'><strong>a</strong></span> <span class='ocrx_word' id='word_1_281' title='bbox 1756 2216 2023 2269; x_wconf 79' lang='lat' dir='ltr'><strong>divisione</strong></span> 
     </span>
    </p>
   </div>
   <div class='ocr_carea' id='block_1_38' title="bbox 434 2306 2019 2377">
    <p class='ocr_par' dir='ltr' id='par_1_38' title="bbox 434 2306 2019 2377">
     <span class='ocr_line' id='line_1_38' title="bbox 434 2306 2019 2377; baseline 0 -17"><span class='ocrx_word' id='word_1_282' title='bbox 434 2308 575 2361; x_wconf 88' lang='lat' dir='ltr'><strong>dicta</strong></span> <span class='ocrx_word' id='word_1_283' title='bbox 605 2316 710 2371; x_wconf 90' lang='lat' dir='ltr'><strong>est,</strong></span> <span class='ocrx_word' id='word_1_284' title='bbox 742 2308 893 2377; x_wconf 87' lang='lat' dir='ltr'><strong>quasi</strong></span> <span class='ocrx_word' id='word_1_285' title='bbox 918 2307 1108 2362; x_wconf 87' lang='lat' dir='ltr'><strong>seetin.</strong></span> <span class='ocrx_word' id='word_1_286' title='bbox 1136 2307 1288 2362; x_wconf 89' lang='lat' dir='ltr'><strong>Unde</strong></span> <span class='ocrx_word' id='word_1_287' title='bbox 1310 2316 1367 2362; x_wconf 87' lang='lat' dir='ltr'><strong>et</strong></span> <span class='ocrx_word' id='word_1_288' title='bbox 1387 2318 1545 2361; x_wconf 71' lang='lat' dir='ltr'><strong>sectae</strong></span> <span class='ocrx_word' id='word_1_289' title='bbox 1576 2306 2019 2375; x_wconf 80' lang='lat' dir='ltr'><strong>phil050phorum</strong></span> 
     </span>
    </p>
   </div>
   <div class='ocr_carea' id='block_1_39' title="bbox 440 2398 1230 2453">
    <p class='ocr_par' dir='ltr' id='par_1_39' title="bbox 440 2398 1230 2453">
     <span class='ocr_line' id='line_1_39' title="bbox 440 2398 1230 2453; baseline 0.003 -5"><span class='ocrx_word' id='word_1_290' title='bbox 440 2399 519 2453; x_wconf 87' lang='lat' dir='ltr'><strong>vel</strong></span> <span class='ocrx_word' id='word_1_291' title='bbox 556 2398 929 2452; x_wconf 69' lang='lat' dir='ltr'><strong>haereticorum</strong></span> <span class='ocrx_word' id='word_1_292' title='bbox 964 2399 1230 2451; x_wconf 89' lang='lat' dir='ltr'><strong>dicuntur.</strong></span> 
     </span>
    </p>
   </div>
   <div class='ocr_carea' id='block_1_40' title="bbox 499 2488 2020 2553">
    <p class='ocr_par' dir='ltr' id='par_1_40' title="bbox 499 2488 2020 2553">
     <span class='ocr_line' id='line_1_40' title="bbox 499 2488 2020 2553; baseline -0.002 -9"><span class='ocrx_word' id='word_1_293' title='bbox 499 2492 627 2547; x_wconf 69' lang='lat'><strong>233.</strong></span> <span class='ocrx_word' id='word_1_294' title='bbox 688 2490 830 2544; x_wconf 87' lang='lat' dir='ltr'><strong>Inter</strong></span> <span class='ocrx_word' id='word_1_295' title='bbox 885 2489 1072 2543; x_wconf 85' lang='lat' dir='ltr'><strong>Honos</strong></span> <span class='ocrx_word' id='word_1_296' title='bbox 1122 2500 1178 2544; x_wconf 90' lang='lat' dir='ltr'><strong>et</strong></span> <span class='ocrx_word' id='word_1_297' title='bbox 1221 2505 1373 2543; x_wconf 82' lang='lat' dir='ltr'><strong>onus.</strong></span> <span class='ocrx_word' id='word_1_298' title='bbox 1419 2488 1599 2544; x_wconf 90' lang='lat' dir='ltr'><strong>Ilonos</strong></span> <span class='ocrx_word' id='word_1_299' title='bbox 1652 2489 1721 2544; x_wconf 91' lang='lat' dir='ltr'><strong>de</strong></span> <span class='ocrx_word' id='word_1_300' title='bbox 1786 2489 2020 2553; x_wconf 85' lang='lat' dir='ltr'><strong>honore,</strong></span> 
     </span>
    </p>
   </div>
   <div class='ocr_carea' id='block_1_41' title="bbox 432 2582 874 2637">
    <p class='ocr_par' dir='ltr' id='par_1_41' title="bbox 432 2582 874 2637">
     <span class='ocr_line' id='line_1_41' title="bbox 432 2582 874 2637; baseline -0.007 0"><span class='ocrx_word' id='word_1_301' title='bbox 432 2597 569 2637; x_wconf 85' lang='lat' dir='ltr'><strong>Onus</strong></span> <span class='ocrx_word' id='word_1_302' title='bbox 598 2582 661 2635; x_wconf 78' lang='lat' dir='ltr'><strong>de</strong></span> <span class='ocrx_word' id='word_1_303' title='bbox 688 2596 874 2634; x_wconf 84' lang='lat' dir='ltr'><strong>onere.</strong></span> 
     </span>
    </p>
   </div>
   <div class='ocr_carea' id='block_1_42' title="bbox 510 2668 2021 2735">
    <p class='ocr_par' dir='ltr' id='par_1_42' title="bbox 510 2668 2021 2735">
     <span class='ocr_line' id='line_1_42' title="bbox 510 2668 2021 2735; baseline 0.001 -11"><span class='ocrx_word' id='word_1_304' title='bbox 510 2672 636 2724; x_wconf 62' lang='grc' dir='ltr'><strong>ΞΜ.</strong></span> <span class='ocrx_word' id='word_1_305' title='bbox 671 2672 808 2724; x_wconf 89' lang='lat' dir='ltr'><strong>Inter</strong></span> <span class='ocrx_word' id='word_1_306' title='bbox 839 2669 986 2723; x_wconf 84' lang='lat' dir='ltr'><strong>IIora</strong></span> <span class='ocrx_word' id='word_1_307' title='bbox 1007 2679 1063 2723; x_wconf 89' lang='lat' dir='ltr'><strong>et</strong></span> <span class='ocrx_word' id='word_1_308' title='bbox 1105 2686 1216 2723; x_wconf 90' lang='lat' dir='ltr'><strong>ora.</strong></span> <span class='ocrx_word' id='word_1_309' title='bbox 1268 2668 1410 2725; x_wconf 84' lang='lat' dir='ltr'><strong>Hora</strong></span> <span class='ocrx_word' id='word_1_310' title='bbox 1440 2683 1562 2725; x_wconf 88' lang='lat' dir='ltr'><strong>cum</strong></span> <span class='ocrx_word' id='word_1_311' title='bbox 1584 2669 1618 2722; x_wconf 79' lang='lat' dir='ltr'><strong>It</strong></span> <span class='ocrx_word' id='word_1_312' title='bbox 1640 2669 1821 2725; x_wconf 77' lang='lat' dir='ltr'><strong>littera</strong></span> <span class='ocrx_word' id='word_1_313' title='bbox 1845 2710 1861 2735; x_wconf 92' lang='lat'><strong>,</strong></span> <span class='ocrx_word' id='word_1_314' title='bbox 1909 2668 2021 2725; x_wconf 89' lang='lat' dir='ltr'><strong>die-</strong></span> 
     </span>
    </p>
   </div>
   <div class='ocr_carea' id='block_1_43' title="bbox 438 2760 2023 2832">
    <p class='ocr_par' dir='ltr' id='par_1_43' title="bbox 438 2760 2023 2832">
     <span class='ocr_line' id='line_1_43' title="bbox 438 2760 2023 2832; baseline 0.001 -17"><span class='ocrx_word' id='word_1_315' title='bbox 438 2779 589 2825; x_wconf 84' lang='lat' dir='ltr'><strong>rum,</strong></span> <span class='ocrx_word' id='word_1_316' title='bbox 619 2763 734 2815; x_wconf 89' lang='lat' dir='ltr'><strong>sine</strong></span> <span class='ocrx_word' id='word_1_317' title='bbox 781 2761 814 2814; x_wconf 89' lang='lat' dir='ltr'><strong>h</strong></span> <span class='ocrx_word' id='word_1_318' title='bbox 840 2760 1136 2830; x_wconf 87' lang='lat' dir='ltr'><strong>regionum,</strong></span> <span class='ocrx_word' id='word_1_319' title='bbox 1170 2762 1257 2816; x_wconf 78' lang='lat' dir='ltr'><strong>vel</strong></span> <span class='ocrx_word' id='word_1_320' title='bbox 1290 2762 1497 2829; x_wconf 81' lang='lat' dir='ltr'><strong>ﬁnium,</strong></span> <span class='ocrx_word' id='word_1_321' title='bbox 1529 2762 1641 2818; x_wconf 88' lang='lat' dir='ltr'><strong>sive</strong></span> <span class='ocrx_word' id='word_1_322' title='bbox 1668 2762 1777 2816; x_wconf 85' lang='lat' dir='ltr'><strong>oris</strong></span> <span class='ocrx_word' id='word_1_323' title='bbox 1821 2761 2023 2832; x_wconf 56' lang='lat' dir='ltr'><strong>signiIi-</strong></span> 
     </span>
    </p>
   </div>
   <div class='ocr_carea' id='block_1_44' title="bbox 434 2854 1337 2923">
    <p class='ocr_par' dir='ltr' id='par_1_44' title="bbox 434 2854 1337 2923">
     <span class='ocr_line' id='line_1_44' title="bbox 434 2854 1337 2923; baseline 0 -15"><span class='ocrx_word' id='word_1_324' title='bbox 434 2856 597 2921; x_wconf 76' lang='lat' dir='ltr'><strong>catio,</strong></span> <span class='ocrx_word' id='word_1_325' title='bbox 633 2870 736 2923; x_wconf 88' lang='lat' dir='ltr'><strong>quo</strong></span> <span class='ocrx_word' id='word_1_326' title='bbox 780 2855 978 2907; x_wconf 73' lang='lat' dir='ltr'><strong>locutio</strong></span> <span class='ocrx_word' id='word_1_327' title='bbox 999 2854 1337 2923; x_wconf 75' lang='lat' dir='ltr'><strong>exprimitur.</strong></span> 
     </span>
    </p>
   </div>
   <div class='ocr_carea' id='block_1_45' title="bbox 506 2941 2018 3013">
    <p class='ocr_par' dir='ltr' id='par_1_45' title="bbox 506 2941 2018 3013">
     <span class='ocr_line' id='line_1_45' title="bbox 506 2941 2018 3013; baseline 0 -16"><span class='ocrx_word' id='word_1_328' title='bbox 506 2943 634 2997; x_wconf 74' lang='lat'><strong>285.</strong></span> <span class='ocrx_word' id='word_1_329' title='bbox 675 2942 819 2997; x_wconf 85' lang='lat' dir='ltr'><strong>Inter</strong></span> <span class='ocrx_word' id='word_1_330' title='bbox 845 2941 893 2995; x_wconf 87' lang='lat' dir='ltr'><strong>II</strong></span> <span class='ocrx_word' id='word_1_331' title='bbox 900 2953 1109 2997; x_wconf 82' lang='lat' dir='ltr'><strong>onustus</strong></span> <span class='ocrx_word' id='word_1_332' title='bbox 1134 2954 1185 2997; x_wconf 91' lang='lat' dir='ltr'><strong>et</strong></span> <span class='ocrx_word' id='word_1_333' title='bbox 1209 2954 1448 2998; x_wconf 83' lang='lat' dir='ltr'><strong>oneratus</strong></span> <span class='ocrx_word' id='word_1_334' title='bbox 1476 2945 1578 3000; x_wconf 91' lang='lat' dir='ltr'><strong>hoc</strong></span> <span class='ocrx_word' id='word_1_335' title='bbox 1606 2945 1850 3010; x_wconf 79' lang='lat' dir='ltr'><strong>interest,</strong></span> <span class='ocrx_word' id='word_1_336' title='bbox 1878 2945 2018 3013; x_wconf 87' lang='lat' dir='ltr'><strong>quod</strong></span> 
     </span>
    </p>
   </div>
   <div class='ocr_carea' id='block_1_46' title="bbox 436 3034 2022 3104">
    <p class='ocr_par' dir='ltr' id='par_1_46' title="bbox 436 3034 2022 3104">
     <span class='ocr_line' id='line_1_46' title="bbox 436 3034 2022 3104; baseline 0.001 -17"><span class='ocrx_word' id='word_1_337' title='bbox 436 3042 691 3088; x_wconf 85' lang='lat' dir='ltr'><strong>oneratus</strong></span> <span class='ocrx_word' id='word_1_338' title='bbox 722 3044 804 3087; x_wconf 80' lang='lat' dir='ltr'><strong>est</strong></span> <span class='ocrx_word' id='word_1_339' title='bbox 844 3034 1199 3103; x_wconf 68' lang='lat' dir='ltr'><strong>(paelicunque</strong></span> <span class='ocrx_word' id='word_1_340' title='bbox 1260 3050 1474 3104; x_wconf 82' lang='lat' dir='ltr'><strong>pressus</strong></span> <span class='ocrx_word' id='word_1_341' title='bbox 1523 3036 1790 3104; x_wconf 90' lang='lat' dir='ltr'><strong>pondere,</strong></span> <span class='ocrx_word' id='word_1_342' title='bbox 1847 3036 2022 3090; x_wconf 84' lang='lat' dir='ltr'><strong>bouu-</strong></span> 
     </span>
    </p>
   </div>
   <div class='ocr_carea' id='block_1_47' title="bbox 2126 1861 3717 1944">
    <p class='ocr_par' dir='ltr' id='par_1_47' title="bbox 2126 1861 3717 1944">
     <span class='ocr_line' id='line_1_47' title="bbox 2126 1861 3717 1944; baseline 0.016 -31"><span class='ocrx_word' id='word_1_343' title='bbox 2126 1861 2335 1932; x_wconf 88' lang='lat' dir='ltr'><strong>justitia</strong></span> <span class='ocrx_word' id='word_1_344' title='bbox 2362 1878 2494 1919; x_wconf 90' lang='lat' dir='ltr'><strong>vero</strong></span> <span class='ocrx_word' id='word_1_345' title='bbox 2518 1880 2788 1936; x_wconf 84' lang='lat' dir='ltr'><strong>nunquam</strong></span> <span class='ocrx_word' id='word_1_346' title='bbox 2814 1864 2947 1941; x_wconf 81' lang='lat' dir='ltr'><strong>[Al.,</strong></span> <span class='ocrx_word' id='word_1_347' title='bbox 2974 1869 3246 1942; x_wconf 87' lang='lat' dir='ltr'><strong>iniqua]et</strong></span> <span class='ocrx_word' id='word_1_348' title='bbox 3265 1874 3457 1944; x_wconf 84' lang='lat' dir='ltr'><strong>injusta</strong></span> <span class='ocrx_word' id='word_1_349' title='bbox 3475 1894 3592 1936; x_wconf 89' lang='lat' dir='ltr'><strong>esse</strong></span> <span class='ocrx_word' id='word_1_350' title='bbox 3615 1898 3717 1937; x_wconf 92' lang='lat' dir='ltr'><strong>non</strong></span> 
     </span>
    </p>
   </div>
   <div class='ocr_carea' id='block_1_48' title="bbox 2129 1963 2323 2024">
    <p class='ocr_par' dir='ltr' id='par_1_48' title="bbox 2129 1963 2323 2024">
     <span class='ocr_line' id='line_1_48' title="bbox 2129 1963 2323 2024; baseline -0.01 -14"><span class='ocrx_word' id='word_1_351' title='bbox 2129 1963 2323 2024; x_wconf 86' lang='lat' dir='ltr'><strong>petest.</strong></span> 
     </span>
    </p>
   </div>
   <div class='ocr_carea' id='block_1_49' title="bbox 2196 2047 3718 2130">
    <p class='ocr_par' dir='ltr' id='par_1_49' title="bbox 2196 2047 3718 2130">
     <span class='ocr_line' id='line_1_49' title="bbox 2196 2047 3718 2130; baseline 0.011 -30"><span class='ocrx_word' id='word_1_352' title='bbox 2196 2047 2325 2103; x_wconf 73' lang='lat' dir='ltr'><strong>29L</strong></span> <span class='ocrx_word' id='word_1_353' title='bbox 2368 2048 2513 2103; x_wconf 86' lang='lat' dir='ltr'><strong>Inter</strong></span> <span class='ocrx_word' id='word_1_354' title='bbox 2558 2049 2974 2115; x_wconf 84' lang='lat' dir='ltr'><strong>Incantatorem,</strong></span> <span class='ocrx_word' id='word_1_355' title='bbox 3025 2072 3264 2127; x_wconf 83' lang='lat' dir='ltr'><strong>magum,</strong></span> <span class='ocrx_word' id='word_1_356' title='bbox 3325 2063 3617 2130; x_wconf 83' lang='lat' dir='ltr'><strong>aruspicem</strong></span> <span class='ocrx_word' id='word_1_357' title='bbox 3664 2074 3718 2119; x_wconf 89' lang='lat' dir='ltr'><strong>et</strong></span> 
     </span>
    </p>
   </div>
   <div class='ocr_carea' id='block_1_50' title="bbox 2127 2140 3713 2226">
    <p class='ocr_par' dir='ltr' id='par_1_50' title="bbox 2127 2140 3713 2226">
     <span class='ocr_line' id='line_1_50' title="bbox 2127 2140 3713 2226; baseline 0.013 -36"><span class='ocrx_word' id='word_1_358' title='bbox 2127 2140 2439 2207; x_wconf 86' lang='lat' dir='ltr'><strong>maleﬁcum.</strong></span> <span class='ocrx_word' id='word_1_359' title='bbox 2492 2141 2861 2199; x_wconf 90' lang='lat' dir='ltr'><strong>Incantatores</strong></span> <span class='ocrx_word' id='word_1_360' title='bbox 2915 2156 3039 2200; x_wconf 81' lang='lat' dir='ltr'><strong>sunt</strong></span> <span class='ocrx_word' id='word_1_361' title='bbox 3068 2151 3157 2216; x_wconf 91' lang='lat' dir='ltr'><strong>qui</strong></span> <span class='ocrx_word' id='word_1_362' title='bbox 3200 2165 3311 2204; x_wconf 87' lang='lat' dir='ltr'><strong>rem</strong></span> <span class='ocrx_word' id='word_1_363' title='bbox 3364 2152 3540 2208; x_wconf 88' lang='lat' dir='ltr'><strong>verbis</strong></span> <span class='ocrx_word' id='word_1_364' title='bbox 3584 2156 3713 2226; x_wconf 77' lang='lat' dir='ltr'><strong>[Al.,</strong></span> 
     </span>
    </p>
   </div>
   <div class='ocr_carea' id='block_1_51' title="bbox 2132 2227 3716 2312">
    <p class='ocr_par' dir='ltr' id='par_1_51' title="bbox 2132 2227 3716 2312">
     <span class='ocr_line' id='line_1_51' title="bbox 2132 2227 3716 2312; baseline 0.011 -31"><span class='ocrx_word' id='word_1_365' title='bbox 2132 2227 2323 2300; x_wconf 81' lang='lat' dir='ltr'><strong>verbo]</strong></span> <span class='ocrx_word' id='word_1_366' title='bbox 2351 2242 2629 2301; x_wconf 84' lang='lat' dir='ltr'><strong>peragunt.</strong></span> <span class='ocrx_word' id='word_1_367' title='bbox 2658 2231 2818 2303; x_wconf 86' lang='lat' dir='ltr'><strong>Magi,</strong></span> <span class='ocrx_word' id='word_1_368' title='bbox 2844 2235 2931 2303; x_wconf 90' lang='lat' dir='ltr'><strong>qui</strong></span> <span class='ocrx_word' id='word_1_369' title='bbox 2955 2235 3023 2291; x_wconf 91' lang='lat' dir='ltr'><strong>de</strong></span> <span class='ocrx_word' id='word_1_370' title='bbox 3045 2237 3311 2294; x_wconf 84' lang='lat' dir='ltr'><strong>sideribus</strong></span> <span class='ocrx_word' id='word_1_371' title='bbox 3340 2241 3716 2312; x_wconf 87' lang='lat' dir='ltr'><strong>philos0pban-</strong></span> 
     </span>
    </p>
   </div>
   <div class='ocr_carea' id='block_1_52' title="bbox 2131 2323 3716 2398">
    <p class='ocr_par' dir='ltr' id='par_1_52' title="bbox 2131 2323 3716 2398">
     <span class='ocr_line' id='line_1_52' title="bbox 2131 2323 3716 2398; baseline 0.01 -24"><span class='ocrx_word' id='word_1_372' title='bbox 2131 2330 2238 2377; x_wconf 92' lang='lat' dir='ltr'><strong>tur.</strong></span> <span class='ocrx_word' id='word_1_373' title='bbox 2272 2323 2498 2378; x_wconf 82' lang='lat' dir='ltr'><strong>Maleﬁci</strong></span> <span class='ocrx_word' id='word_1_374' title='bbox 2523 2366 2538 2390; x_wconf 94' lang='lat'><strong>,</strong></span> <span class='ocrx_word' id='word_1_375' title='bbox 2587 2326 2676 2396; x_wconf 92' lang='lat' dir='ltr'><strong>qui</strong></span> <span class='ocrx_word' id='word_1_376' title='bbox 2720 2329 2977 2396; x_wconf 83' lang='lat' dir='ltr'><strong>sanguine</strong></span> <span class='ocrx_word' id='word_1_377' title='bbox 3006 2338 3227 2384; x_wconf 89' lang='lat' dir='ltr'><strong>utuntur</strong></span> <span class='ocrx_word' id='word_1_378' title='bbox 3253 2341 3307 2386; x_wconf 91' lang='lat' dir='ltr'><strong>et</strong></span> <span class='ocrx_word' id='word_1_379' title='bbox 3346 2334 3578 2389; x_wconf 83' lang='lat' dir='ltr'><strong>victimis</strong></span> <span class='ocrx_word' id='word_1_380' title='bbox 3605 2378 3619 2398; x_wconf 84' lang='lat'><strong>,</strong></span> <span class='ocrx_word' id='word_1_381' title='bbox 3662 2346 3716 2391; x_wconf 91' lang='lat' dir='ltr'><strong>et</strong></span> 
     </span>
    </p>
   </div>
   <div class='ocr_carea' id='block_1_53' title="bbox 2132 2416 3713 2497">
    <p class='ocr_par' dir='ltr' id='par_1_53' title="bbox 2132 2416 3713 2497">
     <span class='ocr_line' id='line_1_53' title="bbox 2132 2416 3713 2497; baseline 0.011 -31"><span class='ocrx_word' id='word_1_382' title='bbox 2132 2428 2281 2482; x_wconf 59' lang='lat' dir='ltr'><strong>serpe</strong></span> <span class='ocrx_word' id='word_1_383' title='bbox 2312 2416 2626 2483; x_wconf 84' lang='lat' dir='ltr'><strong>centingunt</strong></span> <span class='ocrx_word' id='word_1_384' title='bbox 2655 2431 2881 2487; x_wconf 87' lang='lat' dir='ltr'><strong>corpora</strong></span> <span class='ocrx_word' id='word_1_385' title='bbox 2914 2432 3267 2477; x_wconf 87' lang='lat' dir='ltr'><strong>mortuorum.</strong></span> <span class='ocrx_word' id='word_1_386' title='bbox 3293 2427 3600 2494; x_wconf 78' lang='lat' dir='ltr'><strong>AruspiCes,</strong></span> <span class='ocrx_word' id='word_1_387' title='bbox 3626 2433 3713 2497; x_wconf 89' lang='lat' dir='ltr'><strong>qui</strong></span> 
     </span>
    </p>
   </div>
   <div class='ocr_carea' id='block_1_54' title="bbox 2128 2501 3715 2579">
    <p class='ocr_par' dir='ltr' id='par_1_54' title="bbox 2128 2501 3715 2579">
     <span class='ocr_line' id='line_1_54' title="bbox 2128 2501 3715 2579; baseline 0.008 -22"><span class='ocrx_word' id='word_1_388' title='bbox 2128 2512 2250 2557; x_wconf 82' lang='lat' dir='ltr'><strong>exta</strong></span> <span class='ocrx_word' id='word_1_389' title='bbox 2283 2501 2415 2574; x_wconf 65' lang='lat' dir='ltr'><strong>[A1,</strong></span> <span class='ocrx_word' id='word_1_390' title='bbox 2445 2504 2614 2573; x_wconf 79' lang='lat' dir='ltr'><strong>secta]</strong></span> <span class='ocrx_word' id='word_1_391' title='bbox 2646 2507 2906 2576; x_wconf 86' lang='lat' dir='ltr'><strong>pecudum</strong></span> <span class='ocrx_word' id='word_1_392' title='bbox 2941 2510 3249 2579; x_wconf 89' lang='lat' dir='ltr'><strong>inspiciunt,</strong></span> <span class='ocrx_word' id='word_1_393' title='bbox 3273 2522 3328 2567; x_wconf 90' lang='lat' dir='ltr'><strong>et</strong></span> <span class='ocrx_word' id='word_1_394' title='bbox 3350 2528 3413 2569; x_wconf 81' lang='lat' dir='ltr'><strong>ex</strong></span> <span class='ocrx_word' id='word_1_395' title='bbox 3439 2516 3518 2569; x_wconf 90' lang='lat' dir='ltr'><strong>eis</strong></span> <span class='ocrx_word' id='word_1_396' title='bbox 3541 2514 3715 2571; x_wconf 79' lang='lat' dir='ltr'><strong>futura</strong></span> 
     </span>
    </p>
   </div>
   <div class='ocr_carea' id='block_1_55' title="bbox 2128 2593 2451 2663">
    <p class='ocr_par' dir='ltr' id='par_1_55' title="bbox 2128 2593 2451 2663">
     <span class='ocr_line' id='line_1_55' title="bbox 2128 2593 2451 2663; baseline 0 -17"><span class='ocrx_word' id='word_1_397' title='bbox 2128 2593 2451 2663; x_wconf 60' lang='lat' dir='ltr'><strong>praedicunt.</strong></span> 
     </span>
    </p>
   </div>
   <div class='ocr_carea' id='block_1_56' title="bbox 2196 2684 3709 2759">
    <p class='ocr_par' dir='ltr' id='par_1_56' title="bbox 2196 2684 3709 2759">
     <span class='ocr_line' id='line_1_56' title="bbox 2196 2684 3709 2759; baseline 0.009 -23"><span class='ocrx_word' id='word_1_398' title='bbox 2196 2684 2323 2740; x_wconf 69' lang='lat'><strong>292.</strong></span> <span class='ocrx_word' id='word_1_399' title='bbox 2366 2685 2509 2741; x_wconf 88' lang='lat' dir='ltr'><strong>Inter</strong></span> <span class='ocrx_word' id='word_1_400' title='bbox 2537 2684 2815 2741; x_wconf 85' lang='lat' dir='ltr'><strong>Indoctum</strong></span> <span class='ocrx_word' id='word_1_401' title='bbox 2856 2697 2909 2744; x_wconf 91' lang='lat' dir='ltr'><strong>et</strong></span> <span class='ocrx_word' id='word_1_402' title='bbox 2958 2690 3253 2747; x_wconf 81' lang='lat' dir='ltr'><strong>indocilem.</strong></span> <span class='ocrx_word' id='word_1_403' title='bbox 3306 2692 3551 2749; x_wconf 84' lang='lat' dir='ltr'><strong>Indocilis</strong></span> <span class='ocrx_word' id='word_1_404' title='bbox 3591 2704 3709 2759; x_wconf 78' lang='lat' dir='ltr'><strong>est,</strong></span> 
     </span>
    </p>
   </div>
   <div class='ocr_carea' id='block_1_57' title="bbox 2127 2777 3707 2854">
    <p class='ocr_par' dir='ltr' id='par_1_57' title="bbox 2127 2777 3707 2854">
     <span class='ocr_line' id='line_1_57' title="bbox 2127 2777 3707 2854; baseline 0.006 -25"><span class='ocrx_word' id='word_1_405' title='bbox 2127 2777 2217 2846; x_wconf 89' lang='lat' dir='ltr'><strong>qui</strong></span> <span class='ocrx_word' id='word_1_406' title='bbox 2247 2777 2458 2847; x_wconf 87' lang='lat' dir='ltr'><strong>penitus</strong></span> <span class='ocrx_word' id='word_1_407' title='bbox 2488 2793 2593 2831; x_wconf 92' lang='lat' dir='ltr'><strong>non</strong></span> <span class='ocrx_word' id='word_1_408' title='bbox 2624 2778 2733 2848; x_wconf 81' lang='lat'><strong>39</strong></span> <span class='ocrx_word' id='word_1_409' title='bbox 2762 2788 2934 2847; x_wconf 88' lang='lat' dir='ltr'><strong>potest</strong></span> <span class='ocrx_word' id='word_1_410' title='bbox 2969 2781 3178 2836; x_wconf 85' lang='lat' dir='ltr'><strong>discere</strong></span> <span class='ocrx_word' id='word_1_411' title='bbox 3209 2780 3342 2854; x_wconf 82' lang='lat' dir='ltr'><strong>[Al.,</strong></span> <span class='ocrx_word' id='word_1_412' title='bbox 3373 2784 3589 2840; x_wconf 80' lang='lat' dir='ltr'><strong>docere.</strong></span> <span class='ocrx_word' id='word_1_413' title='bbox 3620 2782 3707 2852; x_wconf 56' lang='grc' dir='ltr'><strong>ιη,</strong></span> 
     </span>
    </p>
   </div>
   <div class='ocr_carea' id='block_1_58' title="bbox 2127 2865 3715 2938">
    <p class='ocr_par' dir='ltr' id='par_1_58' title="bbox 2127 2865 3715 2938">
     <span class='ocr_line' id='line_1_58' title="bbox 2127 2865 3715 2938; baseline 0.006 -18"><span class='ocrx_word' id='word_1_414' title='bbox 2127 2865 2352 2938; x_wconf 83' lang='lat' dir='ltr'><strong>doceri].</strong></span> <span class='ocrx_word' id='word_1_415' title='bbox 2379 2865 2630 2921; x_wconf 87' lang='lat' dir='ltr'><strong>Indoctus</strong></span> <span class='ocrx_word' id='word_1_416' title='bbox 2656 2907 2671 2933; x_wconf 96' lang='lat'><strong>,</strong></span> <span class='ocrx_word' id='word_1_417' title='bbox 2702 2870 2789 2936; x_wconf 86' lang='lat' dir='ltr'><strong>qui</strong></span> <span class='ocrx_word' id='word_1_418' title='bbox 2822 2870 3056 2924; x_wconf 89' lang='lat' dir='ltr'><strong>nondum</strong></span> <span class='ocrx_word' id='word_1_419' title='bbox 3104 2872 3295 2937; x_wconf 89' lang='lat' dir='ltr'><strong>discit,</strong></span> <span class='ocrx_word' id='word_1_420' title='bbox 3328 2883 3383 2927; x_wconf 90' lang='lat' dir='ltr'><strong>et</strong></span> <span class='ocrx_word' id='word_1_421' title='bbox 3429 2883 3605 2929; x_wconf 89' lang='lat' dir='ltr'><strong>tamen</strong></span> <span class='ocrx_word' id='word_1_422' title='bbox 3636 2876 3715 2929; x_wconf 89' lang='lat' dir='ltr'><strong>di-</strong></span> 
     </span>
    </p>
   </div>
   <div class='ocr_carea' id='block_1_59' title="bbox 2134 2958 3712 3035">
    <p class='ocr_par' dir='ltr' id='par_1_59' title="bbox 2134 2958 3712 3035">
     <span class='ocr_line' id='line_1_59' title="bbox 2134 2958 3712 3035; baseline 0.002 -22"><span class='ocrx_word' id='word_1_423' title='bbox 2134 2973 2287 3013; x_wconf 90' lang='lat' dir='ltr'><strong>scere</strong></span> <span class='ocrx_word' id='word_1_424' title='bbox 2317 2968 2512 3027; x_wconf 87' lang='lat' dir='ltr'><strong>potest.</strong></span> <span class='ocrx_word' id='word_1_425' title='bbox 2560 2958 2637 3012; x_wconf 83' lang='lat' dir='ltr'><strong>Ad</strong></span> <span class='ocrx_word' id='word_1_426' title='bbox 2686 2959 2825 3014; x_wconf 84' lang='lat' dir='ltr'><strong>banc</strong></span> <span class='ocrx_word' id='word_1_427' title='bbox 2864 2960 3088 3014; x_wconf 76' lang='lat' dir='ltr'><strong>formam</strong></span> <span class='ocrx_word' id='word_1_428' title='bbox 3135 2960 3270 3034; x_wconf 84' lang='lat' dir='ltr'><strong>[Al.,</strong></span> <span class='ocrx_word' id='word_1_429' title='bbox 3295 2962 3362 3016; x_wconf 88' lang='lat' dir='ltr'><strong>ab</strong></span> <span class='ocrx_word' id='word_1_430' title='bbox 3395 2962 3491 3017; x_wconf 91' lang='lat' dir='ltr'><strong>bac</strong></span> <span class='ocrx_word' id='word_1_431' title='bbox 3523 2962 3712 3035; x_wconf 74' lang='lat' dir='ltr'><strong>forma]</strong></span> 
     </span>
    </p>
   </div>
   <div class='ocr_carea' id='block_1_60' title="bbox 2128 3048 3713 3119">
    <p class='ocr_par' dir='ltr' id='par_1_60' title="bbox 2128 3048 3713 3119">
     <span class='ocr_line' id='line_1_60' title="bbox 2128 3048 3713 3119; baseline 0.003 -16"><span class='ocrx_word' id='word_1_432' title='bbox 2128 3049 2326 3103; x_wconf 87' lang='lat' dir='ltr'><strong>similia</strong></span> <span class='ocrx_word' id='word_1_433' title='bbox 2357 3048 2653 3117; x_wconf 77' lang='lat' dir='ltr'><strong>distingue,</strong></span> <span class='ocrx_word' id='word_1_434' title='bbox 2678 3057 2736 3102; x_wconf 91' lang='lat' dir='ltr'><strong>ut</strong></span> <span class='ocrx_word' id='word_1_435' title='bbox 2761 3058 2906 3117; x_wconf 84' lang='lat' dir='ltr'><strong>puta,</strong></span> <span class='ocrx_word' id='word_1_436' title='bbox 2936 3050 3213 3118; x_wconf 89' lang='lat' dir='ltr'><strong>immotus,</strong></span> <span class='ocrx_word' id='word_1_437' title='bbox 3244 3060 3295 3107; x_wconf 88' lang='lat' dir='ltr'><strong>et</strong></span> <span class='ocrx_word' id='word_1_438' title='bbox 3322 3051 3632 3119; x_wconf 86' lang='lat' dir='ltr'><strong>immobilis,</strong></span> <span class='ocrx_word' id='word_1_439' title='bbox 3661 3061 3713 3108; x_wconf 90' lang='lat' dir='ltr'><strong>et</strong></span> 
     </span>
    </p>
   </div>
   <div class='ocr_carea' id='block_1_61' title="bbox 436 3124 2457 3207">
    <p class='ocr_par' dir='ltr' id='par_1_61' title="bbox 436 3124 2457 3207">
     <span class='ocr_line' id='line_1_61' title="bbox 436 3124 2457 3207; baseline 0.01 -32"><span class='ocrx_word' id='word_1_440' title='bbox 436 3135 552 3177; x_wconf 88' lang='lat' dir='ltr'><strong>stus</strong></span> <span class='ocrx_word' id='word_1_441' title='bbox 582 3136 728 3187; x_wconf 83' lang='lat' dir='ltr'><strong>vero,</strong></span> <span class='ocrx_word' id='word_1_442' title='bbox 760 3126 843 3177; x_wconf 89' lang='lat' dir='ltr'><strong>cui</strong></span> <span class='ocrx_word' id='word_1_443' title='bbox 877 3124 1048 3191; x_wconf 90' lang='lat' dir='ltr'><strong>ipsum</strong></span> <span class='ocrx_word' id='word_1_444' title='bbox 1079 3139 1214 3178; x_wconf 87' lang='lat' dir='ltr'><strong>onus</strong></span> <span class='ocrx_word' id='word_1_445' title='bbox 1244 3124 1433 3180; x_wconf 89' lang='lat' dir='ltr'><strong>honori</strong></span> <span class='ocrx_word' id='word_1_446' title='bbox 1456 3134 1558 3190; x_wconf 87' lang='lat' dir='ltr'><strong>est,</strong></span> <span class='ocrx_word' id='word_1_447' title='bbox 1610 3137 1666 3179; x_wconf 90' lang='lat' dir='ltr'><strong>ut</strong></span> <span class='ocrx_word' id='word_1_448' title='bbox 1688 3126 1731 3180; x_wconf 87' lang='lat' dir='ltr'><strong>si</strong></span> <span class='ocrx_word' id='word_1_449' title='bbox 1753 3128 1872 3195; x_wconf 89' lang='lat' dir='ltr'><strong>quis</strong></span> <span class='ocrx_word' id='word_1_450' title='bbox 1894 3140 2020 3197; x_wconf 86' lang='lat' dir='ltr'><strong>spo-</strong></span> <span class='ocrx_word' id='word_1_451' title='bbox 2052 3144 2098 3207; x_wconf 74' lang='grc' dir='ltr'>ο</span> <span class='ocrx_word' id='word_1_452' title='bbox 2132 3142 2213 3196; x_wconf 92' lang='lat' dir='ltr'><strong>bis</strong></span> <span class='ocrx_word' id='word_1_453' title='bbox 2243 3139 2457 3194; x_wconf 81' lang='lat' dir='ltr'><strong>similia.</strong></span> 
     </span>
    </p>
   </div>
   <div class='ocr_carea' id='block_1_62' title="bbox 436 3214 2017 3285">
    <p class='ocr_par' dir='ltr' id='par_1_62' title="bbox 436 3214 2017 3285">
     <span class='ocr_line' id='line_1_62' title="bbox 436 3214 2017 3285; baseline 0.001 -16"><span class='ocrx_word' id='word_1_454' title='bbox 436 3215 503 3269; x_wconf 89' lang='lat' dir='ltr'><strong>lia</strong></span> <span class='ocrx_word' id='word_1_455' title='bbox 556 3214 785 3268; x_wconf 83' lang='lat' dir='ltr'><strong>hostium</strong></span> <span class='ocrx_word' id='word_1_456' title='bbox 841 3216 992 3269; x_wconf 85' lang='lat' dir='ltr'><strong>lerat.</strong></span> <span class='ocrx_word' id='word_1_457' title='bbox 1044 3215 1148 3269; x_wconf 87' lang='lat' dir='ltr'><strong>Sed</strong></span> <span class='ocrx_word' id='word_1_458' title='bbox 1201 3228 1456 3271; x_wconf 71' lang='lat' dir='ltr'><strong>oneratus</strong></span> <span class='ocrx_word' id='word_1_459' title='bbox 1502 3216 1878 3285; x_wconf 76' lang='lat' dir='ltr'><strong>aspiratimiem</strong></span> <span class='ocrx_word' id='word_1_460' title='bbox 1914 3232 2017 3270; x_wconf 90' lang='lat' dir='ltr'><strong>non</strong></span> 
     </span>
    </p>
   </div>
   <div class='ocr_carea' id='block_1_63' title="bbox 438 3306 2024 3376">
    <p class='ocr_par' dir='ltr' id='par_1_63' title="bbox 438 3306 2024 3376">
     <span class='ocr_line' id='line_1_63' title="bbox 438 3306 2024 3376; baseline 0.001 -17"><span class='ocrx_word' id='word_1_461' title='bbox 438 3307 616 3370; x_wconf 75' lang='lat' dir='ltr'><strong>habet,</strong></span> <span class='ocrx_word' id='word_1_462' title='bbox 651 3306 770 3375; x_wconf 85' lang='lat' dir='ltr'><strong>quia</strong></span> <span class='ocrx_word' id='word_1_463' title='bbox 799 3307 867 3362; x_wconf 86' lang='lat' dir='ltr'><strong>ab</strong></span> <span class='ocrx_word' id='word_1_464' title='bbox 894 3322 1057 3361; x_wconf 89' lang='lat' dir='ltr'><strong>onere</strong></span> <span class='ocrx_word' id='word_1_465' title='bbox 1088 3310 1235 3363; x_wconf 89' lang='lat' dir='ltr'><strong>venit</strong></span> <span class='ocrx_word' id='word_1_466' title='bbox 1260 3325 1273 3373; x_wconf 92' lang='lat'><strong>;</strong></span> <span class='ocrx_word' id='word_1_467' title='bbox 1324 3309 1583 3361; x_wconf 89' lang='lat' dir='ltr'><strong>honustus</strong></span> <span class='ocrx_word' id='word_1_468' title='bbox 1609 3322 1757 3373; x_wconf 82' lang='lat' dir='ltr'><strong>vero,</strong></span> <span class='ocrx_word' id='word_1_469' title='bbox 1814 3308 1934 3376; x_wconf 83' lang='lat' dir='ltr'><strong>quia</strong></span> <span class='ocrx_word' id='word_1_470' title='bbox 1955 3306 2024 3361; x_wconf 85' lang='lat' dir='ltr'><strong>ab</strong></span> 
     </span>
    </p>
   </div>
   <div class='ocr_carea' id='block_1_64' title="bbox 440 3397 1639 3467">
    <p class='ocr_par' dir='ltr' id='par_1_64' title="bbox 440 3397 1639 3467">
     <span class='ocr_line' id='line_1_64' title="bbox 440 3397 1639 3467; baseline 0.003 -17"><span class='ocrx_word' id='word_1_471' title='bbox 440 3398 645 3452; x_wconf 81' lang='lat' dir='ltr'><strong>honore</strong></span> <span class='ocrx_word' id='word_1_472' title='bbox 677 3397 980 3465; x_wconf 85' lang='lat' dir='ltr'><strong>descendit,</strong></span> <span class='ocrx_word' id='word_1_473' title='bbox 1014 3398 1210 3452; x_wconf 86' lang='lat' dir='ltr'><strong>retinet</strong></span> <span class='ocrx_word' id='word_1_474' title='bbox 1237 3399 1639 3467; x_wconf 77' lang='lat' dir='ltr'><strong>aSpiraIiunem.</strong></span> 
     </span>
    </p>
   </div>
   <div class='ocr_carea' id='block_1_65' title="bbox 508 3488 2022 3564">
    <p class='ocr_par' dir='ltr' id='par_1_65' title="bbox 508 3488 2022 3564">
     <span class='ocr_line' id='line_1_65' title="bbox 508 3488 2022 3564; baseline 0.005 -24"><span class='ocrx_word' id='word_1_475' title='bbox 508 3489 634 3543; x_wconf 64' lang='lat' dir='ltr'><strong>Q86.</strong></span> <span class='ocrx_word' id='word_1_476' title='bbox 678 3489 823 3543; x_wconf 79' lang='lat' dir='ltr'><strong>Inter</strong></span> <span class='ocrx_word' id='word_1_477' title='bbox 853 3488 1112 3543; x_wconf 84' lang='lat' dir='ltr'><strong>llauritur</strong></span> <span class='ocrx_word' id='word_1_478' title='bbox 1139 3501 1194 3544; x_wconf 86' lang='lat' dir='ltr'><strong>et</strong></span> <span class='ocrx_word' id='word_1_479' title='bbox 1223 3492 1543 3545; x_wconf 71' lang='lat' dir='ltr'><strong>exhauritur.</strong></span> <span class='ocrx_word' id='word_1_480' title='bbox 1573 3492 1827 3548; x_wconf 84' lang='lat' dir='ltr'><strong>Hauritur</strong></span> <span class='ocrx_word' id='word_1_481' title='bbox 1850 3508 1982 3564; x_wconf 86' lang='lat' dir='ltr'><strong>aqua</strong></span> <span class='ocrx_word' id='word_1_482' title='bbox 2004 3534 2022 3562; x_wconf 83' lang='lat'><strong>,</strong></span> 
     </span>
    </p>
   </div>
   <div class='ocr_carea' id='block_1_66' title="bbox 437 3580 992 3650">
    <p class='ocr_par' dir='ltr' id='par_1_66' title="bbox 437 3580 992 3650">
     <span class='ocr_line' id='line_1_66' title="bbox 437 3580 992 3650; baseline 0 -15"><span class='ocrx_word' id='word_1_483' title='bbox 437 3580 749 3635; x_wconf 81' lang='lat' dir='ltr'><strong>exhauritur</strong></span> <span class='ocrx_word' id='word_1_484' title='bbox 780 3587 992 3650; x_wconf 88' lang='lat' dir='ltr'><strong>puteus.</strong></span> 
     </span>
    </p>
   </div>
   <div class='ocr_carea' id='block_1_67' title="bbox 505 3671 2020 3730">
    <p class='ocr_par' dir='ltr' id='par_1_67' title="bbox 505 3671 2020 3730">
     <span class='ocr_line' id='line_1_67' title="bbox 505 3671 2020 3730; baseline 0.005 -7"><span class='ocrx_word' id='word_1_485' title='bbox 505 3672 628 3724; x_wconf 60' lang='lat'><strong>2.37.</strong></span> <span class='ocrx_word' id='word_1_486' title='bbox 677 3672 815 3725; x_wconf 85' lang='lat' dir='ltr'><strong>Inter</strong></span> <span class='ocrx_word' id='word_1_487' title='bbox 850 3671 1138 3724; x_wconf 58' lang='lat' dir='ltr'><strong>IIerL&#39;idnm</strong></span> <span class='ocrx_word' id='word_1_488' title='bbox 1163 3681 1217 3726; x_wconf 89' lang='lat' dir='ltr'><strong>et</strong></span> <span class='ocrx_word' id='word_1_489' title='bbox 1243 3672 1535 3727; x_wconf 68' lang='lat' dir='ltr'><strong>herbosum.</strong></span> <span class='ocrx_word' id='word_1_490' title='bbox 1565 3673 1854 3728; x_wconf 80' lang='lat' dir='ltr'><strong>Herbidum</strong></span> <span class='ocrx_word' id='word_1_491' title='bbox 1885 3674 2020 3730; x_wconf 85' lang='lat' dir='ltr'><strong>dici-</strong></span> 
     </span>
    </p>
   </div>
   <div class='ocr_carea' id='block_1_68' title="bbox 435 3762 2021 3833">
    <p class='ocr_par' dir='ltr' id='par_1_68' title="bbox 435 3762 2021 3833">
     <span class='ocr_line' id='line_1_68' title="bbox 435 3762 2021 3833; baseline 0.001 -16"><span class='ocrx_word' id='word_1_492' title='bbox 435 3778 556 3817; x_wconf 88' lang='lat' dir='ltr'><strong>mus</strong></span> <span class='ocrx_word' id='word_1_493' title='bbox 582 3764 774 3827; x_wconf 81' lang='lat' dir='ltr'><strong>Iocum,</strong></span> <span class='ocrx_word' id='word_1_494' title='bbox 804 3763 855 3832; x_wconf 83' lang='lat'><strong>3</strong></span> <span class='ocrx_word' id='word_1_495' title='bbox 866 3765 911 3831; x_wconf 77' lang='lat'><strong>3</strong></span> <span class='ocrx_word' id='word_1_496' title='bbox 940 3762 992 3815; x_wconf 88' lang='lat' dir='ltr'><strong>in</strong></span> <span class='ocrx_word' id='word_1_497' title='bbox 1020 3778 1125 3833; x_wconf 90' lang='lat' dir='ltr'><strong>quo</strong></span> <span class='ocrx_word' id='word_1_498' title='bbox 1154 3763 1437 3817; x_wconf 88' lang='lat' dir='ltr'><strong>herbarum</strong></span> <span class='ocrx_word' id='word_1_499' title='bbox 1480 3764 1718 3818; x_wconf 82' lang='lat' dir='ltr'><strong>viriditas</strong></span> <span class='ocrx_word' id='word_1_500' title='bbox 1752 3780 2021 3832; x_wconf 85' lang='lat' dir='ltr'><strong>nunquam</strong></span> 
     </span>
    </p>
   </div>
   <div class='ocr_carea' id='block_1_69' title="bbox 433 3853 2019 3923">
    <p class='ocr_par' dir='ltr' id='par_1_69' title="bbox 433 3853 2019 3923">
     <span class='ocr_line' id='line_1_69' title="bbox 433 3853 2019 3923; baseline -0.001 -14"><span class='ocrx_word' id='word_1_501' title='bbox 433 3864 611 3911; x_wconf 78' lang='lat' dir='ltr'><strong>cessat</strong></span> <span class='ocrx_word' id='word_1_502' title='bbox 636 3895 651 3919; x_wconf 96' lang='lat'><strong>,</strong></span> <span class='ocrx_word' id='word_1_503' title='bbox 683 3856 968 3909; x_wconf 70' lang='lat' dir='ltr'><strong>herbosum</strong></span> <span class='ocrx_word' id='word_1_504' title='bbox 999 3868 1202 3917; x_wconf 77' lang='lat' dir='ltr'><strong>auzem,</strong></span> <span class='ocrx_word' id='word_1_505' title='bbox 1231 3853 1321 3923; x_wconf 91' lang='lat' dir='ltr'><strong>qui</strong></span> <span class='ocrx_word' id='word_1_506' title='bbox 1350 3854 1501 3910; x_wconf 79' lang='lat' dir='ltr'><strong>facile</strong></span> <span class='ocrx_word' id='word_1_507' title='bbox 1527 3854 1746 3909; x_wconf 86' lang='lat' dir='ltr'><strong>herbam</strong></span> <span class='ocrx_word' id='word_1_508' title='bbox 1777 3864 2019 3923; x_wconf 84' lang='lat' dir='ltr'><strong>generat.</strong></span> 
     </span>
    </p>
   </div>
   <div class='ocr_carea' id='block_1_70' title="bbox 434 3945 1063 4016">
    <p class='ocr_par' dir='ltr' id='par_1_70' title="bbox 434 3945 1063 4016">
     <span class='ocr_line' id='line_1_70' title="bbox 434 3945 1063 4016; baseline -0.008 -15"><span class='ocrx_word' id='word_1_509' title='bbox 434 3955 487 4001; x_wconf 92' lang='lat' dir='ltr'><strong>et</strong></span> <span class='ocrx_word' id='word_1_510' title='bbox 515 3947 581 4000; x_wconf 90' lang='lat' dir='ltr'><strong>ad</strong></span> <span class='ocrx_word' id='word_1_511' title='bbox 614 3955 821 4016; x_wconf 88' lang='lat' dir='ltr'><strong>tempus</strong></span> <span class='ocrx_word' id='word_1_512' title='bbox 847 3945 1063 4000; x_wconf 76' lang='lat' dir='ltr'><strong>arescit.</strong></span> 
     </span>
    </p>
   </div>
   <div class='ocr_carea' id='block_1_71' title="bbox 1044 4035 1392 4092">
    <p class='ocr_par' dir='ltr' id='par_1_71' title="bbox 1044 4035 1392 4092">
     <span class='ocr_line' id='line_1_71' title="bbox 1044 4035 1392 4092; baseline 0.006 -2"><span class='ocrx_word' id='word_1_513' title='bbox 1044 4036 1121 4091; x_wconf 87' lang='lat' dir='ltr'><strong>De</strong></span> <span class='ocrx_word' id='word_1_514' title='bbox 1152 4038 1321 4091; x_wconf 85' lang='lat' dir='ltr'><strong>littera</strong></span> <span class='ocrx_word' id='word_1_515' title='bbox 1351 4035 1392 4092; x_wconf 89' lang='lat' dir='ltr'><strong>I.</strong></span> 
     </span>
    </p>
   </div>
   <div class='ocr_carea' id='block_1_72' title="bbox 503 4128 2025 4202">
    <p class='ocr_par' dir='ltr' id='par_1_72' title="bbox 503 4128 2025 4202">
     <span class='ocr_line' id='line_1_72' title="bbox 503 4128 2025 4202; baseline 0.003 -21"><span class='ocrx_word' id='word_1_516' title='bbox 503 4128 631 4181; x_wconf 76' lang='lat' dir='ltr'><strong>c288.</strong></span> <span class='ocrx_word' id='word_1_517' title='bbox 667 4130 808 4184; x_wconf 88' lang='lat' dir='ltr'><strong>Inter</strong></span> <span class='ocrx_word' id='word_1_518' title='bbox 833 4130 1066 4199; x_wconf 80' lang='lat' dir='ltr'><strong>Inferam</strong></span> <span class='ocrx_word' id='word_1_519' title='bbox 1091 4141 1145 4184; x_wconf 90' lang='lat' dir='ltr'><strong>et</strong></span> <span class='ocrx_word' id='word_1_520' title='bbox 1171 4130 1455 4200; x_wconf 77' lang='lat' dir='ltr'><strong>infernum.</strong></span> <span class='ocrx_word' id='word_1_521' title='bbox 1490 4130 1620 4185; x_wconf 86' lang='lat' dir='ltr'><strong>Pars</strong></span> <span class='ocrx_word' id='word_1_522' title='bbox 1658 4144 1903 4202; x_wconf 78' lang='lat' dir='ltr'><strong>superior</strong></span> <span class='ocrx_word' id='word_1_523' title='bbox 1943 4148 2025 4186; x_wconf 80' lang='lat' dir='ltr'><strong>1n-</strong></span> 
     </span>
    </p>
   </div>
   <div class='ocr_carea' id='block_1_73' title="bbox 437 4221 2016 4289">
    <p class='ocr_par' dir='ltr' id='par_1_73' title="bbox 437 4221 2016 4289">
     <span class='ocr_line' id='line_1_73' title="bbox 437 4221 2016 4289; baseline 0.001 -14"><span class='ocrx_word' id='word_1_524' title='bbox 437 4221 573 4275; x_wconf 79' lang='lat' dir='ltr'><strong>fcrni</strong></span> <span class='ocrx_word' id='word_1_525' title='bbox 607 4221 811 4275; x_wconf 77' lang='lat' dir='ltr'><strong>inferiis</strong></span> <span class='ocrx_word' id='word_1_526' title='bbox 837 4231 938 4286; x_wconf 84' lang='lat' dir='ltr'><strong>est,</strong></span> <span class='ocrx_word' id='word_1_527' title='bbox 967 4223 1051 4274; x_wconf 91' lang='lat' dir='ltr'><strong>ubi</strong></span> <span class='ocrx_word' id='word_1_528' title='bbox 1079 4223 1395 4289; x_wconf 86' lang='lat' dir='ltr'><strong>quieverunt</strong></span> <span class='ocrx_word' id='word_1_529' title='bbox 1418 4233 1542 4276; x_wconf 89' lang='lat' dir='ltr'><strong>ante</strong></span> <span class='ocrx_word' id='word_1_530' title='bbox 1562 4224 1847 4277; x_wconf 87' lang='lat' dir='ltr'><strong>adventum</strong></span> <span class='ocrx_word' id='word_1_531' title='bbox 1870 4225 2016 4279; x_wconf 87' lang='lat' dir='ltr'><strong>Chri-</strong></span> 
     </span>
    </p>
   </div>
   <div class='ocr_carea' id='block_1_74' title="bbox 435 4312 2023 4382">
    <p class='ocr_par' dir='ltr' id='par_1_74' title="bbox 435 4312 2023 4382">
     <span class='ocr_line' id='line_1_74' title="bbox 435 4312 2023 4382; baseline -0.001 -11"><span class='ocrx_word' id='word_1_532' title='bbox 435 4315 505 4371; x_wconf 88' lang='lat' dir='ltr'><strong>sti</strong></span> <span class='ocrx_word' id='word_1_533' title='bbox 529 4314 725 4368; x_wconf 75' lang='lat' dir='ltr'><strong>anima:</strong></span> <span class='ocrx_word' id='word_1_534' title='bbox 750 4312 1046 4382; x_wconf 82' lang='lat' dir='ltr'><strong>justoruin.</strong></span> <span class='ocrx_word' id='word_1_535' title='bbox 1083 4314 1212 4367; x_wconf 84' lang='lat' dir='ltr'><strong>Pars</strong></span> <span class='ocrx_word' id='word_1_536' title='bbox 1249 4329 1376 4368; x_wconf 90' lang='lat' dir='ltr'><strong>vero</strong></span> <span class='ocrx_word' id='word_1_537' title='bbox 1408 4315 1626 4369; x_wconf 77' lang='lat' dir='ltr'><strong>inferior</strong></span> <span class='ocrx_word' id='word_1_538' title='bbox 1657 4315 1895 4370; x_wconf 81' lang='lat' dir='ltr'><strong>infernus</strong></span> <span class='ocrx_word' id='word_1_539' title='bbox 1921 4357 1935 4382; x_wconf 94' lang='lat'><strong>,</strong></span> <span class='ocrx_word' id='word_1_540' title='bbox 1971 4318 2023 4369; x_wconf 92' lang='lat' dir='ltr'><strong>in</strong></span> 
     </span>
    </p>
   </div>
   <div class='ocr_carea' id='block_1_75' title="bbox 436 4392 2021 4481">
    <p class='ocr_par' dir='ltr' id='par_1_75' title="bbox 436 4392 2021 4481">
     <span class='ocr_line' id='line_1_75' title="bbox 436 4392 2021 4481; baseline 0.001 -19"><span class='ocrx_word' id='word_1_541' title='bbox 436 4424 549 4478; x_wconf 76' lang='lat' dir='ltr'><strong>qna</strong></span> <span class='ocrx_word' id='word_1_542' title='bbox 582 4392 865 4460; x_wconf 87' lang='lat' dir='ltr'><strong>truduntur</strong></span> <span class='ocrx_word' id='word_1_543' title='bbox 895 4405 1029 4477; x_wconf 81' lang='lat' dir='ltr'><strong>[Al.,</strong></span> <span class='ocrx_word' id='word_1_544' title='bbox 1060 4408 1366 4479; x_wconf 74' lang='lat' dir='ltr'><strong>traduntur]</strong></span> <span class='ocrx_word' id='word_1_545' title='bbox 1394 4409 1584 4461; x_wconf 75' lang='lat' dir='ltr'><strong>anima:</strong></span> <span class='ocrx_word' id='word_1_546' title='bbox 1618 4410 1902 4478; x_wconf 87' lang='lat' dir='ltr'><strong>impiorum</strong></span> <span class='ocrx_word' id='word_1_547' title='bbox 1935 4410 2021 4481; x_wconf 90' lang='lat' dir='ltr'><strong>qui</strong></span> 
     </span>
    </p>
   </div>
   <div class='ocr_carea' id='block_1_76' title="bbox 2200 3231 3713 3291">
    <p class='ocr_par' dir='ltr' id='par_1_76' title="bbox 2200 3231 3713 3291">
     <span class='ocr_line' id='line_1_76' title="bbox 2200 3231 3713 3291; baseline 0.003 -4"><span class='ocrx_word' id='word_1_548' title='bbox 2200 3233 2327 3287; x_wconf 76' lang='grc'><strong>295.</strong></span> <span class='ocrx_word' id='word_1_549' title='bbox 2389 3231 2532 3288; x_wconf 81' lang='lat' dir='ltr'><strong>Inter</strong></span> <span class='ocrx_word' id='word_1_550' title='bbox 2568 3232 2845 3285; x_wconf 76' lang='lat' dir='ltr'><strong>Innoxtum</strong></span> <span class='ocrx_word' id='word_1_551' title='bbox 2872 3241 2925 3286; x_wconf 89' lang='lat' dir='ltr'><strong>et</strong></span> <span class='ocrx_word' id='word_1_552' title='bbox 2974 3250 3273 3289; x_wconf 77' lang='lat' dir='ltr'><strong>innocuum.</strong></span> <span class='ocrx_word' id='word_1_553' title='bbox 3334 3236 3599 3291; x_wconf 88' lang='lat' dir='ltr'><strong>Innocuus</strong></span> <span class='ocrx_word' id='word_1_554' title='bbox 3630 3244 3713 3291; x_wconf 89' lang='lat' dir='ltr'><strong>est</strong></span> 
     </span>
    </p>
   </div>
   <div class='ocr_carea' id='block_1_77' title="bbox 2127 3325 3711 3395">
    <p class='ocr_par' dir='ltr' id='par_1_77' title="bbox 2127 3325 3711 3395">
     <span class='ocr_line' id='line_1_77' title="bbox 2127 3325 3711 3395; baseline 0.001 -16"><span class='ocrx_word' id='word_1_555' title='bbox 2127 3326 2212 3379; x_wconf 88' lang='lat' dir='ltr'><strong>cui</strong></span> <span class='ocrx_word' id='word_1_556' title='bbox 2246 3340 2354 3379; x_wconf 82' lang='lat' dir='ltr'><strong>non</strong></span> <span class='ocrx_word' id='word_1_557' title='bbox 2382 3334 2643 3390; x_wconf 89' lang='lat' dir='ltr'><strong>nocetur;</strong></span> <span class='ocrx_word' id='word_1_558' title='bbox 2693 3325 2943 3379; x_wconf 78' lang='lat' dir='ltr'><strong>innoxius</strong></span> <span class='ocrx_word' id='word_1_559' title='bbox 2969 3364 2985 3390; x_wconf 91' lang='lat'><strong>,</strong></span> <span class='ocrx_word' id='word_1_560' title='bbox 3028 3326 3115 3395; x_wconf 91' lang='lat' dir='ltr'><strong>qui</strong></span> <span class='ocrx_word' id='word_1_561' title='bbox 3156 3341 3261 3379; x_wconf 92' lang='lat' dir='ltr'><strong>non</strong></span> <span class='ocrx_word' id='word_1_562' title='bbox 3304 3326 3448 3381; x_wconf 89' lang='lat' dir='ltr'><strong>novit</strong></span> <span class='ocrx_word' id='word_1_563' title='bbox 3494 3341 3711 3383; x_wconf 77' lang='lat' dir='ltr'><strong>nocere.</strong></span> 
     </span>
    </p>
   </div>
   <div class='ocr_carea' id='block_1_78' title="bbox 2195 3414 3711 3489">
    <p class='ocr_par' dir='ltr' id='par_1_78' title="bbox 2195 3414 3711 3489">
     <span class='ocr_line' id='line_1_78' title="bbox 2195 3414 3711 3489; baseline 0.003 -21"><span class='ocrx_word' id='word_1_564' title='bbox 2195 3415 2320 3472; x_wconf 72' lang='grc'><strong>294.</strong></span> <span class='ocrx_word' id='word_1_565' title='bbox 2346 3416 2489 3471; x_wconf 89' lang='lat' dir='ltr'><strong>Inter</strong></span> <span class='ocrx_word' id='word_1_566' title='bbox 2519 3414 2794 3487; x_wconf 85' lang='lat' dir='ltr'><strong>Impurum</strong></span> <span class='ocrx_word' id='word_1_567' title='bbox 2815 3429 2868 3472; x_wconf 90' lang='lat' dir='ltr'><strong>et</strong></span> <span class='ocrx_word' id='word_1_568' title='bbox 2891 3418 3227 3487; x_wconf 83' lang='lat' dir='ltr'><strong>impudicum.</strong></span> <span class='ocrx_word' id='word_1_569' title='bbox 3253 3418 3558 3489; x_wconf 80' lang='lat' dir='ltr'><strong>[inpudicus</strong></span> <span class='ocrx_word' id='word_1_570' title='bbox 3580 3418 3711 3485; x_wconf 79' lang='grc' dir='ltr'><strong>[Αι.,</strong></span> 
     </span>
    </p>
   </div>
   <div class='ocr_carea' id='block_1_79' title="bbox 2129 3506 3713 3582">
    <p class='ocr_par' dir='ltr' id='par_1_79' title="bbox 2129 3506 3713 3582">
     <span class='ocr_line' id='line_1_79' title="bbox 2129 3506 3713 3582; baseline 0.003 -21"><span class='ocrx_word' id='word_1_571' title='bbox 2129 3506 2430 3580; x_wconf 83' lang='lat' dir='ltr'><strong>impurus],</strong></span> <span class='ocrx_word' id='word_1_572' title='bbox 2466 3510 2556 3576; x_wconf 89' lang='lat' dir='ltr'><strong>qui</strong></span> <span class='ocrx_word' id='word_1_573' title='bbox 2584 3509 2964 3576; x_wconf 83' lang='lat' dir='ltr'><strong>turpitudinem</strong></span> <span class='ocrx_word' id='word_1_574' title='bbox 2994 3510 3183 3582; x_wconf 84' lang='lat' dir='ltr'><strong>ﬂagitii</strong></span> <span class='ocrx_word' id='word_1_575' title='bbox 3232 3510 3429 3579; x_wconf 71' lang='lat' dir='ltr'><strong>infert;</strong></span> <span class='ocrx_word' id='word_1_576' title='bbox 3478 3513 3713 3582; x_wconf 88' lang='lat' dir='ltr'><strong>impurus</strong></span> 
     </span>
    </p>
   </div>
   <div class='ocr_carea' id='block_1_80' title="bbox 2127 3597 3021 3671">
    <p class='ocr_par' dir='ltr' id='par_1_80' title="bbox 2127 3597 3021 3671">
     <span class='ocr_line' id='line_1_80' title="bbox 2127 3597 3021 3671; baseline 0.002 -18"><span class='ocrx_word' id='word_1_577' title='bbox 2127 3597 2257 3671; x_wconf 81' lang='lat' dir='ltr'><strong>[Al.,</strong></span> <span class='ocrx_word' id='word_1_578' title='bbox 2292 3598 2612 3670; x_wconf 89' lang='lat' dir='ltr'><strong>impudicus]</strong></span> <span class='ocrx_word' id='word_1_579' title='bbox 2638 3639 2654 3666; x_wconf 93' lang='lat'><strong>,</strong></span> <span class='ocrx_word' id='word_1_580' title='bbox 2685 3602 2775 3670; x_wconf 90' lang='lat' dir='ltr'><strong>qui</strong></span> <span class='ocrx_word' id='word_1_581' title='bbox 2806 3602 3021 3670; x_wconf 86' lang='lat' dir='ltr'><strong>patitur.</strong></span> 
     </span>
    </p>
   </div>
   <div class='ocr_carea' id='block_1_81' title="bbox 2197 3688 3709 3762">
    <p class='ocr_par' dir='ltr' id='par_1_81' title="bbox 2197 3688 3709 3762">
     <span class='ocr_line' id='line_1_81' title="bbox 2197 3688 3709 3762; baseline 0.005 -19"><span class='ocrx_word' id='word_1_582' title='bbox 2197 3689 2324 3744; x_wconf 67' lang='lat'><strong>995.</strong></span> <span class='ocrx_word' id='word_1_583' title='bbox 2352 3691 2492 3745; x_wconf 86' lang='lat' dir='ltr'><strong>Inter</strong></span> <span class='ocrx_word' id='word_1_584' title='bbox 2514 3688 2872 3745; x_wconf 71' lang='lat' dir='ltr'><strong>Immemorem</strong></span> <span class='ocrx_word' id='word_1_585' title='bbox 2898 3702 2951 3746; x_wconf 88' lang='lat' dir='ltr'><strong>et</strong></span> <span class='ocrx_word' id='word_1_586' title='bbox 2975 3693 3233 3762; x_wconf 86' lang='lat' dir='ltr'><strong>ignarum.</strong></span> <span class='ocrx_word' id='word_1_587' title='bbox 3274 3693 3561 3749; x_wconf 87' lang='lat' dir='ltr'><strong>Immemor</strong></span> <span class='ocrx_word' id='word_1_588' title='bbox 3606 3704 3709 3759; x_wconf 86' lang='lat' dir='ltr'><strong>est.</strong></span> 
     </span>
    </p>
   </div>
   <div class='ocr_carea' id='block_1_82' title="bbox 2126 3782 3710 3852">
    <p class='ocr_par' dir='ltr' id='par_1_82' title="bbox 2126 3782 3710 3852">
     <span class='ocr_line' id='line_1_82' title="bbox 2126 3782 3710 3852; baseline 0.004 -17"><span class='ocrx_word' id='word_1_589' title='bbox 2126 3782 2219 3850; x_wconf 90' lang='lat' dir='ltr'><strong>qui</strong></span> <span class='ocrx_word' id='word_1_590' title='bbox 2245 3782 2444 3837; x_wconf 90' lang='lat' dir='ltr'><strong>oblitus</strong></span> <span class='ocrx_word' id='word_1_591' title='bbox 2475 3792 2595 3848; x_wconf 89' lang='lat' dir='ltr'><strong>est;</strong></span> <span class='ocrx_word' id='word_1_592' title='bbox 2631 3783 2885 3852; x_wconf 82' lang='lat' dir='ltr'><strong>ignarus,</strong></span> <span class='ocrx_word' id='word_1_593' title='bbox 2919 3783 3009 3852; x_wconf 89' lang='lat' dir='ltr'><strong>qui</strong></span> <span class='ocrx_word' id='word_1_594' title='bbox 3040 3783 3259 3837; x_wconf 90' lang='lat' dir='ltr'><strong>inscius.</strong></span> <span class='ocrx_word' id='word_1_595' title='bbox 3295 3784 3445 3840; x_wconf 87' lang='lat' dir='ltr'><strong>Unde</strong></span> <span class='ocrx_word' id='word_1_596' title='bbox 3473 3795 3527 3841; x_wconf 88' lang='lat' dir='ltr'><strong>et</strong></span> <span class='ocrx_word' id='word_1_597' title='bbox 3556 3802 3710 3842; x_wconf 85' lang='lat' dir='ltr'><strong>nares</strong></span> 
     </span>
    </p>
   </div>
   <div class='ocr_carea' id='block_1_83' title="bbox 2126 3873 3711 3947">
    <p class='ocr_par' dir='ltr' id='par_1_83' title="bbox 2126 3873 3711 3947">
     <span class='ocr_line' id='line_1_83' title="bbox 2126 3873 3711 3947; baseline 0.003 -20"><span class='ocrx_word' id='word_1_598' title='bbox 2126 3873 2303 3937; x_wconf 79' lang='lat' dir='ltr'><strong>dicite,</strong></span> <span class='ocrx_word' id='word_1_599' title='bbox 2338 3889 2455 3944; x_wconf 71' lang='lat' dir='ltr'><strong>quae</strong></span> <span class='ocrx_word' id='word_1_600' title='bbox 2486 3888 2585 3927; x_wconf 90' lang='lat' dir='ltr'><strong>nos</strong></span> <span class='ocrx_word' id='word_1_601' title='bbox 2614 3874 2782 3928; x_wconf 88' lang='lat' dir='ltr'><strong>odore</strong></span> <span class='ocrx_word' id='word_1_602' title='bbox 2812 3874 2944 3946; x_wconf 87' lang='lat' dir='ltr'><strong>[Al.,</strong></span> <span class='ocrx_word' id='word_1_603' title='bbox 2971 3873 3035 3927; x_wconf 90' lang='lat' dir='ltr'><strong>ad</strong></span> <span class='ocrx_word' id='word_1_604' title='bbox 3064 3874 3316 3947; x_wconf 88' lang='lat' dir='ltr'><strong>odorem]</strong></span> <span class='ocrx_word' id='word_1_605' title='bbox 3344 3876 3633 3931; x_wconf 87' lang='lat' dir='ltr'><strong>admonent</strong></span> <span class='ocrx_word' id='word_1_606' title='bbox 3654 3890 3711 3932; x_wconf 89' lang='lat' dir='ltr'><strong>ut</strong></span> 
     </span>
    </p>
   </div>
   <div class='ocr_carea' id='block_1_84' title="bbox 2127 3962 3704 4036">
    <p class='ocr_par' dir='ltr' id='par_1_84' title="bbox 2127 3962 3704 4036">
     <span class='ocr_line' id='line_1_84' title="bbox 2127 3962 3704 4036; baseline 0.003 -19"><span class='ocrx_word' id='word_1_607' title='bbox 2127 3978 2511 4035; x_wconf 56' lang='lat' dir='ltr'><strong>cognoscamus</strong></span> <span class='ocrx_word' id='word_1_608' title='bbox 2558 3962 2694 4036; x_wconf 80' lang='lat' dir='ltr'><strong>[Al.,</strong></span> <span class='ocrx_word' id='word_1_609' title='bbox 2740 3962 3045 4035; x_wconf 89' lang='lat' dir='ltr'><strong>noscamus]</strong></span> <span class='ocrx_word' id='word_1_610' title='bbox 3103 3965 3303 4035; x_wconf 89' lang='lat' dir='ltr'><strong>aliquid</strong></span> <span class='ocrx_word' id='word_1_611' title='bbox 3349 3974 3406 4021; x_wconf 89' lang='lat' dir='ltr'><strong>et</strong></span> <span class='ocrx_word' id='word_1_612' title='bbox 3450 3970 3704 4022; x_wconf 88' lang='lat' dir='ltr'><strong>sciamus.</strong></span> 
     </span>
    </p>
   </div>
   <div class='ocr_carea' id='block_1_85' title="bbox 2130 4054 3712 4129">
    <p class='ocr_par' dir='ltr' id='par_1_85' title="bbox 2130 4054 3712 4129">
     <span class='ocr_line' id='line_1_85' title="bbox 2130 4054 3712 4129; baseline 0 -18"><span class='ocrx_word' id='word_1_613' title='bbox 2130 4055 2280 4111; x_wconf 85' lang='lat' dir='ltr'><strong>Unde</strong></span> <span class='ocrx_word' id='word_1_614' title='bbox 2303 4066 2357 4110; x_wconf 90' lang='lat' dir='ltr'><strong>et</strong></span> <span class='ocrx_word' id='word_1_615' title='bbox 2382 4054 2637 4112; x_wconf 84' lang='lat' dir='ltr'><strong>olfecisse</strong></span> <span class='ocrx_word' id='word_1_616' title='bbox 2660 4095 2674 4121; x_wconf 91' lang='lat'><strong>,</strong></span> <span class='ocrx_word' id='word_1_617' title='bbox 2705 4056 2878 4111; x_wconf 88' lang='lat' dir='ltr'><strong>scisse</strong></span> <span class='ocrx_word' id='word_1_618' title='bbox 2907 4055 3039 4129; x_wconf 82' lang='lat' dir='ltr'><strong>[Al.,</strong></span> <span class='ocrx_word' id='word_1_619' title='bbox 3072 4054 3226 4112; x_wconf 84' lang='lat' dir='ltr'><strong>ollari</strong></span> <span class='ocrx_word' id='word_1_620' title='bbox 3258 4054 3366 4128; x_wconf 90' lang='lat' dir='ltr'><strong>res]</strong></span> <span class='ocrx_word' id='word_1_621' title='bbox 3392 4067 3599 4113; x_wconf 84' lang='lat' dir='ltr'><strong>veteres</strong></span> <span class='ocrx_word' id='word_1_622' title='bbox 3622 4057 3712 4113; x_wconf 85' lang='lat' dir='ltr'><strong>di-</strong></span> 
     </span>
    </p>
   </div>
   <div class='ocr_carea' id='block_1_86' title="bbox 2126 4148 2339 4202">
    <p class='ocr_par' dir='ltr' id='par_1_86' title="bbox 2126 4148 2339 4202">
     <span class='ocr_line' id='line_1_86' title="bbox 2126 4148 2339 4202; baseline -0.014 0"><span class='ocrx_word' id='word_1_623' title='bbox 2126 4148 2339 4202; x_wconf 88' lang='lat' dir='ltr'><strong>cebant.</strong></span> 
     </span>
    </p>
   </div>
   <div class='ocr_carea' id='block_1_87' title="bbox 2195 4234 3711 4307">
    <p class='ocr_par' dir='ltr' id='par_1_87' title="bbox 2195 4234 3711 4307">
     <span class='ocr_line' id='line_1_87' title="bbox 2195 4234 3711 4307; baseline 0 -15"><span class='ocrx_word' id='word_1_624' title='bbox 2195 4238 2325 4292; x_wconf 65' lang='lat'><strong>296.</strong></span> <span class='ocrx_word' id='word_1_625' title='bbox 2351 4237 2493 4291; x_wconf 89' lang='lat' dir='ltr'><strong>Inter</strong></span> <span class='ocrx_word' id='word_1_626' title='bbox 2522 4234 2751 4288; x_wconf 75' lang='lat' dir='ltr'><strong>Inertcm</strong></span> <span class='ocrx_word' id='word_1_627' title='bbox 2781 4245 2833 4289; x_wconf 90' lang='lat' dir='ltr'><strong>et</strong></span> <span class='ocrx_word' id='word_1_628' title='bbox 2859 4252 3083 4307; x_wconf 74' lang='lat' dir='ltr'><strong>segnem.</strong></span> <span class='ocrx_word' id='word_1_629' title='bbox 3101 4235 3247 4290; x_wconf 87' lang='lat' dir='ltr'><strong>Iners</strong></span> <span class='ocrx_word' id='word_1_630' title='bbox 3273 4236 3390 4292; x_wconf 86' lang='lat' dir='ltr'><strong>sine</strong></span> <span class='ocrx_word' id='word_1_631' title='bbox 3417 4247 3551 4301; x_wconf 84' lang='lat' dir='ltr'><strong>arte,</strong></span> <span class='ocrx_word' id='word_1_632' title='bbox 3575 4250 3626 4293; x_wconf 90' lang='lat' dir='ltr'><strong>et</strong></span> <span class='ocrx_word' id='word_1_633' title='bbox 3641 4238 3711 4292; x_wconf 88' lang='lat' dir='ltr'><strong>ob</strong></span> 
     </span>
    </p>
   </div>
   <div class='ocr_carea' id='block_1_88' title="bbox 2127 4329 3703 4402">
    <p class='ocr_par' dir='ltr' id='par_1_88' title="bbox 2127 4329 3703 4402">
     <span class='ocr_line' id='line_1_88' title="bbox 2127 4329 3703 4402; baseline 0.001 -19"><span class='ocrx_word' id='word_1_634' title='bbox 2127 4329 2228 4385; x_wconf 81' lang='lat' dir='ltr'><strong>hoc</strong></span> <span class='ocrx_word' id='word_1_635' title='bbox 2257 4345 2427 4400; x_wconf 86' lang='lat' dir='ltr'><strong>neque</strong></span> <span class='ocrx_word' id='word_1_636' title='bbox 2456 4332 2637 4399; x_wconf 83' lang='lat' dir='ltr'><strong>Operis</strong></span> <span class='ocrx_word' id='word_1_637' title='bbox 2657 4329 2873 4399; x_wconf 85' lang='lat' dir='ltr'><strong>quidem</strong></span> <span class='ocrx_word' id='word_1_638' title='bbox 2899 4330 3060 4383; x_wconf 89' lang='lat' dir='ltr'><strong>ullius</strong></span> <span class='ocrx_word' id='word_1_639' title='bbox 3079 4329 3212 4401; x_wconf 84' lang='grc' dir='ltr'><strong>[Αι.,</strong></span> <span class='ocrx_word' id='word_1_640' title='bbox 3241 4329 3498 4400; x_wconf 90' lang='lat' dir='ltr'><strong>operique</strong></span> <span class='ocrx_word' id='word_1_641' title='bbox 3519 4331 3703 4402; x_wconf 90' lang='lat' dir='ltr'><strong>utilis].</strong></span> 
     </span>
    </p>
   </div>
   <div class='ocr_carea' id='block_1_89' title="bbox 2127 4420 3705 4491">
    <p class='ocr_par' dir='ltr' id='par_1_89' title="bbox 2127 4420 3705 4491">
     <span class='ocr_line' id='line_1_89' title="bbox 2127 4420 3705 4491; baseline -0.001 -15"><span class='ocrx_word' id='word_1_642' title='bbox 2127 4420 2337 4490; x_wconf 71' lang='lat' dir='ltr'><strong>Segnis,</strong></span> <span class='ocrx_word' id='word_1_643' title='bbox 2363 4422 2517 4491; x_wconf 88' lang='lat' dir='ltr'><strong>quasi</strong></span> <span class='ocrx_word' id='word_1_644' title='bbox 2546 4421 2661 4475; x_wconf 89' lang='lat' dir='ltr'><strong>sine</strong></span> <span class='ocrx_word' id='word_1_645' title='bbox 2692 4422 2833 4491; x_wconf 83' lang='lat' dir='ltr'><strong>igne;</strong></span> <span class='ocrx_word' id='word_1_646' title='bbox 2865 4420 3134 4490; x_wconf 88' lang='lat' dir='ltr'><strong>quomodo</strong></span> <span class='ocrx_word' id='word_1_647' title='bbox 3160 4422 3542 4485; x_wconf 90' lang='lat' dir='ltr'><strong>securus,sine</strong></span> <span class='ocrx_word' id='word_1_648' title='bbox 3557 4436 3705 4489; x_wconf 91' lang='lat' dir='ltr'><strong>cura,</strong></span> 
     </span>
    </p>
   </div>
   <div class='ocr_carea' id='block_1_90' title="bbox 439 4499 3491 4582">
    <p class='ocr_par' dir='ltr' id='par_1_90' title="bbox 439 4499 3491 4582">
     <span class='ocr_line' id='line_1_90' title="bbox 439 4499 3491 4582; baseline 0.005 -31"><span class='ocrx_word' id='word_1_649' title='bbox 439 4500 723 4570; x_wconf 70' lang='lat' dir='ltr'><strong>plurimum</strong></span> <span class='ocrx_word' id='word_1_650' title='bbox 770 4506 1143 4565; x_wconf 75' lang='lat' dir='ltr'><strong>peccaverunt.</strong></span> <span class='ocrx_word' id='word_1_651' title='bbox 1192 4499 1264 4553; x_wconf 84' lang='lat' dir='ltr'><strong>De</strong></span> <span class='ocrx_word' id='word_1_652' title='bbox 1314 4515 1418 4568; x_wconf 85' lang='lat' dir='ltr'><strong>quo</strong></span> <span class='ocrx_word' id='word_1_653' title='bbox 1464 4500 1733 4570; x_wconf 88' lang='lat' dir='ltr'><strong>Propheta</strong></span> <span class='ocrx_word' id='word_1_654' title='bbox 1782 4504 2015 4556; x_wconf 89' lang='lat' dir='ltr'><strong>animam</strong></span> <span class='ocrx_word' id='word_1_655' title='bbox 2050 4520 2098 4581; x_wconf 70' lang='grc' dir='ltr'>ι)</span> <span class='ocrx_word' id='word_1_656' title='bbox 2125 4514 2176 4569; x_wconf 83' lang='lat' dir='ltr'><strong>id</strong></span> <span class='ocrx_word' id='word_1_657' title='bbox 2204 4524 2286 4568; x_wconf 83' lang='lat' dir='ltr'><strong>est</strong></span> <span class='ocrx_word' id='word_1_658' title='bbox 2319 4513 2564 4582; x_wconf 80' lang='lat' dir='ltr'><strong>frigidus,</strong></span> <span class='ocrx_word' id='word_1_659' title='bbox 2600 4528 2695 4581; x_wconf 87' lang='lat' dir='ltr'><strong>per</strong></span> <span class='ocrx_word' id='word_1_660' title='bbox 2728 4512 2871 4581; x_wconf 87' lang='lat' dir='ltr'><strong>quod</strong></span> <span class='ocrx_word' id='word_1_661' title='bbox 2909 4512 3148 4567; x_wconf 90' lang='lat' dir='ltr'><strong>inutilem</strong></span> <span class='ocrx_word' id='word_1_662' title='bbox 3186 4512 3491 4582; x_wconf 87' lang='lat' dir='ltr'><strong>accipimus.</strong></span> 
     </span>
    </p>
   </div>
   <div class='ocr_carea' id='block_1_91' title="bbox 435 4589 2016 4664">
    <p class='ocr_par' dir='ltr' id='par_1_91' title="bbox 435 4589 2016 4664">
     <span class='ocr_line' id='line_1_91' title="bbox 435 4589 2016 4664; baseline 0.001 -18"><span class='ocrx_word' id='word_1_663' title='bbox 435 4606 586 4646; x_wconf 85' lang='lat' dir='ltr'><strong>snam</strong></span> <span class='ocrx_word' id='word_1_664' title='bbox 618 4589 893 4645; x_wconf 87' lang='lat' dir='ltr'><strong>liberatam</strong></span> <span class='ocrx_word' id='word_1_665' title='bbox 919 4604 1042 4644; x_wconf 89' lang='lat' dir='ltr'><strong>esse</strong></span> <span class='ocrx_word' id='word_1_666' title='bbox 1062 4589 1259 4659; x_wconf 80' lang='lat' dir='ltr'><strong>gaudet</strong></span> <span class='ocrx_word' id='word_1_667' title='bbox 1282 4589 1417 4662; x_wconf 69' lang='grc' dir='ltr'><strong>[Αι.,</strong></span> <span class='ocrx_word' id='word_1_668' title='bbox 1433 4590 1774 4664; x_wconf 84' lang='lat' dir='ltr'><strong>congaudet],</strong></span> <span class='ocrx_word' id='word_1_669' title='bbox 1794 4593 1977 4648; x_wconf 82' lang='lat' dir='ltr'><strong>dicens</strong></span> <span class='ocrx_word' id='word_1_670' title='bbox 2002 4612 2016 4647; x_wconf 90' lang='lat'><strong>:</strong></span> 
     </span>
    </p>
   </div>
   <div class='ocr_carea' id='block_1_92' title="bbox 507 4764 2017 4886">
    <p class='ocr_par' dir='ltr' id='par_1_92' title="bbox 507 4764 2017 4886">
     <span class='ocr_line' id='line_1_92' title="bbox 507 4764 2017 4886; baseline 0.003 -68"><span class='ocrx_word' id='word_1_671' title='bbox 507 4767 637 4886; x_wconf 58' lang='lat'><strong>27;.</strong></span> <span class='ocrx_word' id='word_1_672' title='bbox 664 4765 725 4820; x_wconf 79' lang='grc' dir='ltr'><strong>Ο.</strong></span> <span class='ocrx_word' id='word_1_673' title='bbox 756 4764 954 4819; x_wconf 84' lang='lat' dir='ltr'><strong>Fronto</strong></span> <span class='ocrx_word' id='word_1_674' title='bbox 982 4783 994 4818; x_wconf 86' lang='lat'><strong>:</strong></span> <span class='ocrx_word' id='word_1_675' title='bbox 1048 4764 1257 4820; x_wconf 83' lang='lat' dir='ltr'><strong>Grande</strong></span> <span class='ocrx_word' id='word_1_676' title='bbox 1280 4766 1606 4833; x_wconf 80' lang='lat' dir='ltr'><strong>incremento,</strong></span> <span class='ocrx_word' id='word_1_677' title='bbox 1636 4786 1876 4840; x_wconf 87' lang='lat' dir='ltr'><strong>magnum</strong></span> <span class='ocrx_word' id='word_1_678' title='bbox 1903 4786 2017 4823; x_wconf 88' lang='lat' dir='ltr'><strong>am-</strong></span> 
     </span>
     <span class='ocr_line' id='line_1_93' title="bbox 507 4838 711 4886; baseline 0.005 -1"><span class='ocrx_word' id='word_1_679' title='bbox 507 4839 567 4886; x_wconf 67' lang='lat' dir='ltr'><strong>iln</strong></span> <span class='ocrx_word' id='word_1_680' title='bbox 613 4838 711 4886; x_wconf 85' lang='lat' dir='ltr'><strong>ine.</strong></span> 
     </span>
    </p>
   </div>
   <div class='ocr_carea' id='block_1_93' title="bbox 477 4838 711 4888">
    <p class='ocr_par' dir='ltr' id='par_1_93' title="bbox 477 4838 711 4888">
     <span class='ocr_line' id='line_1_94' title="bbox 477 4838 711 4888; baseline 0 0"><span class='ocrx_word' id='word_1_681' title='bbox 477 4838 711 4888; x_wconf 85' lang='lat' dir='ltr'><strong>litndine.</strong></span> 
     </span>
    </p>
   </div>
   <div class='ocr_carea' id='block_1_94' title="bbox 438 4855 2016 4982">
    <p class='ocr_par' dir='ltr' id='par_1_94' title="bbox 438 4855 2016 4982">
     <span class='ocr_line' id='line_1_95' title="bbox 477 4855 711 4888; baseline 0 0"><span class='ocrx_word' id='word_1_682' title='bbox 477 4855 711 4888; x_wconf 72' lang='grc' dir='ltr'><strong>ιηυαιηε.</strong></span> 
     </span>
     <span class='ocr_line' id='line_1_96' title="bbox 438 4855 2016 4982; baseline 0.004 -24"><span class='ocrx_word' id='word_1_683' title='bbox 438 4855 471 4905; x_wconf 63' lang='grc' dir='ltr'><strong><em>Ρ</em></strong></span> <span class='ocrx_word' id='word_1_684' title='bbox 508 4905 634 4982; x_wconf 65' lang='lat'><strong>283.</strong></span> <span class='ocrx_word' id='word_1_685' title='bbox 670 4906 793 4961; x_wconf 84' lang='lat' dir='ltr'><strong>AL:</strong></span> <span class='ocrx_word' id='word_1_686' title='bbox 832 4905 1013 4982; x_wconf 80' lang='lat' dir='ltr'><strong>IIonus</strong></span> <span class='ocrx_word' id='word_1_687' title='bbox 1043 4908 1326 4982; x_wconf 71' lang='lat' dir='ltr'><strong>regionum,</strong></span> <span class='ocrx_word' id='word_1_688' title='bbox 1369 4909 1463 4964; x_wconf 85' lang='lat' dir='ltr'><strong>sed</strong></span> <span class='ocrx_word' id='word_1_689' title='bbox 1494 4925 1594 4964; x_wconf 79' lang='lat' dir='ltr'><strong>vox</strong></span> <span class='ocrx_word' id='word_1_690' title='bbox 1648 4911 1912 4982; x_wconf 86' lang='lat' dir='ltr'><strong>regionum</strong></span> <span class='ocrx_word' id='word_1_691' title='bbox 1942 4913 2016 4965; x_wconf 90' lang='lat' dir='ltr'><strong>ir-</strong></span> 
     </span>
    </p>
   </div>
   <div class='ocr_carea' id='block_1_95' title="bbox 440 4976 1241 5100">
    <p class='ocr_par' dir='ltr' id='par_1_95' title="bbox 440 4976 1241 5100">
     <span class='ocr_line' id='line_1_97' title="bbox 440 4976 1241 5045; baseline 0.001 -15"><span class='ocrx_word' id='word_1_692' title='bbox 440 4976 607 5045; x_wconf 86' lang='lat' dir='ltr'><strong>repsit</strong></span> <span class='ocrx_word' id='word_1_693' title='bbox 637 4992 699 5031; x_wconf 82' lang='lat' dir='ltr'><strong>ex</strong></span> <span class='ocrx_word' id='word_1_694' title='bbox 728 4978 969 5043; x_wconf 85' lang='lat' dir='ltr'><strong>sequenti</strong></span> <span class='ocrx_word' id='word_1_695' title='bbox 995 4976 1241 5033; x_wconf 79' lang='lat' dir='ltr'><strong>articulo.</strong></span> 
     </span>
     <span class='ocr_line' id='line_1_98' title="bbox 510 5047 1029 5100; baseline -0.004 -1"><span class='ocrx_word' id='word_1_696' title='bbox 510 5047 637 5099; x_wconf 67' lang='lat'>284.</span> <span class='ocrx_word' id='word_1_697' title='bbox 674 5048 747 5099; x_wconf 78' lang='lat' dir='ltr'><strong>Ex</strong></span> <span class='ocrx_word' id='word_1_698' title='bbox 777 5048 1029 5100; x_wconf 66' lang='lat' dir='ltr'><strong>Aarmtio.</strong></span> 
     </span>
    </p>
   </div>
   <div class='ocr_carea' id='block_1_96' title="bbox 513 5056 1029 5116">
    <p class='ocr_par' dir='ltr' id='par_1_96' title="bbox 513 5056 1029 5116">
     <span class='ocr_line' id='line_1_99' title="bbox 513 5056 1029 5116; baseline -0.004 -17"><span class='ocrx_word' id='word_1_699' title='bbox 513 5056 637 5099; x_wconf 66' lang='lat'><strong>254.</strong></span> <span class='ocrx_word' id='word_1_700' title='bbox 675 5056 747 5099; x_wconf 70' lang='lat' dir='ltr'><strong>Ex</strong></span> <span class='ocrx_word' id='word_1_701' title='bbox 777 5056 1029 5116; x_wconf 70' lang='lat' dir='ltr'><strong>Agraetio.</strong></span> 
     </span>
    </p>
   </div>
   <div class='ocr_carea' id='block_1_97' title="bbox 508 5116 2022 5187">
    <p class='ocr_par' dir='ltr' id='par_1_97' title="bbox 508 5116 2022 5187">
     <span class='ocr_line' id='line_1_100' title="bbox 508 5116 2022 5187; baseline 0.003 -20"><span class='ocrx_word' id='word_1_702' title='bbox 508 5116 728 5187; x_wconf 63' lang='lat' dir='ltr'><strong>285._Ex</strong></span> <span class='ocrx_word' id='word_1_703' title='bbox 745 5119 894 5171; x_wconf 86' lang='lat' dir='ltr'><strong>Serv.</strong></span> <span class='ocrx_word' id='word_1_704' title='bbox 910 5158 924 5181; x_wconf 90' lang='lat'><strong>,</strong></span> <span class='ocrx_word' id='word_1_705' title='bbox 939 5119 1003 5170; x_wconf 89' lang='lat' dir='ltr'><strong>ad</strong></span> <span class='ocrx_word' id='word_1_706' title='bbox 1023 5118 1130 5187; x_wconf 22' lang='lat' dir='ltr'><strong>i||7.t</strong></span> <span class='ocrx_word' id='word_1_707' title='bbox 1155 5116 1277 5171; x_wconf 81' lang='grc' dir='ltr'><strong>ΑΞη.</strong></span> <span class='ocrx_word' id='word_1_708' title='bbox 1302 5117 1529 5187; x_wconf 82' lang='lat' dir='ltr'><strong>:Spoliis</strong></span> <span class='ocrx_word' id='word_1_709' title='bbox 1542 5120 1749 5173; x_wconf 82' lang='lat' dir='ltr'><strong>orientis</strong></span> <span class='ocrx_word' id='word_1_710' title='bbox 1762 5129 2022 5172; x_wconf 86' lang='lat' dir='ltr'><strong>onustum.</strong></span> 
     </span>
    </p>
   </div>
   <div class='ocr_carea' id='block_1_98' title="bbox 511 5184 2023 5262">
    <p class='ocr_par' dir='ltr' id='par_1_98' title="bbox 511 5184 2023 5262">
     <span class='ocr_line' id='line_1_101' title="bbox 511 5184 2023 5262; baseline 0.007 -28"><span class='ocrx_word' id='word_1_711' title='bbox 511 5214 581 5262; x_wconf 76' lang='lat'><strong>-_—</strong></span> <span class='ocrx_word' id='word_1_712' title='bbox 616 5184 775 5262; x_wconf 72' lang='lat' dir='ltr'><strong>Vetus</strong></span> <span class='ocrx_word' id='word_1_713' title='bbox 805 5188 1002 5262; x_wconf 50' lang='grc' dir='ltr'><strong>εἰσεδυ</strong></span> <span class='ocrx_word' id='word_1_714' title='bbox 1034 5186 1219 5262; x_wconf 66' lang='lat' dir='ltr'><strong>Hortus</strong></span> <span class='ocrx_word' id='word_1_715' title='bbox 1259 5184 1440 5262; x_wconf 62' lang='lat' dir='ltr'><strong>nonor.</strong></span> <span class='ocrx_word' id='word_1_716' title='bbox 1461 5196 1594 5262; x_wconf 62' lang='lat' dir='ltr'><strong>:rqu}</strong></span> <span class='ocrx_word' id='word_1_717' title='bbox 1621 5193 1758 5262; x_wconf 57' lang='lat' dir='ltr'><strong>Briau,</strong></span> <span class='ocrx_word' id='word_1_718' title='bbox 1782 5196 1902 5262; x_wconf 78' lang='grc' dir='ltr'><strong>τιμή</strong></span> <span class='ocrx_word' id='word_1_719' title='bbox 1933 5194 2023 5244; x_wconf 71' lang='grc' dir='ltr'><strong>ἀν’</strong></span> 
     </span>
    </p>
   </div>
   <div class='ocr_carea' id='block_1_99' title="bbox 443 5254 2025 5330">
    <p class='ocr_par' dir='ltr' id='par_1_99' title="bbox 443 5254 2025 5330">
     <span class='ocr_line' id='line_1_102' title="bbox 443 5254 2025 5330; baseline 0.004 -21"><span class='ocrx_word' id='word_1_720' title='bbox 443 5256 678 5330; x_wconf 68' lang='grc' dir='ltr'><strong>θρῴπων.</strong></span> <span class='ocrx_word' id='word_1_721' title='bbox 712 5254 880 5330; x_wconf 70' lang='lat' dir='ltr'><strong>Varro</strong></span> <span class='ocrx_word' id='word_1_722' title='bbox 907 5258 1089 5330; x_wconf 80' lang='lat' dir='ltr'><strong>etiam,</strong></span> <span class='ocrx_word' id='word_1_723' title='bbox 1113 5260 1147 5311; x_wconf 78' lang='grc'><strong>4</strong></span> <span class='ocrx_word' id='word_1_724' title='bbox 1182 5256 1249 5311; x_wconf 91' lang='lat' dir='ltr'><strong>de</strong></span> <span class='ocrx_word' id='word_1_725' title='bbox 1278 5257 1431 5327; x_wconf 82' lang='lat' dir='ltr'><strong>Ling.</strong></span> <span class='ocrx_word' id='word_1_726' title='bbox 1458 5254 1574 5315; x_wconf 66' lang='lat' dir='ltr'><strong>La&#39;t.</strong></span> <span class='ocrx_word' id='word_1_727' title='bbox 1609 5275 1624 5314; x_wconf 91' lang='lat'><strong>:</strong></span> <span class='ocrx_word' id='word_1_728' title='bbox 1654 5254 1859 5313; x_wconf 77' lang='lat' dir='ltr'><strong>Dictum</strong></span> <span class='ocrx_word' id='word_1_729' title='bbox 1899 5277 2025 5315; x_wconf 77' lang='lat' dir='ltr'><strong>onus</strong></span> 
     </span>
    </p>
   </div>
   <div class='ocr_carea' id='block_1_100' title="bbox 442 5326 1210 5395">
    <p class='ocr_par' dir='ltr' id='par_1_100' title="bbox 442 5326 1210 5395">
     <span class='ocr_line' id='line_1_103' title="bbox 442 5326 1210 5395; baseline -0.003 -15"><span class='ocrx_word' id='word_1_730' title='bbox 442 5326 489 5382; x_wconf 70' lang='lat' dir='ltr'><strong>ei</strong></span> <span class='ocrx_word' id='word_1_731' title='bbox 516 5326 790 5395; x_wconf 77' lang='lat' dir='ltr'><strong>Itonos_qui</strong></span> <span class='ocrx_word' id='word_1_732' title='bbox 820 5328 1027 5379; x_wconf 81' lang='lat' dir='ltr'><strong>sustinet</strong></span> <span class='ocrx_word' id='word_1_733' title='bbox 1052 5344 1210 5395; x_wconf 87' lang='lat' dir='ltr'><strong>remp.</strong></span> 
     </span>
    </p>
   </div>
   <div class='ocr_carea' id='block_1_101' title="bbox 504 5393 2017 5466">
    <p class='ocr_par' dir='ltr' id='par_1_101' title="bbox 504 5393 2017 5466">
     <span class='ocr_line' id='line_1_104' title="bbox 504 5393 2017 5466; baseline 0.007 -21"><span class='ocrx_word' id='word_1_734' title='bbox 504 5394 632 5466; x_wconf 66' lang='lat'><strong>287.</strong></span> <span class='ocrx_word' id='word_1_735' title='bbox 662 5393 852 5466; x_wconf 80' lang='lat' dir='ltr'><strong>Fusius</strong></span> <span class='ocrx_word' id='word_1_736' title='bbox 881 5398 994 5450; x_wconf 74' lang='lat' dir='ltr'><strong>haec</strong></span> <span class='ocrx_word' id='word_1_737' title='bbox 1024 5393 1319 5466; x_wconf 68' lang='lat' dir='ltr'><strong>diderentia</strong></span> <span class='ocrx_word' id='word_1_738' title='bbox 1346 5398 1628 5466; x_wconf 81' lang='lat' dir='ltr'><strong>exponitur</strong></span> <span class='ocrx_word' id='word_1_739' title='bbox 1658 5396 1710 5450; x_wconf 89' lang='lat' dir='ltr'><strong>in</strong></span> <span class='ocrx_word' id='word_1_740' title='bbox 1737 5397 1873 5453; x_wconf 89' lang='lat' dir='ltr'><strong>libro</strong></span> <span class='ocrx_word' id='word_1_741' title='bbox 1900 5400 2017 5455; x_wconf 82' lang='lat' dir='ltr'><strong>sine</strong></span> 
     </span>
    </p>
   </div>
   <div class='ocr_carea' id='block_1_102' title="bbox 443 5464 2017 5536">
    <p class='ocr_par' dir='ltr' id='par_1_102' title="bbox 443 5464 2017 5536">
     <span class='ocr_line' id='line_1_105' title="bbox 443 5464 2017 5536; baseline 0.006 -21"><span class='ocrx_word' id='word_1_742' title='bbox 443 5464 632 5536; x_wconf 65' lang='lat' dir='ltr'><strong>ordine</strong></span> <span class='ocrx_word' id='word_1_743' title='bbox 654 5464 1014 5536; x_wconf 73' lang='lat' dir='ltr'><strong>alphabeticn,</strong></span> <span class='ocrx_word' id='word_1_744' title='bbox 1042 5483 1191 5523; x_wconf 88' lang='lat' dir='ltr'><strong>num.</strong></span> <span class='ocrx_word' id='word_1_745' title='bbox 1228 5465 1351 5536; x_wconf 74' lang='grc'><strong>154,</strong></span> <span class='ocrx_word' id='word_1_746' title='bbox 1370 5464 1459 5525; x_wconf 86' lang='lat' dir='ltr'><strong>ubi</strong></span> <span class='ocrx_word' id='word_1_747' title='bbox 1482 5468 1724 5524; x_wconf 86' lang='lat' dir='ltr'><strong>nonnihil</strong></span> <span class='ocrx_word' id='word_1_748' title='bbox 1750 5471 2017 5525; x_wconf 87' lang='lat' dir='ltr'><strong>aunotabo</strong></span> 
     </span>
    </p>
   </div>
   <div class='ocr_carea' id='block_1_103' title="bbox 443 5530 1011 5588">
    <p class='ocr_par' dir='ltr' id='par_1_103' title="bbox 443 5530 1011 5588">
     <span class='ocr_line' id='line_1_106' title="bbox 443 5530 1011 5588; baseline 0.004 -2"><span class='ocrx_word' id='word_1_749' title='bbox 443 5545 509 5586; x_wconf 83' lang='lat' dir='ltr'><strong>ex</strong></span> <span class='ocrx_word' id='word_1_750' title='bbox 535 5530 806 5587; x_wconf 59' lang='lat' dir='ltr'><strong>stldaslo.</strong></span> <span class='ocrx_word' id='word_1_751' title='bbox 842 5540 1011 5588; x_wconf 77' lang='lat' dir='ltr'><strong>Anev.</strong></span> 
     </span>
    </p>
   </div>
   <div class='ocr_carea' id='block_1_104' title="bbox 514 5602 1923 5681">
    <p class='ocr_par' dir='ltr' id='par_1_104' title="bbox 514 5602 1923 5681">
     <span class='ocr_line' id='line_1_107' title="bbox 514 5602 1923 5681; baseline 0.006 -25"><span class='ocrx_word' id='word_1_752' title='bbox 514 5602 659 5681; x_wconf 51' lang='grc' dir='ltr'><strong>289.Δ</strong></span> <span class='ocrx_word' id='word_1_753' title='bbox 677 5603 839 5672; x_wconf 73' lang='lat' dir='ltr'><strong>Inferi</strong></span> <span class='ocrx_word' id='word_1_754' title='bbox 862 5606 1117 5681; x_wconf 43' lang='lat' dir='ltr'><strong>i&#39;nfernmn</strong></span> <span class='ocrx_word' id='word_1_755' title='bbox 1143 5619 1217 5661; x_wconf 83' lang='lat' dir='ltr'><strong>est</strong></span> <span class='ocrx_word' id='word_1_756' title='bbox 1248 5618 1473 5681; x_wconf 80' lang='lat' dir='ltr'><strong>uterque</strong></span> <span class='ocrx_word' id='word_1_757' title='bbox 1499 5611 1619 5681; x_wconf 85' lang='lat' dir='ltr'><strong>Ms.,</strong></span> <span class='ocrx_word' id='word_1_758' title='bbox 1649 5610 1923 5665; x_wconf 89' lang='lat' dir='ltr'><strong>mendose.</strong></span> 
     </span>
    </p>
   </div>
   <div class='ocr_carea' id='block_1_105' title="bbox 518 5673 2011 5737">
    <p class='ocr_par' dir='ltr' id='par_1_105' title="bbox 518 5673 2011 5737">
     <span class='ocr_line' id='line_1_108' title="bbox 518 5673 2011 5737; baseline 0.005 -12"><span class='ocrx_word' id='word_1_759' title='bbox 518 5673 795 5729; x_wconf 79' lang='lat' dir='ltr'><strong>--Dicens.</strong></span> <span class='ocrx_word' id='word_1_760' title='bbox 809 5714 844 5729; x_wconf 93' lang='lat'><strong>..</strong></span> <span class='ocrx_word' id='word_1_761' title='bbox 871 5673 1065 5728; x_wconf 85' lang='lat' dir='ltr'><strong>Psalm.</strong></span> <span class='ocrx_word' id='word_1_762' title='bbox 1084 5692 1147 5729; x_wconf 71' lang='grc' dir='ltr'><strong>ιχ</strong></span> <span class='ocrx_word' id='word_1_763' title='bbox 1159 5693 1185 5728; x_wconf 74' lang='lat' dir='ltr'><strong>x</strong></span> <span class='ocrx_word' id='word_1_764' title='bbox 1199 5694 1291 5730; x_wconf 80' lang='lat' dir='ltr'><strong>xv:</strong></span> <span class='ocrx_word' id='word_1_765' title='bbox 1313 5679 1374 5732; x_wconf 81' lang='lat' dir='ltr'><strong>Et</strong></span> <span class='ocrx_word' id='word_1_766' title='bbox 1390 5673 1570 5736; x_wconf 68' lang='lat' dir='ltr'><strong>eruisti</strong></span> <span class='ocrx_word' id='word_1_767' title='bbox 1586 5673 1649 5737; x_wconf 74' lang='lat' dir='ltr'><strong>an</strong></span> <span class='ocrx_word' id='word_1_768' title='bbox 1659 5687 1808 5737; x_wconf 88' lang='lat' dir='ltr'><strong>imam</strong></span> <span class='ocrx_word' id='word_1_769' title='bbox 1831 5696 2011 5735; x_wconf 81' lang='lat' dir='ltr'><strong>meam.</strong></span> 
     </span>
    </p>
   </div>
   <div class='ocr_carea' id='block_1_106' title="bbox 517 5743 1472 5818">
    <p class='ocr_par' dir='ltr' id='par_1_106' title="bbox 517 5743 1472 5818">
     <span class='ocr_line' id='line_1_109' title="bbox 517 5743 1472 5818; baseline 0.012 -24"><span class='ocrx_word' id='word_1_770' title='bbox 517 5743 643 5799; x_wconf 68' lang='lat' dir='ltr'><strong>Q‘Jl.</strong></span> <span class='ocrx_word' id='word_1_771' title='bbox 678 5745 972 5816; x_wconf 71' lang='lat' dir='ltr'><strong>Etymolog.</strong></span> <span class='ocrx_word' id='word_1_772' title='bbox 1004 5746 1099 5801; x_wconf 85' lang='lat' dir='ltr'><strong>lib.</strong></span> <span class='ocrx_word' id='word_1_773' title='bbox 1129 5762 1240 5814; x_wconf 86' lang='lat' dir='ltr'><strong>vm,</strong></span> <span class='ocrx_word' id='word_1_774' title='bbox 1275 5762 1391 5818; x_wconf 87' lang='lat' dir='ltr'><strong>cap.</strong></span> <span class='ocrx_word' id='word_1_775' title='bbox 1422 5753 1472 5805; x_wconf 86' lang='lat'><strong>9.</strong></span> 
     </span>
    </p>
   </div>
   <div class='ocr_carea' id='block_1_107' title="bbox 2197 4602 3704 4674">
    <p class='ocr_par' dir='ltr' id='par_1_107' title="bbox 2197 4602 3704 4674">
     <span class='ocr_line' id='line_1_110' title="bbox 2197 4602 3704 4674; baseline 0.001 -18"><span class='ocrx_word' id='word_1_776' title='bbox 2197 4604 2321 4661; x_wconf 76' lang='grc'><strong>297.</strong></span> <span class='ocrx_word' id='word_1_777' title='bbox 2364 4604 2508 4659; x_wconf 90' lang='lat' dir='ltr'><strong>Inter</strong></span> <span class='ocrx_word' id='word_1_778' title='bbox 2535 4603 2787 4657; x_wconf 75' lang='lat' dir='ltr'><strong>Insanum</strong></span> <span class='ocrx_word' id='word_1_779' title='bbox 2808 4612 2865 4658; x_wconf 91' lang='lat' dir='ltr'><strong>et</strong></span> <span class='ocrx_word' id='word_1_780' title='bbox 2884 4603 3242 4657; x_wconf 80' lang='lat' dir='ltr'><strong>insanientem.</strong></span> <span class='ocrx_word' id='word_1_781' title='bbox 3276 4602 3497 4659; x_wconf 90' lang='lat' dir='ltr'><strong>Insanus</strong></span> <span class='ocrx_word' id='word_1_782' title='bbox 3517 4610 3596 4658; x_wconf 87' lang='lat' dir='ltr'><strong>est</strong></span> <span class='ocrx_word' id='word_1_783' title='bbox 3617 4602 3704 4674; x_wconf 86' lang='lat' dir='ltr'><strong>qui</strong></span> 
     </span>
    </p>
   </div>
   <div class='ocr_carea' id='block_1_108' title="bbox 2199 4773 3706 4856">
    <p class='ocr_par' dir='ltr' id='par_1_108' title="bbox 2199 4773 3706 4856">
     <span class='ocr_line' id='line_1_111' title="bbox 2199 4773 3706 4856; baseline 0.001 -26"><span class='ocrx_word' id='word_1_784' title='bbox 2199 4776 2337 4856; x_wconf 78' lang='lat' dir='ltr'><strong>Ibid.</strong></span> <span class='ocrx_word' id='word_1_785' title='bbox 2367 4776 2633 4856; x_wconf 80' lang='lat' dir='ltr'><strong>Barthius,</strong></span> <span class='ocrx_word' id='word_1_786' title='bbox 2659 4776 2752 4830; x_wconf 90' lang='lat' dir='ltr'><strong>lib.</strong></span> <span class='ocrx_word' id='word_1_787' title='bbox 2784 4791 2848 4828; x_wconf 76' lang='grc' dir='ltr'><strong>ιι.</strong></span> <span class='ocrx_word' id='word_1_788' title='bbox 2895 4773 3203 4856; x_wconf 44' lang='lat' dir='ltr'><strong>Adversa...</strong></span> <span class='ocrx_word' id='word_1_789' title='bbox 3255 4788 3306 4856; x_wconf 59' lang='grc' dir='ltr'><strong>(ξ.</strong></span> <span class='ocrx_word' id='word_1_790' title='bbox 3355 4776 3442 4844; x_wconf 79' lang='lat' dir='ltr'><strong>Il),</strong></span> <span class='ocrx_word' id='word_1_791' title='bbox 3492 4778 3547 4831; x_wconf 90' lang='lat' dir='ltr'><strong>in</strong></span> <span class='ocrx_word' id='word_1_792' title='bbox 3594 4778 3706 4832; x_wconf 82' lang='lat' dir='ltr'><strong>suis</strong></span> 
     </span>
    </p>
   </div>
   <div class='ocr_carea' id='block_1_109' title="bbox 2128 4848 3706 4917">
    <p class='ocr_par' dir='ltr' id='par_1_109' title="bbox 2128 4848 3706 4917">
     <span class='ocr_line' id='line_1_112' title="bbox 2128 4848 3706 4917; baseline -0.001 -17"><span class='ocrx_word' id='word_1_793' title='bbox 2128 4849 2451 4901; x_wconf 88' lang='lat' dir='ltr'><strong>membranis</strong></span> <span class='ocrx_word' id='word_1_794' title='bbox 2491 4848 2943 4917; x_wconf 82' lang='lat' dir='ltr'><strong>verba_c0rrupta</strong></span> <span class='ocrx_word' id='word_1_795' title='bbox 2986 4848 3189 4917; x_wconf 86' lang='lat' dir='ltr'><strong>invenit</strong></span> <span class='ocrx_word' id='word_1_796' title='bbox 3233 4854 3281 4899; x_wconf 87' lang='lat' dir='ltr'><strong>et</strong></span> <span class='ocrx_word' id='word_1_797' title='bbox 3336 4863 3471 4917; x_wconf 71' lang='lat' dir='ltr'><strong>stupe</strong></span> <span class='ocrx_word' id='word_1_798' title='bbox 3517 4859 3706 4917; x_wconf 84' lang='lat' dir='ltr'><strong>cogunt</strong></span> 
     </span>
    </p>
   </div>
   <div class='ocr_carea' id='block_1_110' title="bbox 2127 4915 3703 4990">
    <p class='ocr_par' dir='ltr' id='par_1_110' title="bbox 2127 4915 3703 4990">
     <span class='ocr_line' id='line_1_113' title="bbox 2127 4915 3703 4990; baseline 0.001 -20"><span class='ocrx_word' id='word_1_799' title='bbox 2127 4932 2363 4987; x_wconf 83' lang='lat' dir='ltr'><strong>corpora,</strong></span> <span class='ocrx_word' id='word_1_800' title='bbox 2395 4926 2449 4971; x_wconf 90' lang='lat' dir='ltr'><strong>et</strong></span> <span class='ocrx_word' id='word_1_801' title='bbox 2472 4932 2535 4969; x_wconf 78' lang='lat' dir='ltr'><strong>ex</strong></span> <span class='ocrx_word' id='word_1_802' title='bbox 2560 4915 2866 4990; x_wconf 83' lang='lat' dir='ltr'><strong>conjectura</strong></span> <span class='ocrx_word' id='word_1_803' title='bbox 2897 4915 3211 4985; x_wconf 81' lang='lat' dir='ltr'><strong>reponebat,</strong></span> <span class='ocrx_word' id='word_1_804' title='bbox 3262 4926 3309 4970; x_wconf 86' lang='lat' dir='ltr'><strong>et</strong></span> <span class='ocrx_word' id='word_1_805' title='bbox 3355 4915 3443 4988; x_wconf 83' lang='lat' dir='ltr'><strong>qui</strong></span> <span class='ocrx_word' id='word_1_806' title='bbox 3495 4915 3703 4990; x_wconf 59' lang='lat' dir='ltr'><strong>surgere</strong></span> 
     </span>
    </p>
   </div>
   <div class='ocr_carea' id='block_1_111' title="bbox 2128 4986 3706 5141">
    <p class='ocr_par' dir='ltr' id='par_1_111' title="bbox 2128 4986 3706 5141">
     <span class='ocr_line' id='line_1_114' title="bbox 2128 4986 3606 5058; baseline 0.001 -18"><span class='ocrx_word' id='word_1_807' title='bbox 2128 4986 2314 5058; x_wconf 74' lang='lat' dir='ltr'><strong>cogunt</strong></span> <span class='ocrx_word' id='word_1_808' title='bbox 2338 5003 2573 5057; x_wconf 85' lang='lat' dir='ltr'><strong>corpora,</strong></span> <span class='ocrx_word' id='word_1_809' title='bbox 2596 5001 2700 5041; x_wconf 83' lang='lat' dir='ltr'><strong>etc.</strong></span> <span class='ocrx_word' id='word_1_810' title='bbox 2728 4986 2898 5041; x_wconf 76' lang='lat' dir='ltr'><strong>Anev.</strong></span> <span class='ocrx_word' id='word_1_811' title='bbox 3368 4986 3374 4988; x_wconf 51' lang='grc'>⁷</span> <span class='ocrx_word' id='word_1_812' title='bbox 3588 4986 3606 4990; x_wconf 61' lang='grc'>’</span> 
     </span>
     <span class='ocr_line' id='line_1_115' title="bbox 2153 5054 3706 5141; baseline 0.001 -29"><span class='ocrx_word' id='word_1_813' title='bbox 2153 5128 2163 5141; x_wconf 41' lang='grc'><strong><em>⁸</em></strong></span> <span class='ocrx_word' id='word_1_814' title='bbox 2385 5057 2460 5113; x_wconf 79' lang='lat' dir='ltr'><strong>Ex</strong></span> <span class='ocrx_word' id='word_1_815' title='bbox 2486 5057 2671 5121; x_wconf 89' lang='lat' dir='ltr'><strong>Serv.,</strong></span> <span class='ocrx_word' id='word_1_816' title='bbox 2715 5054 2845 5111; x_wconf 70' lang='lat' dir='ltr'><strong>IEn.</strong></span> <span class='ocrx_word' id='word_1_817' title='bbox 2880 5073 2894 5112; x_wconf 88' lang='lat'><strong>:</strong></span> <span class='ocrx_word' id='word_1_818' title='bbox 2926 5057 2985 5112; x_wconf 85' lang='lat' dir='ltr'><strong>Is</strong></span> <span class='ocrx_word' id='word_1_819' title='bbox 3012 5076 3171 5131; x_wconf 84' lang='lat' dir='ltr'><strong>genus</strong></span> <span class='ocrx_word' id='word_1_820' title='bbox 3198 5059 3436 5113; x_wconf 86' lang='lat' dir='ltr'><strong>indocile.</strong></span> <span class='ocrx_word' id='word_1_821' title='bbox 3485 5060 3597 5127; x_wconf 74' lang='lat' dir='ltr'><strong>AL,</strong></span> <span class='ocrx_word' id='word_1_822' title='bbox 3625 5060 3706 5114; x_wconf 89' lang='lat' dir='ltr'><strong>in-</strong></span> 
     </span>
    </p>
   </div>
   <div class='ocr_carea' id='block_1_112' title="bbox 2130 5128 3057 5261">
    <p class='ocr_par' dir='ltr' id='par_1_112' title="bbox 2130 5128 3057 5261">
     <span class='ocr_line' id='line_1_116' title="bbox 2130 5128 3029 5181; baseline 0 0"><span class='ocrx_word' id='word_1_823' title='bbox 2130 5128 2382 5181; x_wconf 85' lang='lat' dir='ltr'><strong>docibitis.</strong></span> <span class='ocrx_word' id='word_1_824' title='bbox 3015 5128 3029 5131; x_wconf 70' lang='grc'><strong>⁷</strong></span> 
     </span>
     <span class='ocr_line' id='line_1_117' title="bbox 2200 5196 3057 5261; baseline 0.001 -11"><span class='ocrx_word' id='word_1_825' title='bbox 2200 5229 2271 5239; x_wconf 90' lang='lat'><strong>-—</strong></span> <span class='ocrx_word' id='word_1_826' title='bbox 2299 5196 2483 5252; x_wconf 82' lang='lat' dir='ltr'><strong>Discit.</strong></span> <span class='ocrx_word' id='word_1_827' title='bbox 2506 5226 2530 5238; x_wconf 91' lang='lat'><strong>-</strong></span> <span class='ocrx_word' id='word_1_828' title='bbox 2554 5196 2782 5261; x_wconf 85' lang='lat' dir='ltr'><strong>Didicit,</strong></span> <span class='ocrx_word' id='word_1_829' title='bbox 2808 5212 2875 5252; x_wconf 79' lang='lat' dir='ltr'><strong>ex</strong></span> <span class='ocrx_word' id='word_1_830' title='bbox 2901 5197 3057 5253; x_wconf 89' lang='lat' dir='ltr'><strong>Serv.</strong></span> 
     </span>
    </p>
   </div>
   <div class='ocr_carea' id='block_1_113' title="bbox 2202 5266 3595 5333">
    <p class='ocr_par' dir='ltr' id='par_1_113' title="bbox 2202 5266 3595 5333">
     <span class='ocr_line' id='line_1_118' title="bbox 2202 5266 3595 5333; baseline 0 -12"><span class='ocrx_word' id='word_1_831' title='bbox 2202 5268 2332 5323; x_wconf 70' lang='lat'><strong>295.</strong></span> <span class='ocrx_word' id='word_1_832' title='bbox 2360 5266 2435 5320; x_wconf 77' lang='lat' dir='ltr'><strong>Ex</strong></span> <span class='ocrx_word' id='word_1_833' title='bbox 2463 5268 2644 5333; x_wconf 89' lang='lat' dir='ltr'><strong>Serv.,</strong></span> <span class='ocrx_word' id='word_1_834' title='bbox 2676 5268 2742 5321; x_wconf 89' lang='lat' dir='ltr'><strong>ad</strong></span> <span class='ocrx_word' id='word_1_835' title='bbox 2774 5268 2848 5321; x_wconf 86' lang='lat' dir='ltr'><strong>ill.</strong></span> <span class='ocrx_word' id='word_1_836' title='bbox 2881 5284 2911 5320; x_wconf 83' lang='lat' dir='ltr'><strong>x</strong></span> <span class='ocrx_word' id='word_1_837' title='bbox 2941 5267 3065 5321; x_wconf 65' lang='lat' dir='ltr'><strong>Ain.</strong></span> <span class='ocrx_word' id='word_1_838' title='bbox 3093 5284 3105 5319; x_wconf 90' lang='grc'>;</span> <span class='ocrx_word' id='word_1_839' title='bbox 3143 5266 3328 5322; x_wconf 87' lang='lat' dir='ltr'><strong>Omnes</strong></span> <span class='ocrx_word' id='word_1_840' title='bbox 3350 5269 3595 5321; x_wconf 85' lang='lat' dir='ltr'><strong>innocua.</strong></span> 
     </span>
    </p>
   </div>
   <div class='ocr_carea' id='block_1_114' title="bbox 2203 5336 3702 5407">
    <p class='ocr_par' dir='ltr' id='par_1_114' title="bbox 2203 5336 3702 5407">
     <span class='ocr_line' id='line_1_119' title="bbox 2203 5336 3702 5407; baseline -0.004 -15"><span class='ocrx_word' id='word_1_841' title='bbox 2203 5338 2329 5394; x_wconf 72' lang='lat'><strong>295.</strong></span> <span class='ocrx_word' id='word_1_842' title='bbox 2363 5336 2439 5390; x_wconf 79' lang='lat' dir='ltr'><strong>Ex</strong></span> <span class='ocrx_word' id='word_1_843' title='bbox 2464 5338 2618 5392; x_wconf 82' lang='lat' dir='ltr'><strong>Serv.</strong></span> <span class='ocrx_word' id='word_1_844' title='bbox 2647 5339 2711 5391; x_wconf 90' lang='lat' dir='ltr'><strong>ad</strong></span> <span class='ocrx_word' id='word_1_845' title='bbox 2741 5338 2819 5391; x_wconf 90' lang='lat' dir='ltr'><strong>ilI.</strong></span> <span class='ocrx_word' id='word_1_846' title='bbox 2846 5352 2861 5390; x_wconf 93' lang='lat' dir='ltr'><strong>I</strong></span> <span class='ocrx_word' id='word_1_847' title='bbox 2886 5338 2990 5392; x_wconf 64' lang='lat' dir='ltr'><strong>Eu</strong></span> <span class='ocrx_word' id='word_1_848' title='bbox 3040 5337 3255 5403; x_wconf 84' lang='lat' dir='ltr'><strong>:Neque</strong></span> <span class='ocrx_word' id='word_1_849' title='bbox 3279 5339 3411 5390; x_wconf 85' lang='lat' dir='ltr'><strong>enim</strong></span> <span class='ocrx_word' id='word_1_850' title='bbox 3432 5340 3598 5407; x_wconf 82' lang='lat' dir='ltr'><strong>ignari</strong></span> <span class='ocrx_word' id='word_1_851' title='bbox 3618 5355 3702 5407; x_wconf 73' lang='lat' dir='ltr'><strong>sn-</strong></span> 
     </span>
    </p>
   </div>
   <div class='ocr_carea' id='block_1_115' title="bbox 2122 5406 3698 5478">
    <p class='ocr_par' dir='ltr' id='par_1_115' title="bbox 2122 5406 3698 5478">
     <span class='ocr_line' id='line_1_120' title="bbox 2122 5406 3698 5478; baseline 0 -17"><span class='ocrx_word' id='word_1_852' title='bbox 2122 5422 2233 5461; x_wconf 81' lang='lat' dir='ltr'><strong>mus</strong></span> <span class='ocrx_word' id='word_1_853' title='bbox 2260 5418 2384 5478; x_wconf 64' lang='lat' dir='ltr'><strong>ante</strong></span> <span class='ocrx_word' id='word_1_854' title='bbox 2406 5407 2679 5459; x_wconf 83' lang='lat' dir='ltr'><strong>malorum.</strong></span> <span class='ocrx_word' id='word_1_855' title='bbox 2700 5409 2827 5478; x_wconf 72' lang='lat' dir='ltr'><strong>Ipse</strong></span> <span class='ocrx_word' id='word_1_856' title='bbox 2858 5408 3158 5478; x_wconf 84' lang='lat' dir='ltr'><strong>Etymolog.</strong></span> <span class='ocrx_word' id='word_1_857' title='bbox 3196 5410 3287 5463; x_wconf 90' lang='lat' dir='ltr'><strong>lib.</strong></span> <span class='ocrx_word' id='word_1_858' title='bbox 3320 5424 3348 5461; x_wconf 74' lang='grc' dir='ltr'><strong>χ</strong></span> <span class='ocrx_word' id='word_1_859' title='bbox 3373 5450 3387 5470; x_wconf 85' lang='grc'>,</span> <span class='ocrx_word' id='word_1_860' title='bbox 3440 5406 3614 5464; x_wconf 75' lang='lat' dir='ltr'><strong>littera</strong></span> <span class='ocrx_word' id='word_1_861' title='bbox 3649 5406 3698 5461; x_wconf 86' lang='grc' dir='ltr'><strong>Ι.</strong></span> 
     </span>
    </p>
   </div>
   <div class='ocr_carea' id='block_1_116' title="bbox 2190 5475 3699 5546">
    <p class='ocr_par' dir='ltr' id='par_1_116' title="bbox 2190 5475 3699 5546">
     <span class='ocr_line' id='line_1_121' title="bbox 2190 5475 3699 5546; baseline 0.001 -17"><span class='ocrx_word' id='word_1_862' title='bbox 2190 5479 2317 5534; x_wconf 65' lang='grc'><strong>296.</strong></span> <span class='ocrx_word' id='word_1_863' title='bbox 2347 5476 2514 5543; x_wconf 88' lang='lat' dir='ltr'><strong>Fest.,</strong></span> <span class='ocrx_word' id='word_1_864' title='bbox 2544 5477 2668 5531; x_wconf 90' lang='lat' dir='ltr'><strong>dict.</strong></span> <span class='ocrx_word' id='word_1_865' title='bbox 2689 5475 2859 5542; x_wconf 85' lang='lat' dir='ltr'><strong>Iners,</strong></span> <span class='ocrx_word' id='word_1_866' title='bbox 2902 5475 2983 5531; x_wconf 79' lang='lat' dir='ltr'><strong>est</strong></span> <span class='ocrx_word' id='word_1_867' title='bbox 3018 5475 3194 5535; x_wconf 79' lang='lat' dir='ltr'><strong>autem</strong></span> <span class='ocrx_word' id='word_1_868' title='bbox 3210 5496 3274 5534; x_wconf 79' lang='lat' dir='ltr'><strong>ex</strong></span> <span class='ocrx_word' id='word_1_869' title='bbox 3301 5480 3477 5546; x_wconf 89' lang='lat' dir='ltr'><strong>Serv.,</strong></span> <span class='ocrx_word' id='word_1_870' title='bbox 3512 5482 3699 5532; x_wconf 82' lang='lat' dir='ltr'><strong>aditl.t</strong></span> 
     </span>
    </p>
   </div>
   <div class='ocr_carea' id='block_1_117' title="bbox 2120 5546 3694 5675">
    <p class='ocr_par' dir='ltr' id='par_1_117' title="bbox 2120 5546 3694 5675">
     <span class='ocr_line' id='line_1_122' title="bbox 2120 5546 3694 5675; baseline 0.001 -73"><span class='ocrx_word' id='word_1_871' title='bbox 2120 5546 2252 5675; x_wconf 58' lang='grc' dir='ltr'><strong>ῐᾷῗιιέ.</strong></span> <span class='ocrx_word' id='word_1_872' title='bbox 2280 5546 2533 5670; x_wconf 69' lang='lat' dir='ltr'><strong>:Ilnslanl</strong></span> <span class='ocrx_word' id='word_1_873' title='bbox 2562 5549 2794 5602; x_wconf 80' lang='lat' dir='ltr'><strong>ardentes</strong></span> <span class='ocrx_word' id='word_1_874' title='bbox 2820 5546 2999 5616; x_wconf 84' lang='lat' dir='ltr'><strong>Tyrii;</strong></span> <span class='ocrx_word' id='word_1_875' title='bbox 3025 5549 3139 5620; x_wconf 84' lang='lat' dir='ltr'><strong>ipse</strong></span> <span class='ocrx_word' id='word_1_876' title='bbox 3175 5551 3476 5622; x_wconf 83' lang='lat' dir='ltr'><strong>Etymolog.</strong></span> <span class='ocrx_word' id='word_1_877' title='bbox 3512 5550 3605 5606; x_wconf 88' lang='lat' dir='ltr'><strong>lib.</strong></span> <span class='ocrx_word' id='word_1_878' title='bbox 3643 5565 3694 5616; x_wconf 72' lang='grc' dir='ltr'><strong>ι,</strong></span> 
     </span>
     <span class='ocr_line' id='line_1_123' title="bbox 2141 5634 2361 5673; baseline -0.005 0"><span class='ocrx_word' id='word_1_879' title='bbox 2141 5637 2156 5673; x_wconf 87' lang='grc' dir='ltr'><strong><em>ι</em></strong></span> <span class='ocrx_word' id='word_1_880' title='bbox 2237 5634 2292 5672; x_wconf 88' lang='lat' dir='ltr'><strong>ra</strong></span> <span class='ocrx_word' id='word_1_881' title='bbox 2346 5656 2361 5672; x_wconf 93' lang='lat'><strong>.</strong></span> 
     </span>
    </p>
   </div>
   <div class='ocr_carea' id='block_1_118' title="bbox 2141 5634 2361 5673">
    <p class='ocr_par' dir='ltr' id='par_1_118' title="bbox 2141 5634 2361 5673">
     <span class='ocr_line' id='line_1_124' title="bbox 2141 5634 2361 5673; baseline 0 -1"><span class='ocrx_word' id='word_1_882' title='bbox 2141 5634 2292 5673; x_wconf 69' lang='lat' dir='ltr'><strong>litera</strong></span> <span class='ocrx_word' id='word_1_883' title='bbox 2311 5634 2361 5672; x_wconf 83' lang='grc' dir='ltr'><strong>ι.</strong></span> 
     </span>
    </p>
   </div>
   <div class='ocr_carea' id='block_1_119' title="bbox 2193 5688 3107 5761">
    <p class='ocr_par' dir='ltr' id='par_1_119' title="bbox 2193 5688 3107 5761">
     <span class='ocr_line' id='line_1_125' title="bbox 2193 5688 3107 5761; baseline 0 -16"><span class='ocrx_word' id='word_1_884' title='bbox 2193 5718 2262 5730; x_wconf 92' lang='lat'><strong>——</strong></span> <span class='ocrx_word' id='word_1_885' title='bbox 2287 5688 2586 5761; x_wconf 81' lang='lat' dir='ltr'><strong>Etymolog.</strong></span> <span class='ocrx_word' id='word_1_886' title='bbox 2622 5689 2715 5746; x_wconf 89' lang='lat' dir='ltr'><strong>lib.</strong></span> <span class='ocrx_word' id='word_1_887' title='bbox 2741 5704 2770 5744; x_wconf 72' lang='grc' dir='ltr'>ι</span> <span class='ocrx_word' id='word_1_888' title='bbox 2792 5730 2807 5758; x_wconf 87' lang='grc'><strong><em>,</em></strong></span> <span class='ocrx_word' id='word_1_889' title='bbox 2836 5690 3011 5747; x_wconf 89' lang='lat' dir='ltr'><strong>littera</strong></span> <span class='ocrx_word' id='word_1_890' title='bbox 3046 5690 3107 5747; x_wconf 89' lang='lat' dir='ltr'><strong>S.</strong></span> 
     </span>
    </p>
   </div>
  </div>
