4104 6172
334 249 404 301 rs
1424 224 1425 227 ‘
1552 232 1945 292 DIFFERENT

2059 231 2170 287 LUM
2214 230 2343 286 LIB.
2385 230 2424 283 I.
3284 284 3287 287 .
3559 241 3626 295 46

410 365 540 417 33$.
573 361 716 414 Inter
754 359 942 413 Laetari
974 376 1026 413 ei
1056 357 1333 428 gratulari.
1364 356 1631 411 laetamur
1651 353 1720 408 de
1742 352 1939 406 nostris
1967 354 2019 411 Α
2114 350 2238 405 545.
2271 350 2414 404 Inter
2444 349 2635 403 Laztum
2679 358 2735 404 et
2773 349 2987 405 let/iam.
3032 349 3233 405 Laetum
3279 351 3620 421 gaudentem,

336 456 519 515 bonis,
549 453 880 522 gratulamur
907 452 973 503 de
1013 449 1307 503 amicorum
1339 447 1581 519 [Agrtet.,
1630 443 1864 515 alienis].

410 545 541 597 555.
572 545 714 597 Inter
739 541 928 611 Legere
951 551 1004 595 et
1028 542 1273 593 lectitare.
1299 538 1501 607 Legere
1522 537 1590 591 ad
1613 547 1824 603 tempus
1852 549 1939 588 re-

339 636 513 690 fertur
534 675 550 698 ,
585 634 825 686 lectitare
852 631 919 685 ad
950 630 1329 699 frequentiam.
1363 626 1636 682 Interdum
1668 634 1723 680 et
1765 626 1937 693 legere

338 731 619 784 nauticum
659 728 879 781 verbum
930 736 1036 791 est,
1064 727 1188 796 quia
1221 734 1274 781 et
1320 724 1468 778 navis
1509 724 1704 778 dicitur
1761 723 1940 793 legere

338 821 605 889 quidquid
640 818 857 870 transit.

416 911 545 964 556.
602 910 744 963 Inter
791 910 1007 961 Labium
1054 917 1108 960 et
1152 907 1372 962 labrum.
1426 906 1648 960 Labium
1694 908 1940 974 superius

342 1004 609 1065 dicimus,
641 1002 845 1053 labrum
882 999 1123 1054 inferius.
1157 998 1432 1061 Roslrum,
1471 1015 1576 1051 non
1610 999 1709 1052 nisi
1739 998 1936 1063 avium,

340 1094 491 1162 quod
522 1094 799 1146 incurvum
848 1101 952 1145 est.
1009 1090 1309 1143 Vanissime
1346 1100 1522 1144 autem
1560 1088 1775 1159 quidam
1811 1091 1939 1143 n‘ti-

345 1196 438 1237 tur
479 1183 615 1255 [Al.,
662 1179 904 1252 tentant]
948 1180 1123 1236 facere
1161 1179 1560 1244 discretionem,
1610 1190 1665 1234 ιιι
1706 1180 1938 1234 virorum

344 1278 523 1340 labra,
554 1277 835 1330 mulierum
870 1274 1005 1328 labia
1039 1276 1283 1328 dicantur
1305 1272 1438 1344 [ΑΛ.
1469 1269 1693 1342 dicant].

420 1366 548 1421 537.
602 1368 744 1419 Inter
773 1365 1072 1417 Lactantem
1111 1372 1165 1417 et
1214 1365 1514 1428 lactentem,
1550 1363 1692 1431 quod
1739 1362 1943 1416 lactans

347 1470 437 1516 est
469 1476 590 1527 quae
620 1460 701 1513 Iac
724 1458 946 1526 pra2bet,
982 1458 1185 1512 lactens
1216 1457 1301 1511 cui
1332 1456 1616 1526 praibetur.

424 1550 551 1604 558.
586 1549 731 1603 Inter
769 1547 925 1617 Leges
961 1556 1017 1601 et
1046 1548 1193 1612 jura.
1240 1547 1334 1601 Jus
1380 1547 1589 1611 dicitur,
1635 1546 1721 1600 lex
1753 1545 1942 1601 scribi.

351 1652 461 1695 tur.
508 1640 661 1695 Unde
701 1651 755 1693 et
798 1639 1053 1709 Virgilius
1097 1656 1111 1692 :
1156 1639 1289 1693 Jara
1325 1640 1479 1693 dabat
1526 1640 1758 1711 legesque
1800 1641 1940 1693 viris.

2043 440 2244 496 lethnm
2278 456 2422 494 mors
2452 441 2662 496 dicitur.

2109 535 2237 591 544.
2286 535 2429 589 Inter
2478 534 2695 587 Labiam
2742 545 2793 590 et
2836 535 3062 589 labrum.
3091 534 3310 591 Labinm
3358 539 3497 601 oris;
3548 545 3624 593 la-

2040 626 2193 681 brum
2225 626 2392 689 vasis,
2423 641 2451 678 a
2475 636 2672 691 rostro,
2702 626 2841 695 quod
2866 627 3139 679 incurvum
3169 639 3270 683 est.

2111 715 2236 771 545.
2297 717 2439 772 Inter
2492 716 2778 788 Lympham
2845 726 2900 769 et
2965 716 3263 787 nympham.
3330 717 3621 791 Lympham

2040 823 2255 879 aquam,
2292 808 2580 879 nympham
2606 809 2780 861 deam.
2889 869 2892 872 ,

2110 900 2236 952 546.
2267 897 2408 952 Inter
2436 896 2601 950 Litem
2627 905 2682 951 et
2710 898 2898 951 rixam.
2931 896 3020 950 Lis
3049 896 3186 951 inter
3214 898 3346 952 duos
3381 902 3627 954 commit-

2043 992 2191 1059 titur,
2213 1000 2265 1043 et
2286 1000 2427 1044 mota
2451 988 2665 1055 linitur;
2686 988 2817 1043 Rixa
2843 988 2981 1042 inter
3007 989 3204 1043 multos
3226 1000 3273 1043 et
3298 988 3474 1059 jurgio
3490 989 3625 1063 (AL,

2044 1080 2264 1152 injuria]
2293 1089 2523 1135 constat.

2113 1172 2239 1228 547.
2274 1174 2414 1227 Inter
2438 1170 2588 1242 Ligat
2618 1179 2673 1225 et
2704 1171 2853 1240 legat.
2891 1169 3043 1241 Ligat
3080 1170 3199 1240 quis
3227 1171 3461 1237 vinculo,
3493 1172 3631 1241 legit

2046 1272 2391 1320 testamento.

2117 1358 2225 1428 46
2251 1356 2375 1411 548.
2428 1356 2569 1411 Inter
2606 1354 2785 1409 Limen
2835 1365 2888 1409 et
2936 1354 3166 1408 limitem.
3202 1354 3386 1410 Limen
3434 1355 3626 1408 mdium

2048 1461 2151 1516 est,
2188 1452 2340 1504 limes
2369 1449 2646 1518 regionum
2682 1448 2767 1501 vel
2799 1448 3001 1500 ﬁnium.

2117 1540 2243 1596 549.
2291 1541 2434 1595 Inter
2486 1541 2633 1593 Libat
2689 1548 2744 1594 et
2788 1538 3038 1593 immolat.
3092 1538 3310 1593 Veteres
3354 1538 3636 1593 immolare

2049 1632 2318 1698 dicebant,
2346 1630 2558 1701 quando
2586 1630 2829 1684 victimas
2859 1630 2910 1681 in
2937 1630 3075 1681 mole
3106 1625 3235 1700 [ΑΛ.
3261 1626 3425 1698 mola]
3454 1628 3636 1681 altaris

352 1734 486 1787 Item
537 1732 683 1799 leges
729 1731 996 1797 humanae,
1024 1731 1145 1799 jura
1174 1730 1279 1802 45
1306 1730 1484 1785 divina
1529 1742 1674 1785 sunt.
1718 1730 1946 1800 Ideoque
1978 1731 2023 1788 Β
2055 1734 2311 1793 ponentes
2340 1724 2513 1792 ignem
2540 1723 2813 1777 sacriﬁciis
2845 1721 2976 1794 [Al.,
3008 1718 3351 1790 sacriﬁcium]
3381 1720 3636 1791 subjicie-

350 1832 406 1875 et
431 1821 799 1889 juramenlum
843 1820 1037 1872 dicitur
1085 1819 1135 1872 id
1174 1830 1280 1881 est,
1324 1830 1721 1873 sacramentum
1752 1819 1803 1874 in
1838 1819 1948 1873 Deo

351 1912 483 1982 [Αιη
514 1908 786 1981 Domino].
820 1910 959 1965 Ilinc
984 1919 1038 1964 et
1062 1911 1312 1980 Virgilius
1341 1928 1356 1967 :

544 2024 641 2073 Fas
675 2023 792 2072 mihi
833 2024 1091 2073 Graiorum
1116 2030 1301 2073 sacrata
1336 2025 1586 2073 resolvere
1608 2026 1732 2086 jura.

429 2130 557 2185 33‘).
588 2127 733 2181 Inter
766 2126 922 2197 Leges
951 2136 1004 2182 et
1032 2143 1217 2180 mores.
1278 2128 1381 2181 Lex
1413 2138 1494 2183 est
1534 2130 1745 2194 scriptis
1784 2128 1947 2192 edita,

355 2236 476 2276 mo.-
504 2230 685 2273 autem
714 2221 797 2273 lex
840 2220 1084 2288 quaedam
1117 2219 1349 2284 vivendi,
1386 2220 1531 2275 nullo
1554 2222 1768 2275 vinculo
1796 2223 1954 2276 astri-

355 2324 447 2368 cta
477 2313 614 2383 (AL,
649 2310 946 2382 astrictus],
977 2314 1089 2367 sive
1118 2313 1197 2367 lex
1235 2328 1337 2367 non
1369 2314 1587 2383 scripta,
1627 2316 1719 2369 sed
1749 2324 1949 2371 tantum

358 2422 482 2459 CIIIII
517 2421 621 2459 τιδιι
656 2416 886 2459 Γθῐθηω.

431 2518 562 2572 540.
588 2518 732 2571 Inter
774 2517 1052 2571 Latronem
1077 2527 1130 2572 et
1159 2521 1342 2587 furem.
1374 2518 1470 2584 Qui
1499 2519 1730 2573 alienum
1758 2521 1957 2575 involat

365 2610 509 2681 HL,
543 2611 740 2678 aliquid
774 2608 1083 2680 subtrahit],
1115 2612 1199 2664 Inr
1220 2619 1331 2674 est;
1366 2611 1454 2680 qui
1487 2611 1691 2665 foretur
1733 2624 1786 2667 et
1815 2614 1956 2666 occi-

355 2705 475 2767 dit,
507 2703 649 2756 latro
689 2712 791 2755 est.
823 2701 1040 2768 Pmprie
1077 2711 1253 2755 autem
1312 2702 1449 2756 latro
1482 2717 1511 2755 a
1542 2702 1797 2757 Iotitando
1831 2702 1958 2757 insi-

354 2794 470 2850 diis
523 2792 733 2867 [Forte,
779 2795 831 2848 in
883 2792 1114 2865 insidiis]
1144 2796 1347 2860 dictus;
1410 2795 1492 2848 fur
1521 2805 1699 2848 autem
1735 2812 1765 2850 a
1801 2804 1956 2850 [urvo

353 2896 608 2951 vocatus,
658 2886 707 2938 id
751 2897 853 2949 est,
888 2886 1070 2955 nigro;
1124 2901 1244 2940 nam
1292 2888 1467 2940 noctis
1505 2887 1667 2941 utitur
1698 2899 1952 2955 tempore.

357 2978 599 3032 Pulchre
630 2987 808 3031 autem
838 2977 1056 3032 Plautus
1082 2978 1293 3032 cuidam
1320 2978 1450 3051 [Al.,
1491 2981 1557 3034 de
1586 2980 1841 3051 quodam]
1866 2980 1957 3050 qui

354 3068 643 3122 iurabatur
673 3068 747 3121 ait
772 3066 975 3138 (Plaut.
1007 3068 1304 3138 Aulularia)
1339 3086 1352 3121 :
1383 3068 1460 3122 Tu
1499 3071 1651 3124 trium
1675 3072 1957 3127 litterarum

354 3158 539 3220 homo,
569 3156 621 3208 id
653 3166 758 3222 est,
794 3160 895 3211 iur.

432 3266 565 3322 5M.
611 3267 755 3322 Inter
784 3268 976 3322 Locum
1020 3269 1338 3341 religiosam,
1380 3282 1432 3324 et
1470 3289 1698 3336 sacram,
1743 3284 1796 3327 et
1841 3291 1958 3328 sart-

367 3368 543 3422 ctam,
573 3358 713 3426 quod
743 3373 953 3412 Sacrum
988 3375 1259 3425 vocamus,
1305 3361 1443 3428 quod
1482 3362 1546 3415 ad
1578 3364 1706 3416 deos
1735 3378 1958 3431 superos

361 3452 639 3518 pertinet;
682 3451 993 3520 religiosum
1022 3491 1035 3513 ,
1085 3450 1226 3520 quod
1277 3452 1342 3504 ad
1387 3452 1516 3505 deos
1562 3453 1791 3516 inferos;
1837 3468 1959 3506 san-

358 3557 514 3599 ctum
548 3558 698 3607 vero,
730 3541 873 3611 quod
924 3542 1100 3611 aliqua
1130 3544 1415 3596 sanctitate
1465 3552 1705 3597 sanctum
1755 3554 1860 3611 est,
1906 3555 1964 3600 ιιι

356 3643 495 3688 sunt
534 3632 671 3686 tauri
720 3631 860 3700 apud
901 3632 1190 3688 Homerum
1238 3631 1470 3703 (Ὀδυσσ.
1511 3632 1571 3704 μ)
1622 3634 1723 3689 soli
1767 3636 1960 3702 sancti,

361 3726 534 3788 sacri,
570 3725 920 3777 sacrosancti.

442 3814 571 3867 3.52.
608 3812 750 3869 Inter
780 3812 943 3867 Labat
974 3824 1029 3870 et
1056 3815 1212 3868 lavat.
1246 3814 1414 3869 Labat
1447 3822 1618 3882 nutat,
1649 3816 1790 3870 lavat
1821 3816 1959 3871 loto-

369 3919 490 3960 rem
522 3920 662 3960 esse.

444 4037 571 4093 55ί.
610 4040 680 4091 Ex
711 4038 963 4105 Agrteiio.

447 4107 573 4163 555.
606 4110 685 4162 Ex
719 4112 901 4170 Serv.,
932 4109 997 4162 ad
1031 4107 1109 4162 ill.
1143 4109 1425 4177 IGeorg.:
1463 4106 1627 4160 Primi
1647 4106 1755 4175 lege
1777 4108 1963 4161 littoris

369 4193 555 4243 oram;
583 4191 634 4232 et
664 4181 739 4232 ill.
773 4195 825 4232 ιιι
856 4179 981 4231 Ain.
1009 4195 1023 4231 :
1054 4176 1345 4246 Littoraque
1369 4176 1516 4247 Epiri
1541 4179 1790 4247 legimus;
1832 4187 1885 4231 et
1928 4194 1961 4231 ιι

370 4254 501 4306 Ain.
537 4249 669 4301 Pars
692 4260 873 4302 cwtera
900 4259 1111 4315 pontum
1133 4265 1265 4319 pone
1285 4250 1423 4318 legit.

445 4322 574 4373 53b.
610 4320 683 4372 Ex
719 4320 969 4387 Agnetio.

446 4419 517 4433 --
553 4389 673 4442 Non
704 4398 776 4442 est
803 4405 882 4440 av.
917 4392 1014 4441 nisi
1043 4390 1178 4455 quod
1206 4390 1466 4442 incurvum
1496 4397 1589 4451 est,
1626 4390 1822 4455 Agunt.

444 4491 516 4502 —
552 4459 854 4511 I’anissime.
890 4459 965 4511 Ex
998 4462 1172 4522 Serv.,
1210 4460 1273 4511 ad
1314 4461 1387 4512 ill.
1424 4474 1455 4511 ιι
1498 4461 1679 4528 Eulog.
1707 4477 1718 4511 :
1747 4459 1961 4513 Calamo

371 4535 575 4585 trivisse
597 4530 860 4582 labellum.

451 4601 576 4652 557.
614 4604 685 4652 lux
716 4600 891 4657 Serv"
920 4598 985 4651 ad
1015 4599 1091 4653 ill.
1129 4616 1141 4651 ι
1184 4600 1377 4666 Georg.
1404 4614 1418 4652 ε
1449 4598 1710 4651 Laclentia
1741 4611 1963 4667 turgent.

446 4672 588 4724 Ibid.
623 4671 677 4722 In
732 4670 926 4722 Barthii
972 4670 1191 4732 Codice,
1223 4673 1433 4731 lactens,
1464 4671 1544 4735 qui
1598 4670 1776 4732 ducit;
1826 4671 1967 4738 quod

374 4746 603 4795 verbum
638 4741 778 4792 ducit
807 4744 1019 4808 elegans
1047 4751 1153 4799 est,
1179 4749 1235 4791 ut
1262 4742 1334 4792 ait
1370 4740 1637 4805 Barthius,
1671 4752 1722 4793 et
1750 4742 1967 4794 laetenti

373 4815 614 4867 tnaxiuie
642 4826 955 4874 congruum.
986 4810 1163 4862 Auzv.

448 4883 576 4937 558.
613 4881 691 4933 Ex
735 4882 914 4950 Serv.,
952 4881 1018 4933 ad
1068 4882 1222 4933 citata
1276 4881 1435 4932 verba
1483 4880 1549 4932 ah
1591 4878 1816 4946 Isidoro,
1851 4896 1970 4950 qua:

372 4965 507 5007 sunt
541 4962 635 5004 tet
666 4966 700 5003 ιι
730 4949 857 5005 ιΕιι.

450 5052 520 5062 --
553 5022 731 5085 Serv.,
767 5023 831 5073 ad
861 5021 1033 5075 locum
1061 5020 1301 5081 citatum,
1333 5020 1420 5084 qui
1448 5029 1528 5072 est
1559 5037 1593 5074 ιι
1625 5020 1752 5075 Ain.

449 5091 579 5145 559.
618 5092 707 5145 Sic
733 5089 849 5161 fere
895 5093 1039 5160 ipse,
1082 5090 1174 5142 lib.
1202 5105 1239 5143 ιι
1274 5091 1599 5160 Etymolog.,
1637 5107 1756 5161 cap.
1803 5092 1889 5157 IO,
1918 5102 1974 5147 et

372 5166 472 5219 ιιι).
500 5177 579 5227 tv,
608 5177 722 5227 cap.
758 5159 811 5214 5.

452 5232 583 5285 540.
622 5232 711 5285 Sic
741 5232 853 5298 ipse
884 5231 1182 5301 Etymolog.
1212 5231 1320 5301 lib.
1366 5246 1396 5282 χ
1423 5272 1437 5293 ,
1481 5230 1654 5285 littera
1688 5230 1749 5284 L.
1776 5232 1968 5297 Varro,

371 5306 518 5370 quod
549 5304 686 5353 circa
716 5306 875 5354 latera
904 5300 1096 5370 {eiram
1130 5300 1329 5353 habeat.
1374 5302 1541 5362 Fest.,
1580 5306 1715 5370 quod
1752 5320 1783 5355 a
1818 5306 1976 5356 latere

370 5374 674 5447 adoriatur,
706 5375 923 5447 autsine
951 5373 1207 5447 λᾳτρείας.

449 5444 706 5504 —-Serv.,
722 5444 878 5512 adiill.
900 5458 955 5495 ιιι
974 5441 1195 5505 ϐάκ-ιω
1217 5441 1534 5492 Nocturnum
1552 5441 1763 5495 staba'is
1786 5443 1970 5512 furem.

449 5512 583 5567 5M.
616 5512 737 5565 Vid.
764 5511 1078 5580 Fest.,dict.
1112 5512 1417 5580 lleligiosas,
1449 5522 1499 5565 et
1529 5512 1759 5566 Macrob.
1789 5511 1885 5568 lib.
1917 5528 1973 5567 ιιι

377 5587 631 5639 Saturn..
666 5598 785 5647 cap.
815 5585 865 5636 5.

454 5684 528 5693 --
551 5653 691 5718 Soli,
718 5661 819 5706 etc.
854 5653 913 5706 F.
941 5652 1239 5721 Solisaacti,
1265 5652 1383 5705 dua:
1410 5664 1694 5721 sequentes
1714 5654 1975 5707 dictiones

2055 1817 2202 1871 bant.
2233 1816 2426 1871 Libare
2451 1827 2627 1869 autem
2660 1816 2872 1883 quando
2898 1826 3112 1885 pateras
3139 1830 3287 1868 mero
3317 1815 3502 1882 plenas
3530 1817 3640 1869 aris

2054 1904 2361 1959 fundebant.
2401 1905 2531 1959 Nam
2564 1906 2730 1959 libare
2763 1906 2977 1974 proprie
3008 1904 3230 1958 tundere
3259 1913 3361 1959 est.
3412 1904 3563 1960 Unde
3588 1916 3641 1959 et

2054 1996 2217 2050 Liber
2259 2005 2480 2049 vocatur
2505 1995 2595 2065 qui
2638 1995 2769 2068 [Al.,
2797 1992 2940 2064 quia]
2989 1995 3091 2048 vini
3144 2010 3295 2049 usum
3343 1994 3395 2049 in
3435 1995 3641 2050 Graecia

2053 2085 2351 2140 ostendisse
2395 2084 2580 2139 lertur.
2631 2085 2737 2139 Nos
2779 2100 2906 2153 ergo
2931 2084 3087 2153 juxra
3117 2085 3399 2139 verborum
3445 2086 3639 2142 distin-

2053 2179 2284 2233 ctionem
2315 2177 2653 2232 immolamus
2685 2192 2898 2245 panem,
2924 2177 3150 2231 libamus
3175 2177 3415 2231 calicem.

2654 2268 2730 2322 De
2753 2267 2921 2322 littera
2960 2269 3027 2323 Μ.

2125 2360 2251 2417 550.
2299 2361 2443 2416 Inter
2490 2358 2898 2413 Misericordia»:
2951 2367 3005 2412 et
3050 2360 3445 2412 miserationem.
3496 2357 3644 2415 Bene

2058 2454 2193 2507 velle
2217 2452 2599 2506 misericordia:
2623 2461 2738 2515 est;
2768 2451 2900 2504 bene
2927 2450 3124 2516 ficere,
3156 2450 3538 2504 miserationis.
3557 2448 3646 2504 Di-

2056 2547 2192 2600 citur
2237 2544 2377 2600 enim
2447 2543 2752 2606 mi-eratio,
2809 2543 2957 2610 quasi
3026 2540 3411 2595 misericordia:
3475 2542 3639 2597 actio.

2060 2642 2193 2697 Nam
2243 2638 2603 2693 misericordia
2658 2634 2880 2690 allectus
2928 2648 3127 2687 tantum
3173 2633 3353 2687 cordis
3405 2643 3490 2686 est
3535 2648 3641 2702 quo

2059 2732 2430 2801 Compellimur
2487 2738 2546 2785 ut
2602 2730 2813 2784 miseris
2860 2726 3260 2782 subveniamus.
3313 2726 3645 2795 Quapropter

2060 2824 2420 2880 misericordia
2438 2822 2724 2877 condolcre
2752 2822 2949 2875 misero
2975 2822 3147 2885 novit,
3165 2818 3265 2874 etsi
3283 2833 3385 2872 non
3416 2820 3485 2872 sit
3503 2819 3645 2873 unde

2061 2918 2363 2981 tribuatur;
2396 2915 2669 2969 miseratio
2716 2924 2895 2967 autem
2926 2928 2989 2967 ex
3030 2925 3193 2981 opere
3246 2911 3644 2979 comprobatur.

2132 3008 2254 3063 551.
2284 3008 2429 3062 Inter
2458 3005 2747 3063 Hemorare
2776 3016 2828 3059 et
2854 3020 3270 3059 commemorare.
3290 3003 3648 3059 Memorantur

1988 3105 2032 3163 C
2067 3116 2253 3170 pauca,
2277 3106 2769 3153 connnemorantur
2799 3098 2986 3151 multa.

2134 3190 2262 3246 35:2.
2317 3191 2458 3243 Inter
2496 3188 2819 3241 Mansuetum
2869 3199 2923 3241 et
2978 3189 3283 3241 modestam.
3340 3185 3647 3242 Mansuetus

2063 3290 2148 3337 est
2174 3282 2262 3351 qui
2315 3280 2442 3333 nulli
2484 3278 2730 3347 injuriam
2788 3279 3017 3347 irrogat,
3075 3277 3349 3333 modestus
3400 3281 3489 3348 qui
3548 3294 3647 3334 nec

2067 3375 2225 3429 lastis
2246 3373 2515 3426 irascitur.

2147 3453 2273 3507 555.
2298 3453 2440 3506 Inter
2470 3451 2716 3506 Miserum
2746 3460 2801 3504 et
2848 3449 3124 3503 misellum.
3176 3449 3427 3505 Miserum
3468 3450 3650 3506 viven-

2069 3555 2174 3599 tem
2206 3544 2379 3597 adhuc
2406 3542 2656 3606 dicimus,
2708 3541 2970 3595 misellum
2995 3549 3285 3594 mortuum.

2137 3632 2263 3688 5ῗᾷ4.
2315 3633 2456 3687 Inter
2513 3631 2864 3686 Miserandam
2912 3639 2967 3685 et
3017 3631 3373 3685 miserabilem.
3431 3632 3650 3686 Misera-

2068 3727 2190 3781 bilis
2210 3737 2289 3780 eSt
2327 3726 2409 3778 cui
2442 3723 2683 3779 misereri
2701 3737 3003 3792 possumus,
3028 3721 3357 3777 miserandus
3379 3721 3463 3777 cui
3491 3724 3651 3777 mise-

2070 3816 2175 3871 reri
2203 3816 2483 3870 debemus.

2141 3907 2267 3961 555.
2305 3908 2451 3962 Inter
2490 3906 2854 3962 Memoriosum
2900 3917 2954 3961 et
2982 3922 3272 3961 memorem.
3305 3906 3652 3962 Memoriosus

2072 4041 2206 4094 for'e
2237 4040 2515 4104 glossema.

2139 4111 2265 4166 542.
2311 4111 2466 4165 Forte
2495 4116 2702 4164 latorem
2735 4122 2825 4165 aut
2851 4113 3153 4165 lavatorem.

2142 4180 2277 4234 Ibid.
2314 4183 2570 4234 Paulinus
2600 4182 2651 4236 in
2677 4192 2785 4235 not.
2812 4183 3029 4248 coniicit
3053 4183 3285 4243 latorem,
3312 4181 3455 4249 quod
3477 4194 3650 4238 exstat

1997 4261 2043 4319 υ
2070 4253 2231 4304 etiam
2258 4254 2307 4304 in
2332 4261 2499 4305 textu.
2526 4251 2777 4307 Fortasse
2798 4253 2849 4305 in
2881 4261 3024 4306 textu
3045 4252 3200 4311 velin
3227 4263 3349 4304 nota
3374 4252 3653 4321 legendum

2071 4321 2305 4376 laterem.
2332 4322 2437 4375 Vox
2462 4325 2598 4376 tutor
2614 4332 2667 4376 et
2687 4324 2820 4376 lotor
2842 4324 2979 4389 ειιιιιίι
3003 4324 3245 4391 quaedam
3263 4331 3442 4376 vetera
3468 4339 3657 4377 monu-

2075 4403 2250 4445 menta
2267 4395 2531 4455 reperitur
2546 4410 2559 4444 :
2574 4393 2640 4446 de
2655 4408 2782 4447 voce
2798 4394 2992 4445 lavator
3008 4394 3183 4445 minus
3200 4392 3251 4445 id
3272 4394 3454 4459 liquet.
3479 4397 3651 4451 Annv.

2140 4461 2266 4516 545.
2302 4462 2473 4515 Etiam
2506 4462 2647 4516 Fest.
2681 4464 2958 4531 distinguit
2992 4463 3120 4515 dirt.
3158 4460 3417 4531 Lamp/ta.

2141 4533 2264 4586 548.
2302 4533 2659 4603 ΕκίΑεηιιιιο,
2695 4533 2782 4603 qui
2813 4534 2947 4587 forte
2975 4548 3036 4585 ex
3070 4532 3274 4586 Isidoro
3297 4535 3649 4601 supplendas.

2140 4604 2264 4672 351i.
2302 4602 2498 4655 Eadem
2529 4603 2639 4655 lere
2671 4606 2765 4658 ιιι».
2802 4604 3101 4672 Etymolog.
3132 4617 3206 4664 Vl,
3234 4618 3354 4671 cap.
3387 4604 3473 4658 16.

2144 4671 2281 4725 Ibid.
2316 4674 2502 4725 Melius
2539 4682 2619 4724 est
2656 4676 2792 4728 mola
2823 4671 2979 4740 quam
3022 4672 3155 4725 mole
3185 4688 3205 4726 :
3237 4689 3357 4727 nam
3389 4689 3512 4729 vere
3550 4674 3649 4727 im-

2071 4744 2208 4796 molo
2231 4758 2260 4795 a
2289 4744 2426 4794 mola
2453 4742 2749 4799 deducitur.
2784 4746 2951 4796 Ansv.

2144 4812 2269 4882 550.
2307 4813 2504 4882 Quippe
2533 4812 2730 4869 videtur
2770 4816 2820 4868 in
2851 4814 3021 4867 altero
3053 4828 3152 4868 ms.

2144 4881 2281 4935 Ibid.
2308 4883 2359 4935 In
2413 4881 2533 4935 nota
2569 4884 2771 4939 Pantini
2830 4888 3053 4937 fortasse
3097 4883 3374 4949 legendum
3416 4892 3520 4947 est,
3549 4882 3646 4948 al.,

2072 4953 2355 5019 miseratio,
2385 4962 2462 5017 ut,
2495 4953 2715 5023 scilicet,
2748 4956 2893 5010 varia
2940 4954 3093 5008 lectio
3122 4954 3386 5021 discrepet
3419 4969 3447 5005 a
3481 4962 3648 5008 textu.

2074 5027 2248 5076 Auev.

2144 5095 2268 5148 55:2.
2298 5095 2465 5155 Ριξξι..
2484 5092 2610 5147 dict.
2636 5091 2955 5148 Mansuetus.
2976 5095 3134 5155 Non.,
3152 5091 3277 5146 dict.
3299 5092 3661 5156 Mansuetum:

2145 5193 2217 5204 —-
2244 5162 2402 5224 Non.,
2428 5164 2556 5218 dict.
2591 5162 2871 5233 Modestus.
2908 5164 3024 5231 Ipse
3056 5164 3353 5233 Etymolog.
3405 5166 3493 5219 lib.
3527 5183 3578 5220 ι.

2147 5233 2274 5290 555.
2292 5234 2370 5287 Ex
2392 5234 2482 5288 lib.
2501 5250 2529 5286 x
2549 5232 2869 5303 Etyniolog.,
2890 5235 3057 5288 littera
3078 5232 3155 5285 Μ,
3176 5232 3649 5302 I’otiuslegendmn

2078 5305 2288 5358 videtur
2312 5321 2324 5356 :
2354 5303 2613 5357 Misellum
2638 5303 2880 5355 viventem
2896 5303 3084 5365 adhuc,
3108 5303 3348 5357 miserum
3370 5315 3651 5361 mortuum.

2147 5374 2271 5429 55L.
2304 5375 2604 5443 Etymolog.
2636 5373 2722 5423 lih.
2754 5389 2804 5433 κ,
2836 5374 3005 5425 littera
3033 5374 3105 5426 M.

2146 5443 2271 5500 555.
2310 5447 2382 5497 Ex
2404 5444 2463 5497 C.
2486 5443 2802 5509 Front.,'qui
2833 5444 2983 5509 paulo
3006 5443 3656 5511 copiosiuszillemoriosm

2076 5514 2222 5568 liabet
2248 5518 2317 5567 ad
2343 5517 2499 5579 dicta,
2532 5519 2759 5582 factaque
2785 5512 3050 5582 referentia
3081 5516 3415 5579 memoriam;
3463 5534 3657 5569 memor

2077 5587 2302 5652 beneﬁcii
2324 5580 2623 5637 memoriam
2640 5584 2715 5652 uel
2739 5580 2944 5652 injuria:
2973 5588 3147 5651 refert.
3177 5583 3326 5640 Unde
3356 5587 3407 5639 in
3452 5588 3653 5641 Isidoro

2077 5600 2301 5652 uene/ten
2324 5600 2623 5637 memoriam
2642 5600 2712 5634 vei
2739 5600 2791 5634 in
2820 5600 2944 5634 urite
2973 5600 3147 5651 rejert.
3177 5600 3261 5638 un

2074 5670 2175 5708 aro
2190 5657 2499 5724 defensionis
2527 5651 2706 5707 malim
2737 5600 3029 5719 offensionis
3058 5656 3261 5727 reponi.
