4108 6178
466 257 529 308 17
1561 245 1620 299 S.
1668 242 1906 299 ISIDURI
1952 243 2393 299 IIISPAIENSIS
2435 242 2737 298 EI’ISiiOPl
3686 250 3753 303 48

469 365 779 423 memoriam
809 362 987 431 habet,
1009 376 1216 417 memor
1239 375 1365 416 vero
1398 358 1640 415 bcuelicii
1667 358 1749 413 vel
1780 358 2052 413 defeasio-
2086 376 2133 434 Α
2226 356 2349 413 567.
2388 358 2526 411 Inter
2553 355 2855 411 Miscremur
2898 364 2953 410 et
2988 356 3378 410 miserescimus.
3442 357 3756 416 Miscrenmr

467 458 547 511 tuis
573 470 778 512 memor
804 464 906 512 est.

534 538 638 610 ἰδ’]
664 536 790 592 556.
822 536 962 590 Inter
992 530 1196 587 Moram
1225 540 1279 585 et
1312 531 1625 585 tarditatem.
1655 529 1799 584 Mora
1825 538 1905 585 est
1936 543 2058 598 quae

471 630 712 699 impedit,
743 628 964 683 tarditas
993 640 1114 695 qua:
1146 622 1454 692 impeditur.
1486 622 1629 677 Mora
1650 622 1699 675 iu
1732 636 1813 686 re,
1838 620 2059 677 tarditas

468 739 519 776 ω
542 722 838 854 ἓὲῗιῗῖίρι
862 794 1106 848 ﬂendum
1138 799 1187 846 et
1221 792 1563 848 mendacium.
1602 792 1850 847 Mendum
1902 792 1955 846 in
1995 791 2057 845 li-

469 893 562 945 hro
587 889 801 960 proprie
830 886 1045 951 dicitur,
1072 884 1212 940 unde
1240 892 1293 940 et
1318 884 1606 941 emendare
1643 884 1894 942 dicimus.
1924 883 2057 940 Nam

469 980 807 1039 mendacium
838 980 887 1032 in
920 978 1131 1033 ceteris
1162 977 1318 1045 rebus
1345 986 1448 1032 est.

539 1075 665 1130 558.
721 1074 863 1128 Inter
911 1070 1172 1124 Malitiam
1235 1079 1293 1125 et
1347 1069 1739 1141 malignitatem.
1795 1065 2061 1138 Cogitatio

470 1167 667 1235 quippe
699 1177 861 1233 prava
894 1160 1085 1216 mentis
1116 1160 1315 1215 malitia
1346 1161 1559 1228 dicitur,
1613 1160 1832 1215 malitiae
1873 1168 2056 1215 votum

470 1259 553 1315 vel
586 1272 722 1328 opus
752 1255 1056 1324 malignitas
1084 1252 1405 1322 appellatur.

540 1350 663 1405 559.
725 1349 864 1403 Inter
912 1344 1262 1399 multationem
1289 1384 1305 1408 ,
1368 1356 1594 1411 poenam,
1627 1348 1680 1396 et
1723 1339 2059 1408 supplicium.

470 1439 709 1495 Multatio
773 1444 949 1504 potest
1000 1448 1121 1489 esse
1144 1474 1162 1499 ,
1217 1442 1271 1488 et
1308 1433 1424 1487 sine
1464 1432 1744 1502 sanguine,
1779 1430 1831 1486 in
1862 1430 2062 1485 damno

470 1529 727 1598 pecuniaz.
754 1525 1084 1595 Supplicium
1107 1539 1230 1579 cum
1253 1523 1544 1595 sanguine;
1572 1536 1727 1593 paena
1751 1535 1880 1577 vero
1902 1518 2062 1575 dolor

468 1623 584 1675 sine
605 1618 887 1690 sanguine.

542 1713 666 1766 500.
705 1712 843 1767 Inter
874 1710 1065 1765 Manus
1105 1721 1160 1766 et
1198 1712 1405 1766 donum.
1440 1710 1634 1766 Munus
1674 1717 1757 1765 est
1802 1707 2060 1772 debitum,

476 1814 530 1858 ιιι
578 1804 707 1875 [.ιι.,
744 1802 820 1875 in]
851 1813 1104 1873 patrono;
1150 1804 1384 1872 donum,
1429 1801 1776 1857 honorarium
1796 1809 1901 1855 est.
1930 1797 2061 1852 Item

474 1899 674 1949 donum
706 1895 885 1949 dantis
932 1903 1054 1961 est,
1107 1911 1303 1949 munus
1334 1893 1668 1964 accipientis.
1714 1892 1921 1946 Dictum
1972 1904 2068 1945 au-

472 2000 578 2042 tem
604 1986 801 2042 donum
830 1986 1077 2053 adando,
1107 2001 1300 2042 munus
1322 2001 1351 2040 a
1382 1984 1690 2051 muniendo,
1736 1984 1819 2039 vel
1865 1997 1897 2037 a
1947 1997 2060 2036 mo-

473 2080 674 2136 uendo.

542 2173 665 2226 561.
710 2169 855 2225 Inter
884 2167 1076 2222 Meruit
1107 2179 1162 2224 et
1194 2170 1488 2237 promeruit.
1548 2167 1742 2222 Meruit
1783 2180 2067 2221 commune

469 2273 554 2319 est
594 2272 646 2316 ct
675 2262 737 2314 ad
774 2274 985 2328 poenam
1014 2270 1066 2315 et
1112 2260 1177 2314 ad
1213 2260 1514 2327 praemium,
1543 2258 1835 2326 promeruit
1859 2267 2065 2312 tantum

471 2356 537 2411 ad
563 2352 1013 2424 pra-mium.Nam
1049 2352 1374 2420 promeritus
1405 2347 1602 2404 dicitur
1632 2349 1722 2418 qui
1757 2350 1890 2403 bene
1920 2347 2065 2417 facit,

473 2448 551 2502 sic
585 2445 887 2500 immeritus
915 2445 1003 2516 qui
1029 2444 1188 2498 male.

559 2540 684 2594 562.
711 2538 855 2594 Inter
899 2537 1149 2607 Magnum
1176 2543 1231 2590 et
1264 2534 1533 2605 grandem.
1570 2533 1815 2601 Magnum
1858 2534 1926 2589 ad
1955 2534 2070 2588 aui-

475 2648 620 2688 mum
669 2632 953 2688 referimus
1006 2627 1125 2702 [ΑΙ.
1178 2626 1470 2699 refertur],
1520 2626 1778 2698 grandem
1833 2627 1899 2681 ad
1937 2642 2071 2683 cor-

475 2740 593 2796 pus.

547 2814 672 2868 565.
720 2813 863 2870 Inter
907 2811 1150 2867 Mutuom
1198 2810 1326 2866 dare
1357 2809 1492 2883 [Αι.,
1522 2807 1788 2881 mutuare]
1837 2818 1889 2865 et
1940 2826 2071 2863 com-

484 2908 713 2962 modare.
748 2904 853 2972 Qui
892 2911 1135 2959 mutuum
1169 2902 1279 2969 dat,
1310 2902 1454 2956 aliud
1484 2912 1799 2971 recepturus
1829 2911 1948 2968 est;
1980 2903 2069 2972 qui

476 2996 807 3062 commodat,
851 2997 1033 3064 utique
1063 2994 1202 3049 idem
1229 2992 1330 3048 sibi
1366 2992 1513 3048 reddi
1537 2992 1828 3049 desiderat.

553 3086 683 3142 564.
727 3085 871 3141 Inter
911 3085 1122 3139 Monrre
1160 3094 1216 3140 et
1258 3084 1557 3139 admouere.
1612 3085 1789 3139 Monet
1815 3083 1904 3154 qui
1936 3098 2073 3152 prce-

473 3180 638 3245 cipit,
686 3178 955 3234 Admouet
1000 3176 1112 3251 48
1163 3177 1253 3247 qui
1297 3176 1440 3246 quod
1479 3176 1748 3233 exciderat
1798 3176 2072 3231 memoria:

480 3271 712 3325 reducit.

542 3360 669 3415 565.
704 3360 846 3416 Inter
879 3359 1107 3414 Meretur
1134 3368 1187 3413 et
1229 3370 1421 3417 mmet.
1452 3359 1553 3428 Qui
1593 3368 1829 3415 meretur
1880 3360 2071 3431 dgnus

472 3463 553 3507 est
582 3453 761 3522 aliquo
790 3451 1077 3515 beneﬁcio;
1109 3452 1199 3522 qui
1227 3462 1440 3518 niteret,
1476 3452 1647 3507 tristis
1675 3463 1782 3506 eSt.

546 3542 673 3598 566.
730 3543 873 3598 Inter
925 3541 1183 3596 Miramur
1230 3551 1287 3597 et
1338 3542 1677 3596 admiramur.
1728 3541 2070 3597 Admiramur

479 3637 724 3697 virtutes,
760 3637 1023 3691 miramur
1053 3647 1241 3704 opera.

549 3814 673 3868 557.
701 3813 935 3868 Carisius
956 3813 1034 3868 sic
1057 3813 1168 3868 fere
1194 3812 1436 3866 mendum
1457 3818 1510 3864 et
1533 3811 1768 3866 mendam
1804 3810 2069 3866 discrimi-

481 3897 567 3940 nat
595 3904 608 3939 :
647 3883 889 3937 Mandant
919 3886 971 3936 in
1002 3882 1259 3936 mendacii
1307 3883 1681 3954 significatione
1711 3884 2068 3950 distinguitur,

479 3957 662 4011 mrnda
690 3957 741 4007 in
764 3956 913 4022 culpa
938 3956 1124 4022 operis,
1156 3965 1241 4007 aut
1269 3954 1515 4022 corporis.

552 4024 675 4080 558.
699 4026 787 4081 Sic
807 4027 995 4079 Cicero
1014 4067 1027 4086 ,
1060 4040 1115 4078 III
1143 4026 1210 4080 de
1243 4024 1425 4078 Natur.
1454 4023 1605 4077 (Ieur.
1645 4041 1655 4076 :
1690 4023 1779 4077 Est
1804 4024 1934 4078 enim
1962 4039 2073 4076 ma-

481 4100 591 4154 litia
620 4105 818 4149 versuta
850 4106 894 4148 et
925 4096 1090 4165 fallax
1120 4096 1330 4148 nocendi
1362 4096 1513 4165 ratio.

553 4167 675 4219 5511.
705 4166 779 4218 Ex
812 4162 1058 4218 Varronis
1083 4174 1280 4225 mente,
1308 4179 1337 4215 ν
1368 4164 1431 4216 de
1462 4164 1611 4233 Ling.
1643 4167 1756 4219 Lat.
1791 4182 1805 4218 :
1840 4162 2007 4217 Multa
2039 4182 2070 4215 a

480 4237 711 4307 pecunia,
735 4249 847 4306 quae
870 4253 899 4287 a
923 4235 1222 4304 magistratu
1251 4235 1407 4299 dicta,
1442 4247 1494 4287 ut
1519 4238 1650 4304 exigi
1682 4236 1839 4303 possit
1864 4236 1924 4287 ob
1948 4251 2064 4305 pec—

480 4318 669 4359 calum.

552 4407 622 4417 —
652 4375 831 4431 Plena.
860 4375 1067 4437 Varro.,
1100 4375 1227 4428 ibid.
1255 4392 1267 4427 :
1296 4373 1453 4427 Poma
1479 4392 1511 4427 a
1541 4376 1819 4443 puniendo,
1850 4386 1938 4429 aut
1973 4392 2075 4443 pae-

483 4449 714 4510 uitendo,
740 4448 875 4514 quod
901 4455 1011 4513 post
1042 4456 1303 4511 peccatum
1326 4447 1570 4513 sequitur.

2161 458 2416 517 quantum
2468 462 2690 504 necesse
2734 457 2837 513 est,
2872 449 3266 503 miserescimus
3306 449 3537 517 amplius
3595 465 3753 519 quam

2162 555 2384 597 necesse
2411 550 2515 597 est.
2570 540 2700 597 Item
2748 542 3063 598 miseremur
3113 543 3303 611 rogati,
3355 540 3757 602 miserescimus

2161 634 2325 697 ultro.

2237 725 2363 781 568.
2397 725 2538 781 Inter
2571 725 2862 794 Mancinus,
2895 729 3228 783 admonemus
3257 738 3310 783 et
3354 745 3748 785 commonemus.

2171 818 2449 873 Mouetuus
2489 820 2685 885 futura,
2715 822 3065 875 admonemus
3100 821 3414 890 prtcsentia,
3451 835 3753 877 commune.

2170 928 2288 965 tnus
2315 914 2607 980 prieterita.

2232 1002 2358 1057 359.
2407 1005 2550 1059 Inter
2602 1003 2990 1057 "altitudinem
3038 1014 3089 1057 et
3142 1021 3431 1059 numerum.
3477 1004 3759 1059 Multitudo

2163 1108 2390 1149 numero
2430 1096 2516 1160 Iit,
2563 1095 2717 1147 turba
2777 1096 2894 1148 loco
2942 1096 3136 1164 posita.
3174 1094 3404 1151 Possunt
3432 1096 3576 1150 enim
3609 1097 3758 1164 pauci

2171 1189 2226 1243 in
2267 1197 2496 1253 angusto
2527 1188 2737 1241 turbam
2773 1190 2973 1242 facere.

2249 1281 2376 1335 570.
2405 1282 2545 1334 Inter
2574 1276 2707 1333 Mihi
2733 1288 2788 1334 et
2826 1281 2916 1332 mi.
2950 1278 3075 1332 Mihi
3118 1276 3327 1332 dativus
3356 1292 3512 1334 casus
3550 1286 3655 1347 est,
3687 1294 3759 1333 mt

2173 1370 2472 1426 vocativus.

2234 1483 2359 1538 571.
2396 1482 2536 1537 Inter
2568 1480 2883 1546 Municipem
2930 1490 2986 1536 et
3036 1482 3414 1553 ntunicipalem.
3464 1481 3760 1553 Municipes

2170 1584 2296 1632 sunt
2340 1575 2618 1640 curialium
2646 1576 2910 1643 majores,
2954 1574 3081 1631 dicti
3123 1591 3186 1629 eo
3210 1575 3351 1645 quod
3384 1575 3493 1629 lisci
3538 1590 3759 1630 munera

2165 1667 2462 1736 accipiant;
2509 1665 2858 1735 municipales
2888 1676 3064 1721 autem
3096 1668 3383 1736 originales
3424 1665 3560 1739 [Αι.,
3594 1667 3759 1738 origi-

2100 1758 2145 1818 B
2179 1755 2285 1831 nis]
2314 1758 2463 1814 cives
2494 1768 2617 1813 sunt
2645 1799 2658 1822 ,
2708 1766 2762 1813 et
2813 1758 2864 1812 in
2911 1757 3080 1813 locum
3112 1756 3315 1831 [Forte,
3342 1756 3479 1828 loco]
3528 1757 3759 1813 ollicium

2167 1857 2438 1921 gerentes.

2235 1963 2358 2017 572.
2407 1963 2549 2017 Inter
2600 1961 2866 2015 Mamillas
2908 1971 2962 2015 et
3004 1976 3293 2023 mammas,
3344 1970 3397 2017 et
3446 1960 3620 2015 ubera.
3654 1961 3762 2015 Ma-

2171 2057 2331 2111 tnilla:
2354 2056 2587 2110 virorum
2618 2064 2762 2120 sunt,
2796 2052 3043 2107 mamma:
3075 2053 3385 2120 mulierum,
3408 2053 3572 2107 ubera
3604 2068 3760 2123 peco-

2168 2162 2285 2201 rum
2321 2146 2476 2219 [Al.,
2537 2144 2854 2216 pecudum].
2915 2142 3132 2207 Papillae
3172 2150 3350 2196 autem
3408 2151 3534 2197 sunt
3576 2142 3759 2197 nuclea

2170 2255 2380 2295 summa
2445 2254 2845 2304 mammarum,
2896 2253 3012 2308 qua:
3080 2248 3333 2305 sugentes
3400 2236 3762 2304 comprehen-

2167 2331 2321 2386 dunt.

2242 2442 2365 2495 575.
2395 2443 2534 2496 Inter
2562 2441 2855 2494 Matrouam
2896 2450 2950 2495 et
2976 2450 3188 2493 matrem
3229 2440 3490 2509 familias,
3520 2438 3764 2493 Melissus

2171 2535 2555 2607 grammaticus
2588 2534 2881 2586 arbitratur
2917 2533 3015 2585 hoc
3046 2534 3326 2592 into-resse,
3354 2529 3495 2599 quod
3523 2539 3763 2583 matrona

2172 2629 2379 2683 dicatur
2410 2638 2581 2681 mater
2611 2628 2768 2693 primi
2804 2628 2984 2695 pueri;
3018 2639 3184 2682 mater
3214 2627 3463 2691 familias,
3494 2642 3614 2694 qua:
3642 2625 3761 2695 plu-

2174 2736 2263 2776 res
2292 2723 2499 2790 peperit
2546 2719 2647 2773 Alii
2680 2721 2933 2773 dixerunt
2962 2728 3262 2773 matronam
3286 2719 3389 2772 dici
3422 2734 3539 2787 quae
3570 2717 3621 2772 in
3654 2734 3768 2772 ma-

2175 2814 2483 2867 trimonium
2514 2826 2635 2866 cum
2663 2811 2781 2863 viro
2815 2811 3159 2871 convenezit,
3188 2819 3243 2864 et
3285 2810 3335 2863 in
3368 2825 3433 2864 eo
3457 2809 3585 2881 [Αι.,
3617 2807 3764 2878 ideo]

2174 2900 2571 2957 matrimonium
2595 2902 2706 2972 [‘9
2732 2910 2911 2955 actum
2938 2899 3071 2972 [At.,
3092 2897 3315 2970 dictum]
3340 2917 3354 2965 ;
3387 2912 3609 2955 matrem
3638 2914 3768 2953 vero
3792 2898 3801 2919 ’

2176 2995 2404 3049 familias
2426 3009 2542 3049 eam
2574 3008 2694 3048 esse
2723 3008 2842 3063 qua:
2873 2993 2924 3047 in
2960 2993 3136 3047 mariti
3182 3008 3363 3057 manu,
3394 2992 3767 3061 mancipioque

2175 3097 2278 3151 est,
2310 3095 2401 3140 aut
2431 3086 2482 3141 in
2528 3086 2679 3151 cujus
2711 3084 2933 3139 maritus
2980 3100 3137 3138 manu
3188 3083 3559 3152 mancipioque
3602 3091 3764 3146 esset,

2176 3180 2426 3248 quoniam
2461 3179 2511 3232 in
2546 3178 2804 3232 familiam
2836 3192 3050 3246 quoque
3100 3177 3276 3232 mariti
3321 3186 3376 3231 et
3409 3177 3491 3231 sui
3544 3175 3770 3230 hazredis

2175 3272 2431 3327 venisset.
2474 3272 2725 3325 Matrona:
2752 3281 2927 3325 autem
2961 3281 3016 3325 et
3050 3272 3284 3337 virgines
3329 3269 3533 3323 nubiles
3582 3267 3769 3323 dicun-

2177 3374 2298 3432 tur,
2342 3379 2461 3431 qurn
2514 3374 2713 3418 matres
2750 3362 2858 3429 jam
2904 3362 3015 3416 ιιι»τί
3068 3369 3308 3429 possunt.
3367 3360 3629 3426 Quoniam
3675 3372 3771 3427 per

2176 3456 2462 3525 quamdam
2508 3455 2646 3526 juris
2684 3455 3078 3511 solemnitatem
3129 3454 3181 3509 in
3238 3453 3491 3509 familiam
3542 3454 3770 3522 migrant

2181 3547 2385 3601 mariti.

2246 3637 2371 3692 57-1.
2405 3638 2547 3692 Inter
2599 3637 2864 3692 Morinum
2915 3648 2968 3691 et
3009 3646 3316 3690 emortuum.
3356 3637 3620 3690 Mortttum
3658 3635 3765 3703 jam

2252 3814 2377 3869 569.
2414 3812 2552 3881 Lege
2575 3812 2814 3879 (inducta
2847 3812 3102 3881 dictione)
3135 3828 3433 3877 numerum,
3481 3828 3602 3882 qua:
3630 3816 3768 3869 male

2183 3900 2249 3939 ex
2282 3894 2521 3951 sequenti
2563 3898 2718 3937 versu
2750 3885 3039 3949 irrepserat
3061 3887 3285 3938 turbam.

2250 3983 2320 3994 —
2348 3953 2480 4006 Loco
2507 3956 2691 4024 posita.
2718 3953 2801 4020 F.,
2838 3955 2935 4007 loci
2960 3955 3149 4022 positu.
3181 3957 3244 4008 C.
3281 3952 3477 4007 Fronto
3503 3973 3514 4007 :
3543 3953 3763 4007 Turbam

2180 4033 2433 4091 angustus
2465 4025 2605 4077 locus
2631 4027 2771 4093 facit.

2253 4094 2378 4164 571.
2414 4094 2718 4164 Etymolog.
2750 4095 2838 4150 lib.
2878 4112 2949 4160 ιι,
2986 4111 3104 4163 cap.
3133 4097 3187 4150 4.

2256 4162 2392 4217 Ibid.
2428 4162 2588 4218 Error
2612 4162 2818 4217 videtur
2840 4162 3117 4232 irrepsisse
3136 4167 3185 4218 in
3204 4175 3327 4220 nota
3348 4166 3552 4219 Pantini
3571 4207 3585 4228 ,
3604 4181 3664 4218 ac
3688 4168 3764 4217 le-

2171 4235 2399 4305 gendum
2415 4234 2623 4305 originis
2639 4247 2751 4295 post
2764 4236 3059 4303 originales,
3073 4237 3249 4290 etloco
3266 4244 3386 4305 post
3401 4236 3580 4289 locum.
3598 4234 3767 4290 ABLV.

2248 4302 2374 4356 572.
2412 4302 2817 4373 ΕιΕιγιιιιιΙυε.
2846 4302 2945 4357 lib.
2973 4321 3045 4367 χι,
3079 4321 3198 4373 cap.
3234 4302 3287 4361 1.

2253 4373 2387 4427 Ibid.
2422 4374 2473 4425 lu
2508 4374 2751 4427 Eulitione
2791 4374 2977 4429 Grialii
3016 4385 3132 4431 erat
3164 4378 3492 4430 mammillas.
3527 4379 3691 4430 Ansv.

2255 4443 2378 4497 375.
2408 4444 2532 4509 Leg.
2553 4445 2732 4497 Ilelins
2756 4445 2995 4499 MCIISSIIS
3012 4462 3077 4500 ex
3097 4449 3268 4515 ειμι..
3292 4449 3381 4502 lih.
3408 4463 3553 4505 xvm.
3570 4461 3688 4504 can.
3710 4446 3762 4497 li.

554 4517 680 4574 56L).
717 4512 791 4572 Ex
825 4512 1035 4583 FrOnl.,
1060 4528 1114 4571 et
1140 4512 1438 4585 Etymolog.
1464 4516 1553 4570 lib.
1588 4532 1660 4579 vt,
1681 4530 1796 4585 cap.
1831 4517 1915 4571 I9.
1940 4516 2075 4570 Vide
2112 4552 2157 4611 υ
2185 4512 2291 4611 υιιιΙ
2315 4515 2427 4567 hec
2457 4516 2571 4582 ejus
2602 4515 2780 4611 opin’io
2805 4512 3291 4571 recenseturCVid.
3326 4518 3487 4571 etiam
3519 4518 3613 4571 hb.
3639 4516 3764 4586 Ety-

485 4604 665 4647 supra.

554 4607 1020 4712 1ἷὲἱὶιειιιιιοιιιιιη.
1055 4655 1128 4709 Ex
1158 4656 1419 4725 Agrtetio,
1448 4656 1513 4710 ad
1544 4657 1788 4715 verbum.

563 4761 633 4771 —
666 4729 944 4783 Moncudo.
984 4727 1257 4793 Movenda,
1284 4728 1574 4795 Agrtetius,
1609 4729 1747 4781 male
1768 4729 1975 4795 opinor.

558 4801 684 4854 5111.
716 4800 1037 4866 lutcrpretes
1053 4798 1291 4861 Terent.,
1309 4806 1415 4855 act.
1436 4813 1494 4861 tt,
1511 4812 1657 4852 scen.
1673 4798 1736 4851 2:
1758 4797 2076 4859 Promeruit,

488 4874 711 4947 adjuvit,
744 4869 953 4947 profuit.
980 4868 1085 4947 _Cui
1108 4868 1435 4947 contrarium
1467 4878 1548 4947 est
1575 4871 1906 4947 commeruit;
1937 4868 2078 4947 unde

490 4938 609 5012 quis
649 4938 752 5012 pro:
792 4938 1438 5012 immeri_tus_comr_tt_eritus
1490 4938 1769 5007 legendum
1816 4939 2075 5012 suspicari

489 5007 672 5080 possit.
707 5011 801 5065 Vel
832 5024 894 5065 ex
944 5009 1038 5063 illo
1094 5009 1210 5062 loco
1242 5007 1463 5078 lIecyr.,
1493 5019 1638 5065 actu.
1673 5025 1727 5064 ttt
1760 5049 1775 5073 ,
1816 5007 1965 5064 scen.
1999 5009 2032 5063 5
2061 5026 2076 5064 :

537 5094 656 5151 Quae
679 5100 924 5150 nunquam
948 5087 1211 5150 quidquam
1236 5099 1358 5149 erga
1380 5100 1460 5137 me
1480 5089 1740 5138 ommerita
1762 5092 1838 5137 est
1859 5094 2016 5148 pater.

493 5163 589 5216 llhi
610 5163 767 5217 iidem
798 5161 1119 5229 interpretes
1142 5159 1326 5229 mereri
1356 5158 1488 5229 (mna
1518 5159 1763 5229 dicimus,
1782 5157 2081 5229 commereri

493 5236 647 5285 mata.
679 5232 799 5286 Vid.
831 5227 1017 5296 Serv.,
1048 5229 1113 5285 ad
1145 5228 1226 5284 ill.
1268 5244 1318 5283 tv
1340 5227 1466 5284 Ain.
1505 5246 1519 5285 :
1558 5227 1839 5301 Nunquam
1889 5227 2084 5298 Regina

493 5301 1080 5386 rieqab_o-£romeritattt.

564 5370 688 5426 565.
724 5373 799 5425 Ex
835 5373 1066 5441 Agi'tetio
1086 5370 1473 5426 abhreviatum.

567 5442 691 5496 5111.
717 5446 777 5495 t3.
806 5439 988 5496 Front.
1020 5458 1033 5493 :
1067 5442 1241 5495 Monet
1262 5451 1467 5511 praptcr
1488 5440 1890 5502 benivolentiam,
1914 5439 2085 5493 admo-

501 5526 580 5567 net
610 5525 660 5565 ut
690 5512 955 5579 conﬁrmet
984 5514 1303 5567 memoriam.

572 5584 694 5635 suo.
729 5581 803 5635 Ex
838 5585 1088 5646 Agriutio.

569 5654 695 5709 5ΰ7.
731 5651 804 5705 Ex
853 5652 1003 5722 Serv.
1051 5666 1241 5706 sensus
1283 5666 1586 5722 expressus.
1625 5650 1688 5704 ad
1726 5652 1799 5705 ill.
1842 5666 1876 5703 ιι
1909 5650 2072 5706 .Εη.;

505 5724 557 5779 Μ
568 5723 878 5778 isercscimus
908 5721 1058 5773 ultro.

2187 4588 2385 4653 tuolog.
2413 4602 2483 4645 ιΧ,
2515 4602 2636 4652 cap.
2670 4588 2756 4639 18.

2258 4683 2322 4695 --
2351 4654 2413 4729 l_n
2446 4660 2614 4727 cujus.
2643 4658 2753 4729 ᾼ1.,
2782 4658 2835 4709 in
2864 4657 2996 4726 ejus.
3021 4656 3076 4710 lu
3102 4658 3255 4729 cujus
3284 4659 3477 4729 Λίδη,
3503 4658 3763 4725 apertius.

2252 4755 2321 4765 ——
2360 4724 2607 4797 ﬁnisset.
2644 4727 2836 4779 Locum
2852 4724 3092 4797 uenisset,
3124 4724 3295 4797 Agell.

2252 4825 2323 4837 --
2349 4794 2624 4859 Matrome,
2644 4806 2747 4851 etc.
2769 4796 2885 4851 Vid.
2908 4794 3262 4864 Serviumfad
3289 4799 3413 4854 illud
3439 4812 3489 4851 ιιι
3512 4797 3719 4852 ΛΕιιρῘιΙ.
3748 4815 3763 4854 :

2184 4864 2365 4920 Multis
2394 4883 2420 4920 e
2443 4868 2686 4919 matribus
2710 4884 2857 4920 ausa.

2257 4975 2326 4988 —-—
2352 4947 2523 5001 Locus
2550 4962 2654 5000 non
2689 4948 2912 5015 integer,
2942 4956 3075 5002 ctex
3107 4948 3317 5010 Servio,
3344 4950 3482 5003 unde
3505 4961 3585 5002 est
3611 4948 3675 5001 ad
3709 4949 3770 5001 il-

2189 5016 2297 5081 lud,
2326 5017 2533 5088 xtrEn.
2563 5034 2576 5071 :
2608 5016 2863 5088 Tirrltena
2891 5035 2978 5087 per
2998 5020 3188 5088 oppida
3221 5030 3428 5085 matres,
3455 5020 3523 5071 ita
3548 5020 3767 5087 explen-

2189 5090 2292 5142 dus
2324 5104 2337 5139 :
2374 5086 2566 5141 Matres
2590 5086 2819 5156 familias
2847 5103 2986 5151 vero,
3008 5086 3123 5157 qua:
3149 5090 3200 5141 in
3230 5086 3763 5141 matrimonium’con-

2188 5167 2424 5211 venerunt
2457 5174 2547 5224 per
2575 5158 2962 5224 coemptionem,
2986 5160 3249 5226 quoaiam,
3282 5170 3384 5211 etc.
3412 5158 3540 5211 Nam
3572 5158 3767 5227 alioqui

2191 5228 2480 5296 descriptio
2509 5228 2597 5282 illa
2626 5228 2849 5282 minime
2872 5230 3133 5296 matronis
3159 5230 3428 5292 convenit,
3461 5230 3554 5281 sed
3584 5231 3769 5281 matri-

2194 5299 2291 5350 hus
2338 5295 2564 5352 fatnilias
2607 5307 2833 5352 tantum.
2865 5295 2983 5349 Vid.
3027 5300 3183 5351 etiam
3233 5300 3415 5364 Serm,
3450 5301 3515 5351 ad
3568 5300 3642 5354 ill.
3697 5314 3767 5352 vu

2192 5368 2410 5421 1Eneid.
2446 5383 2461 5423 :
2498 5368 2762 5434 Quwritur
2810 5367 2991 5421 Itaares.
3048 5369 3113 5422 Et
3158 5369 3295 5423 forte
3347 5368 3509 5424 etiam
3552 5371 3766 5423 tertium

2191 5439 2486 5493 membrum
2518 5439 2585 5495 de
2636 5448 2807 5493 matre
2855 5438 3227 5505 desideratur;
3285 5440 3511 5493 consule
3561 5441 3655 5493 lib.
3691 5456 3766 5503 ιι,

2188 5523 2304 5575 cap.
2334 5507 2387 5571 8,
2422 5508 2722 5580 Etymolog.
2752 5508 2867 5562 Vid.
2899 5508 3066 5580 Fest.,
3095 5509 3225 5565 :Iict.
3260 5510 3423 5564 Mater
3440 5508 3686 5579 familias,
3719 5520 3770 5564 et

2186 5580 2346 5648 Νοη..
2376 5578 2507 5633 dict.
2534 5579 2809 5641 Matronar,
2839 5589 2892 5631 et
2921 5578 3114 5633 Matres
3145 5580 3393 5648 familias.

2257 5647 2394 5701 Ibid.
2429 5650 2483 5704 In
2527 5660 2672 5705 textu
2704 5649 2884 5704 Grialii
2913 5661 3027 5703 erat
3068 5647 3279 5704 Mesius.
3310 5652 3383 5705 De
3413 5651 3625 5705 Melissa
3654 5650 3771 5703 \ide

2182 5720 2478 5789 catalogum
2508 5721 2827 5790 scriptorum
2852 5721 2916 5773 ah
2942 5721 3141 5778 Isidoro
3168 5722 3524 5781 laudatorum,
3549 5736 3609 5774 ex
3648 5721 3771 5773 Uar-
