4104 6172
330 316 402 369 49
1558 306 2169 366 υιιτῈΕιιιςΝΤιλιιωιι
2216 304 2342 358 I.|ll.
2390 305 2427 358 1.
3565 305 3631 356 ξο

330 434 705 487 exanimatum
726 431 862 505 ML,
894 431 1164 503 exanime}
1216 445 1433 499 corpus,
1472 441 1772 485 emortuum
1805 443 1929 481 vero
1961 432 2009 489 Α
2106 425 2231 481 585.
2274 423 2410 477 Inter
2459 421 2669 476 Nudam
2710 431 2766 476 et
2804 420 3075 475 nudatum.
3136 420 3211 473 Ea
3252 420 3393 474 enim
3442 422 3636 473 ululata

332 529 571 582 vicinum
617 525 795 599 morti.

410 618 539 673 δῖε.
584 617 729 671 Inter
780 616 926 671 Mare
963 626 1018 670 et
1062 616 1250 669 maria.
1290 615 1437 670 Mare
1472 612 1800 668 elementum
1851 619 1935 666 est

337 722 537 777 totum,
572 711 740 765 maria
771 725 899 766 vero
940 718 1121 778 partes
1161 710 1345 765 maris.
1389 708 1544 765 Sicut
1580 715 1734 761 terra:
1788 714 1935 770 sunt,

334 816 483 858 terra
504 818 634 858 vero
658 812 865 857 tantum
896 801 1247 858 elementum.

316 918 320 955 Ε
415 896 545 954 576.
578 895 721 951 Inter
748 895 950 951 Montes
978 902 1037 949 et
1062 894 1237 950 colles.
1267 897 1478 949 Montes
1502 901 1740 947 tumores
1769 899 1939 946 terra-

337 1005 487 1053 rum,
509 987 683 1045 colles
695 985 1113 1057 prominentiora
1135 984 1258 1056 juga
1282 984 1567 1051 montium,
1597 983 1748 1052 quasi
1778 981 1934 1036 colla.

411 1080 542 1136 571.
595 1080 738 1135 Inter
776 1077 1194 1149 Halogranatam
1232 1086 1288 1133 et
1336 1076 1776 1148 Malogranatunt.
1826 1075 1939 1129 lla-

340 1174 657 1245 Iugranata,
711 1172 953 1228 feminini
1000 1170 1243 1244 generis,
1292 1171 1454 1225 arbor
1501 1177 1623 1237 est;
1678 1168 1943 1237 malogra-

340 1276 529 1320 natum
560 1279 714 1330 vero,
736 1262 954 1334 generis
984 1263 1180 1328 neutri,
1214 1277 1430 1331 pomum
1461 1271 1563 1316 est.
1590 1260 1739 1315 Sicut
1770 1257 1936 1327 persi-

342 1374 444 1414 eus
468 1367 525 1414 et
552 1357 818 1427 persicum
845 1374 859 1410 :
891 1357 1158 1426 persicus,
1188 1357 1401 1424 generis
1431 1353 1705 1418 feminini,
1749 1351 1941 1413 arbor;

345 1453 637 1521 persicum,
663 1449 878 1521 generis
914 1448 1111 1515 neutri,
1141 1450 1345 1502 fructus
1375 1454 1478 1500 est.
1523 1446 1675 1501 Sicut
1700 1444 1871 1498 buxus
1893 1451 1947 1497 et

349 1544 585 1598 buxum:
614 1557 738 1596 nam
773 1541 970 1596 buxum
995 1549 1243 1594 neutrum
1268 1539 1288 1612 [
1310 1538 1419 1604 AL,
1454 1535 1627 1591 neutri
1659 1533 1710 1606 ],
1744 1535 1944 1604 lignum

347 1644 433 1692 est
462 1652 478 1690 :
514 1640 689 1689 buxus
716 1632 1032 1687 femininum
1063 1632 1075 1704 |
1112 1633 1222 1696 AL,
1251 1631 1490 1686 feminini
1512 1628 1554 1700 ],
1584 1629 1745 1683 arbor
1771 1638 1874 1682 est.

418 1728 551 1782 578.
589 1727 732 1780 Inter
763 1724 934 1794 Magis
961 1734 1016 1779 et
1046 1725 1237 1791 potius.
1281 1722 1449 1792 Magis
1499 1728 1584 1776 est
1611 1720 1837 1773 alterum
1880 1732 1944 1772 ex

2038 516 2291 569 IIII'IIIIIIII'
2319 530 2436 584 qua:
2470 514 2648 568 vestiri
2676 513 2871 578 solent,
2902 528 2963 567 ea
2997 511 3139 566 nuda
3165 527 3284 582 qu;e
3326 526 3430 566 non
3462 512 3637 565 solent

2040 609 2165 677 tegi.
2216 606 2344 662 Item
2378 605 2550 659 nudus
2589 602 2731 658 illius
2763 604 2838 658 rei
2886 611 2980 656 aut
3023 603 3109 657 illa
3153 617 3212 660 re
3241 607 3379 658 bene
3420 602 3636 659 dicitur.

2043 700 2281 754 Nudatos
2311 713 2441 753 vero
2470 700 2536 752 ab
2567 698 2656 752 illo
2686 696 3029 750 denuntiatur
3050 694 3181 767 [Al.,
3213 694 3667 767 deiinntiamusl.‘

2113 810 2241 865 586.
2286 811 2428 865 Inter
2457 808 2719 882 Negamus
2772 815 2829 863 et
2877 808 3211 880 abnegamtts.
3257 807 3547 880 Negamus,
3593 809 3650 865 si

2043 901 2169 972 quid
2201 904 2478 969 objicitur;
2507 902 2856 970 abnegamus,
2880 901 2922 954 si
2954 898 3080 969 quid
3113 899 3330 969 petitur.

2114 991 2239 1047 587.
2273 993 2411 1047 Inter
2446 991 2715 1046 Neminem
2761 1001 2815 1045 et
2860 991 3083 1047 nullum.
3132 990 3412 1047 Neminem
3450 990 3517 1047 ad
3545 990 3642 1047 ho-

2048 1084 2244 1137 minem
2277 1084 2582 1147 referimus,
2626 1082 2831 1136 nullum
2860 1081 2925 1135 ad
2957 1080 3160 1135 omnia.

2119 1176 2243 1231 588.
2288 1175 2433 1231 Inter
2464 1173 2690 1240 Nomen,
2733 1189 3046 1244 prtenomen,
3077 1189 3356 1245 cognomen
3399 1182 3453 1230 et
3482 1189 3644 1247 agno-

2049 1281 2180 1319 men.
2238 1265 2438 1319 Nomen
2472 1263 2603 1336 [Al.,
2650 1262 2979 1335 praenomen]
3022 1270 3107 1320 est
3155 1265 3471 1320 vocabulum
3516 1277 3641 1331 pm-

2051 1356 2181 1425 pria:
2203 1355 2574 1424 appellationis
2613 1371 2628 1421 ;
2670 1368 2996 1423 prtenomen,
3029 1353 3172 1424 quod
3202 1356 3533 1422 nominibus,
3567 1355 3641 1409 ob

2049 1449 2360 1519 dignitatem
2393 1447 2526 1519 [Al.,
2578 1446 2852 1518 dignitate]
2904 1447 3116 1517 generis
3174 1447 3540 1517 praeponitur:
3591 1457 3642 1499 ut

2052 1540 2270 1594 Publius
2315 1539 2582 1608 Virgilius.
2633 1538 2751 1593 Non
2796 1538 2940 1593 enim
2978 1551 3261 1608 possumus
3306 1536 3487 1592 dicere
3510 1533 3640 1611 [AI.,

2050 1629 2301 1703 dicimus]
2337 1630 2586 1699 Virgilius
2616 1629 2852 1686 Publius.
2883 1628 3216 1699 Cognomen,
3240 1629 3381 1700 quod
3413 1643 3475 1684 et
3503 1629 3647 1682 fami-

2055 1722 2123 1775 lia
2146 1721 2359 1792 generis
2388 1723 2551 1789 venit,
2587 1729 2646 1776 ut
2688 1730 2811 1790 puta
2840 1719 3025 1790 Scipio
3053 1720 3355 1785 Cornelius,
3388 1734 3418 1774 a
3446 1720 3646 1776 Corne-

355 1818 576 1874 duobus
607 1817 884 1887 prailerre,
916 1826 1095 1871 utrum
1138 1823 1449 1885 comparet;
1499 1812 1672 1881 potius
1720 1811 1950 1865 alterum
1986 1812 2027 1874 Β
2060 1819 2125 1873 lia
2152 1818 2350 1872 familia
2378 1828 2546 1871 ortus.
2596 1818 2891 1884 Agnomen,
2925 1818 3029 1887 51
3061 1815 3199 1885 quod
3225 1830 3291 1870 ex
3322 1816 3540 1880 virtute,
3564 1816 3660 1868 vel.

346 1914 588 1966 damnat.

2058 1909 2187 1965 vitio
2242 1910 2512 1966 trahitur:
2563 1919 2617 1964 ut
2661 1910 2840 1979 Scipio
2880 1908 3184 1974 Africanus,
3237 1922 3336 1977 pro
3388 1922 3453 1963 eo
3510 1909 3650 1976 quod

420 2002 553 2056 579.
588 1998 733 2055 Inter
754 1996 903 2054 Mala
947 2007 1003 2055 et
1032 1999 1218 2060 malas.
1251 1996 1386 2052 Mala
1420 2011 1575 2068 poma
1608 2003 1754 2063 sunt,
1800 1994 1948 2050 malm

2057 2003 2291 2059 Africam
2318 2003 2507 2058 vicerit
2532 2020 2545 2057 :
2579 2002 2662 2057 vel
2686 2001 2943 2057 Lentulus
2968 1999 3124 2066 Sura,
3149 2015 3246 2071 pro
3269 2013 3335 2055 co
3357 2000 3498 2070 quod
3540 2015 3650 2053 ma-

353 2110 486 2149 vero
517 2092 771 2147 maxilla.

426 2185 556 2240 διο.
588 2184 732 2238 Inter
755 2182 953 2236 Marem
1006 2190 1060 2235 et
1100 2196 1261 2235 mare.
1313 2180 1515 2237 Marem
1549 2223 1565 2248 ,
1618 2179 1948 2245 masculum;

348 2294 503 2334 mare
536 2278 864 2332 elementum
903 2282 987 2329 est
1007 2288 1183 2343 aquae.

426 2370 525 2423 58!
542 2413 555 2424 .
587 2369 731 2422 Inter
754 2365 1085 2420 Mentientem
1107 2374 1159 2419 et
1187 2363 1471 2434 fauentem.
1495 2363 1949 2419 Considerandum

347 2470 437 2518 est
462 2460 605 2530 quod
631 2459 721 2514 ille
750 2457 1007 2512 mentitur
1034 2454 1123 2526 qui
1152 2455 1263 2509 vult
1287 2454 1454 2509 videri
1498 2456 1641 2524 quod
1684 2469 1788 2509 non
1832 2465 1947 2510 est:

346 2557 442 2627 qui
469 2553 655 2628 [Forte
679 2550 826 2624 quia]
852 2558 1031 2605 autem
1065 2565 1171 2604 non
1202 2549 1389 2603 volens
1431 2547 1572 2602 aliud
1605 2558 1754 2618 putat
1783 2563 1946 2619 quam

345 2658 454 2714 est,
481 2661 589 2701 non
613 2643 892 2708 mentitur,
923 2642 1019 2699 sed
1043 2642 1263 2697 fallitur.
1296 2641 1441 2696 Inest
1481 2655 1612 2710 ergo
1660 2641 1767 2711 50
1802 2642 1946 2696 omni

348 2737 634 2795 mentienti
660 2735 908 2791 voluntas
938 2733 1154 2790 fallendi
1180 2751 1195 2787 :
1224 2747 1313 2787 res
1338 2741 1515 2786 autem
1568 2730 1784 2785 fallendi
1816 2772 1830 2796 ,
1856 2744 1950 2785 ναι

344 2832 530 2889 Iunias
556 2844 667 2886 non
716 2838 799 2885 est
851 2826 1167 2884 mentiendi.
1227 2825 1359 2881 Nam
1403 2832 1459 2880 et
1498 2823 1634 2893 lapis
1689 2822 1841 2890 fallit,
1893 2833 1950 2879 et

345 2922 521 2978 multa
553 2934 780 2990 corpora
811 2920 992 2988 specie
1023 2917 1249 2985 fallunt,
1288 2925 1343 2971 ut
1396 2916 1528 2972 remi
1577 2916 1727 2970 tracti
1763 2915 1816 2969 in
1848 2930 1947 2970 un-

340 3017 437 3080 da,
461 3015 587 3067 dum
613 3011 959 3081 sintiulegri:
990 3010 1084 3066 sed
1121 3019 1176 3065 et
1206 3018 1382 3064 turres
1407 3053 1420 3077 ,
1454 3009 1604 3079 quasi
1648 3017 1943 3074 currentes,

339 3108 535 3163 oculos
588 3103 950 3176 navigantium
1000 3102 1209 3157 fallunt.
1268 3102 1331 3157 Et
1365 3112 1542 3156 tamen
1598 3101 1701 3156 hoc
1740 3110 1944 3156 natura:

341 3206 509 3267 agunt
546 3195 728 3265 specie
757 3210 862 3249 non
893 3192 1184 3250 mentiendi
1216 3194 1511 3248 voluntate.

415 3282 546 3341 582.
581 3283 726 3337 Inter
756 3281 955 3335 Monile
998 3287 1055 3335 et
1093 3279 1302 3333 munile.
1342 3278 1538 3334 Monile
1583 3277 1777 3333 dicitur
1827 3278 1949 3333 bar-

340 3392 485 3448 pago
513 3393 544 3430 a
580 3374 884 3439 monendo,
931 3387 997 3427 eo
1047 3370 1188 3442 quod
1239 3378 1456 3426 moneat
1508 3370 1785 3425 mulierem
1826 3384 1949 3425 esse

338 3473 448 3527 sub
478 3480 751 3541 putestate
776 3468 913 3534 viri;
944 3464 1147 3521 munile
1177 3478 1306 3519 vero
1323 3464 1517 3519 dicitur
1545 3464 1945 3533 vestimentum,

339 3578 372 3617 a
404 3559 717 3625 muniendo,
753 3558 833 3614 vcl
864 3556 1061 3614 munile
1088 3554 1285 3611 dicitur
1311 3564 1682 3610 ornamentum
1710 3570 1772 3610 ex
1801 3569 1949 3624 gem-

341 3655 449 3709 mis
493 3651 636 3720 quod
659 3649 801 3706 solet
826 3665 890 3705 ex
916 3649 1235 3704 feminarum
1263 3645 1498 3717 pendere
1527 3646 1669 3701 collo
1694 3662 1708 3700 :
1741 3645 1945 3702 dictum

342 3760 378 3801 3
405 3760 656 3801 munere.

940 3830 1019 3887 De
1042 3831 1220 3886 littera
1245 3826 1311 3884 N.

416 3925 546 3982 583.
579 3924 724 3981 Inter
746 3923 1112 3978 Necessitatem
1146 3930 1202 3977 et
1246 3918 1687 3975 necessitudinem.
1742 3918 1938 3973 No-ccs-

343 4018 482 4074 sitas
510 4015 710 4085 aliquid
759 4015 871 4071 lieri
899 4014 1061 4084 cosit,
1106 4011 1448 4069 necessitudo
1494 4018 1674 4065 autem
1719 4011 1940 4065 alii-ctus

343 4118 435 4165 est
469 4106 552 4161 vel
577 4107 844 4161 vinculum
873 4103 1300 4175 propinquitatis.

419 4202 551 4258 584.
585 4202 725 4259 Inter
774 4200 927 4256 Nihil
973 4210 1030 4256 et
1069 4199 1238 4255 nihili.
1286 4199 1425 4256 Nihil
1466 4200 1777 4256 adverbium
1836 4210 1938 4266 cst,

345 4294 502 4351 nihili
529 4302 709 4351 autem
741 4294 902 4350 homo
935 4278 1131 4348 nullius
1174 4293 1451 4348 momenti.

348 4428 470 4485 thio
500 4438 553 4484 et
582 4427 854 4495 Fabricio,
879 4428 930 4483 in
963 4427 1293 4496 lsidorianis,
1317 4444 1437 4496 cap.
1468 4427 1558 4497 55,
1586 4445 1731 4485 num.
1753 4430 1808 4484 Ξ.
1836 4429 1945 4486 Mc-

350 4499 482 4570 Iissir
500 4514 741 4570 quoque_
758 4500 872 4570 sive
899 4498 1166 4570 ejusdem,
1204 4499 1314 4554 sive
1329 4498 1559 4570 alterius
1590 4503 1946 4556 meminerunt

347 4568 689 4693 Qbalcidjuz,
717 4568 1002 4624 Plinins'et
1025 4569 1283 4625 Donatus.
1313 4568 1533 4625 Correxi
1564 4573 1615 4624 in
1644 4573 1816 4626 mariti
1849 4587 1946 4642 pro

347 4657 400 4692 In
430 4649 606 4693 mam.
686 4655 807 4693 BEV.

419 4711 553 4804 se
585 4710 1074 4804 EEEE’i-niﬂfl':
1355 4709 1514 4804 310'.
1535 4713 1699 4804 ’ῖεανθα
1735 4712 1942 4768 immt-
1976 4746 2028 4804 υ

421 4780 553 4835 δ’ἱδ.
586 4780 773 4841 Varro.
799 4797 829 4834 a
861 4781 1097 4843 colendo,
1137 4798 1183 4834 Iv
1213 4784 1281 4835 de
1311 4780 1463 4849 Ling.
1495 4780 1611 4834 Lat.

424 4850 567 4924 Ibid.
603 4849 765 4917 Quasi
810 4852 964 4924 colla.
1005 4853 1080 4906 lta
1131 4852 1290 4905 ctiam
1345 4851 1436 4906 lib.
1487 4867 1573 4905 xiv
1616 4851 1942 4924 Etymolog.,

343 4937 471 4986 cap.
505 4923 562 4986 8,
594 4936 742 4974 Itum.
773 4922 859 4975 I9.
892 4922 1063 4977 Aurv.

422 4988 553 5045 38!.
587 4991 689 5114 fles
716 5004 914 5059 autem,
940 5002 1047 5048 etc.
1081 4994 1192 5059 AL,
1221 5009 1300 5047 res
1330 5002 1500 5048 autem
1527 4994 1740 5063 fallunt,
1766 4995 1951 5064 quibus

422 5079 523 5114 mn
555 5079 578 5114 ι
646 5102 658 5114 .

345 5073 523 5117 tanien
555 5073 658 5115 sol.

425 5163 494 5171 —
526 5132 728 5257 ﬁnde,
760 5142 863 5187 etc.
898 5129 992 5195 F..
1022 5135 1211 5205 species
1239 5136 1390 5189 etiam
1420 5134 1607 5203 fallunt
1635 5145 1709 5189 ut.

426 5233 497 5244 —
584 5213 777 5257 aturaz.
812 5213 915 5257 etc.
950 5204 1037 5257 F..
1069 5205 1269 5257 Natura
1299 5224 1383 5257 ua.
1416 5207 1631 5257 species.

426 5204 777 5275 j-rNalurte,
812 5213 915 5275 etc.
950 5204 1269 5263 F..rl\'atura
1299 5224 1383 5275 ag.
1416 5207 1631 5272 species.

427 5272 571 5399 Nix.
604 5272 857 5331 Fortasse
888 5274 1145 5330 Paulinus
1168 5276 1219 5330 in
1268 5272 1411 5332 teitu
1445 5278 1650 5346 legebat
1693 5278 1812 5347 quia
1854 5293 1952 5331 att-

427 5362 474 5399 n.
562 5362 687 5399 nev.

618 5362 687 5398 ‘V.

348 5355 787 5539 ‘(gkétnéodem
810 5430 971 5472 sensu
993 5417 1056 5473 C.
1082 5417 1301 5483 Fronto,
1329 5428 1384 5472 et
1406 5416 1636 5471 Scaurus
1660 5427 1727 5472 de
1751 5417 1953 5473 Ortho-

348 5502 486 5539 zran
511 5502 602 5539 na.

344 5502 602 5558 graotna.

423 5555 555 5628 584.
591 5559 874 5628 Agrartins,
904 5566 957 5613 et
982 5554 1215 5613 Carisius
1246 5558 1358 5613 fere
1389 5558 1596 5613 eadem.

424 5627 556 5683 385.
589 5627 663 5683 lis
683 5630 836 5684 Serv.
857 5644 1049 5684 sensus
1069 5643 1353 5699 espressus
1370 5631 1434 5683 ad
1459 5628 1587 5682 illud
1616 5646 1687 5685 xu
1710 5627 1953 5697 Aineiilq

352 5697 578 5753 Nudato
624 5702 808 5765 capite.

426 5768 553 5824 537.
588 5770 826 5827 Breviter
842 5770 1164 5827 Frontonem
1184 5772 1441 5841 expressit
1463 5789 1474 5825 :
1498 5769 1686 5825 Nullus
1710 5781 1814 5826 tam
1837 5775 1888 5826 in
1915 5789 1968 5828 re

2052 2096 2199 2166 jores
2253 2094 2511 2171 habuerat
2560 2109 2735 2149 suras.
2767 2092 2996 2149 Proinde
3048 2107 3240 2148 nomen
3268 2107 3298 2146 a
3328 2091 3651 2162 proprietate

2054 2186 2219 2253 venit,
2270 2200 2577 2255 praenomen
2622 2202 2651 2239 a
2692 2185 2973 2257 dignitate,
2999 2198 3293 2253 cognomen
3333 2184 3402 2237 ab
3424 2184 3651 2252 origine,

2055 2293 2321 2348 agnomen
2353 2293 2489 2334 vero
2510 2293 2539 2333 a
2568 2277 2748 2348 specie
2779 2278 2860 2334 vel
2890 2278 3124 2333 actione.

2125 2370 2249 2427 589.
2300 2371 2443 2427 Inter
2473 2371 2723 2426 Nascitur
2753 2382 2809 2426 et
2848 2371 3129 2427 enascitur.
3181 2368 3466 2434 Nascitur,
3511 2370 3648 2437 quod

2053 2466 2120 2520 ab
2163 2473 2311 2519 utero
2353 2463 2590 2529 decidit;
2623 2465 2914 2526 enascitur.
2938 2461 3078 2533 quod
3109 2477 3175 2516 ex
3205 2469 3368 2529 terra,
3393 2468 3484 2514 aut
3506 2474 3645 2529 aqua

2052 2555 2312 2627 exsurgit.

2123 2648 2247 2703 59-“).
2300 2648 2442 2704 Inter
2484 2645 2719 2701 Nautam
2764 2654 2817 2701 ct
2867 2645 3111 2700 navitam.
3158 2643 3346 2698 Navita
3376 2642 3641 2711 poeticum

2051 2750 2156 2795 est.
2184 2738 2315 2794 Nam
2347 2739 2518 2793 dictus
2546 2748 2629 2794 est
2654 2752 2684 2791 a
2707 2745 2887 2801 nauta,
2919 2737 3011 2791 sed
3041 2750 3202 2791 causa
3232 2734 3385 2789 metri
3418 2749 3446 2787 a
3478 2732 3651 2802 poetis

2055 2848 2155 2885 nua
2196 2830 2368 2885 littera
2399 2829 2576 2883 addita
2608 2837 2711 2882 est.

2124 2924 2248 2979 59L
2284 2922 2429 2978 Inter
2461 2921 2604 2975 Nam
2650 2931 2703 2977 et
2732 2935 2890 2975 nunc.
2939 2919 3103 2985 Num,
3160 2917 3432 2987 nunquid;
3486 2930 3646 2982 nunc,

2053 3016 2238 3072 modo.

2119 3106 2244 3163 592.
2276 3103 2418 3161 Inter
2447 3104 2528 3159 Ne
2576 3112 2630 3158 ct
2685 3119 2785 3158 me.
2816 3102 2927 3169 Nae,
2963 3102 3007 3157 si
3060 3099 3407 3172 prtepunitur,
3460 3097 3651 3151 adve.

1973 3202 2019 3266 C
2048 3198 2194 3254 bium
2240 3207 2321 3252 est
2367 3206 2421 3253 et
2447 3203 2605 3249 acuto
2634 3204 2855 3249 accentu
2908 3191 3303 3262 pronuntiatur,
3338 3203 3404 3243 ne
3448 3202 3573 3242 vero
3604 3188 3650 3242 si

2054 3289 2427 3361 subjungatur,
2454 3287 2760 3356 conjunctio
2787 3294 2889 3354 est,
2921 3294 2975 3339 et
3006 3297 3194 3354 presso
3223 3289 3470 3336 accentu.

2128 3381 2253 3435 595.
2312 3381 2457 3435 Inter
2483 3379 2651 3451 Nigro
2697 3388 2752 3432 et
2800 3380 2983 3448 migro.
3016 3374 3177 3445 Nigro
3228 3373 3436 3444 nigrum
3485 3369 3644 3433 facio,

2053 3473 2224 3544 migro
2253 3472 2544 3526 demutatio
2577 3469 2713 3542 [Αι.,
2742 3469 2810 3523 de
2841 3469 2960 3524 loco
3000 3467 3245 3540 mutatio]
3278 3480 3379 3524 cst.

2124 3563 2249 3619 59L
2285 3563 2427 3618 Inter
2452 3561 2712 3617 Neutrum
2739 3569 2793 3616 et
2812 3561 3115 3615 neutralcm.
3140 3560 3397 3617 Neutrum
3428 3577 3648 3629 nomen,

2052 3663 2143 3711 aut
2172 3668 2487 3727 pronomen,
2544 3652 2626 3707 vel
2678 3651 3015 3722 participium
3044 3667 3059 3717 ;
3109 3652 3347 3708 neutrale
3377 3668 3505 3709 vero
3531 3668 3651 3707 ver—-

2048 3745 2173 3802 bum
2207 3755 2312 3801 cst.

2117 3836 2244 3892 595.
2271 3836 2411 3890 Inter
2440 3833 2605 3889 Notus
2642 3841 2695 3888 et
2722 3842 2871 3887 notus
2922 3831 3053 3903 [Al.,
3091 3830 3264 3903 netu].
3293 3832 3481 3898 Notus,
3524 3848 3647 3901 rag-

2048 3930 2211 3997 nitus,
2243 3924 2615 3995 notusjudicio
2642 3942 2655 3989 ;
2684 3923 2871 3989 Notus,
2898 3924 3114 3977 Auster.

2122 4020 2247 4075 596.
2275 4018 2417 4073 Inter
2448 4015 2690 4071 Nobilem
2733 4023 2788 4070 et
2838 4013 3078 4069 nobilem.
3133 4013 3374 4079 Nobilis,
3417 4028 3644 4084 genero-

2049 4124 2181 4175 sus;
2214 4105 2425 4172 nobilis,
2477 4115 2634 4160 notus
2663 4103 2937 4159 omnibus.

2121 4200 2245 4255 597.
2280 4199 2421 4253 Inter
2454 4196 2682 4252 Nomina
2708 4206 2762 4253 et
2795 4195 3048 4251 Numina.
3080 4194 3307 4252 Nomina
3339 4206 3459 4252 sunt
3491 4212 3645 4252 voca-

2052 4292 2196 4355 bula.
2226 4289 2465 4354 numina,
2494 4298 2749 4356 potestas.

2047 4429 2283 4555 ᾳααηὲἱη
2308 4441 2560 4551 ptisana:
2585 4442 2730 4480 nemo
2756 4426 2811 4479 in
2839 4439 3057 4496 persona
3080 4424 3289 4495 dicitur,
3313 4436 3369 4481 ut
3400 4444 3545 4482 nemo
3565 4429 3652 4483 lto-

2050 4517 2152 4555 mo.
2226 4542 2241 4555 .
2272 4515 2334 4553 ne
2395 4512 2532 4551 omo.

2050 4517 2152 4564 m0,
2179 4512 2241 4557 ιτ.
2272 4515 2334 4553 ne
2358 4512 2532 4551 nomo.

2120 4570 2245 4624 588.
2278 4568 2526 4624 Testibus
2558 4567 2857 4635 Sosipatro,
2878 4565 3103 4627 lienam,
3122 4566 3398 4629 Diomede,
3423 4577 3477 4622 et
3498 4569 3643 4624 aliis:

2054 4641 2257 4695 Nomen
2285 4650 2377 4703 est,
2421 4640 2557 4708 quod
2588 4638 2837 4707 originem
2880 4638 3042 4708 gentis
3079 4637 3332 4700 declarat,
3383 4649 3434 4690 ut
3460 4637 3647 4693 Corne—

2053 4714 2173 4766 lius.
2201 4710 2526 4777 Praanomen,
2559 4709 2695 4776 quod
2725 4708 2917 4761 nomini
2947 4708 3198 4777 gentilitio
3227 4710 3568 4777 praeponitur,
3595 4720 3652 4763 ut

2057 4783 2294 4836 Publius.
2325 4776 2639 4846 Cognomen,
2658 4780 2796 4848 quod
2812 4776 3103 4833 nominibus
3127 4776 3405 4832 Gentilitiis
3434 4780 3649 4849 subjun-

2053 4854 2209 4921 gitur,
2240 4862 2295 4906 ut
2320 4850 2519 4916 Scipio.
2543 4850 2829 4919 Agnonten,
2853 4849 2991 4921 quod
3013 4849 3322 4921 extrinsecus
3343 4850 3468 4902 addi
3498 4851 3648 4921 solet,

2055 4919 2231 4993 aliqua
2257 4923 2476 4986 ratione,
2509 4923 2785 4993 uel‘eventu
2814 4919 3103 4993 quaesitum,
3150 4928 3205 4972 ut
3231 4920 3524 4989 Africanus.
3557 4920 3651 4973 Ilie

2061 4990 2190 5048 vero
2239 4994 2292 5047 in
2337 5002 2560 5059 utroque
2591 4990 2954 5058 Manuscripto
2976 5003 3273 5060 cognomen
3304 4998 3359 5043 et
3386 5005 3653 5060 agnomen

2055 5065 2212 5120 sedes
2233 5070 2641 5133 permutarent;
2691 5061 3005 5133 reduximus
3056 5070 3229 5133 tamen
3272 5068 3557 5133 utrumque
3598 5064 3647 5113 in

2056 5151 2211 5190 suum
2234 5130 2441 5197 locum,
2476 5147 2581 5187 non
2613 5132 2772 5188 modo
2794 5131 2859 5187 iis
2893 5146 3025 5201 quos
3059 5130 3167 5201 dixi
3199 5130 3526 5197 auctoribus,
3553 5135 3644 5185 sed

2058 5208 2175 5276 ipso
2224 5206 2386 5261 etiam
2432 5203 2634 5260 Isidoro
2678 5202 2774 5258 lib.
2822 5218 2837 5257 I
2875 5200 3203 5273 Etymolog.,
3257 5214 3377 5269 cap.
3420 5202 3490 5257 de
3545 5200 3667 5257 Nm

2060 5292 2222 5333 mine.
3394 5316 3398 5320 .

2130 5344 2256 5401 589.
2301 5346 2377 5400 Ex
2402 5343 2637 5415 Agrmtio

2128 5419 2253 5473 59d.
2289 5412 2544 5484 Fest.,'in
2570 5415 2697 5469 dict.
2731 5412 2946 5469 Navita.

2129 5489 2256 5545 596.
2286 5487 2362 5542 Ex
2395 5483 2559 5552 Nun.,
2584 5485 2711 5541 dict.
2748 5483 2956 5538 Nobile:

2134 5591 2198 5601 —
2222 5559 2311 5615 Sic
2334 5556 2629 5617 Titinnius;
2656 5556 2793 5627 male
2816 5556 2961 5624 {actis
2988 5551 3333 5625 nobilitarent,
3355 5557 3491 5627 quod
3521 5560 3653 5611 nati-1

2058 5632 2271 5703 ﬁcarent
2293 5628 2447 5703 _Nou_.
2498 5626 2730 5703 exposit,

2128 5701 2254 5757 597.
2291 5700 2368 5769 Ex
2413 5699 2590 5768 Serv.,
2622 5696 2687 5752 ad
2712 5696 2841 5753 illud
2880 5695 3058 5769 Eclng.
3097 5714 3149 5754 tv
3178 5715 3190 5753 :
3217 5698 3402 5753 Stabili
3428 5700 3652 5769 fatorum

2078 5774 2283 5827 numine
2312 5768 2511 5824 Parem.
