4108 6178
449 346 472 375 κ

978 474 991 481 ·
1051 450 1127 505 De
1155 450 1319 504 littera
1345 450 1411 503 υ.

519 564 643 619 598.
690 561 832 617 Inter
866 562 1105 615 Osculum
1143 568 1197 614 et
1237 575 1435 631 pacem.
1485 558 1671 613 Pacem
1702 558 1887 612 amicis
1922 556 2029 629 [Αἱ.

450 655 575 709 add.
608 653 793 708 amicis
820 651 927 724 vel]
961 654 1081 706 ﬁliis
1130 652 1371 704 osculum
1399 649 1512 704 dari
1542 649 1767 704 dicimus
1798 665 1814 703 :
1852 651 2031 702 uxori-

453 751 550 803 hns
603 748 826 808 basium,
859 757 1037 800 scorto
1083 745 1325 798 suavium
1356 742 1464 814 (Al.
1497 742 1750 814 savium].
1785 743 1912 797 Item
1944 758 2032 795 ns-

446 843 625 896 culum
654 839 924 895 cbaritatis
952 846 1056 901 est,
1103 836 1308 891 basium
1358 836 1627 890 blanditia:
1655 835 1789 908 [Al.,
1824 835 2034 888 blandi-

452 931 627 1001 tinm],
672 930 908 985 suavium
940 928 1248 995 voluptatis.
1287 926 1441 994 Quod
1494 925 1707 996 quidam
1741 927 1900 979 etiam
1934 927 2038 996 52

449 1023 693 1076 versibus
722 1021 804 1075 his
832 1020 1073 1074 distinxit
1098 1037 1114 1074 :

600 1158 743 1208 Basia
764 1158 1074 1219 coniugibus,
1100 1156 1186 1204 sed
1210 1164 1263 1205 et
1288 1152 1451 1205 oscula
1474 1155 1869 1219 danturamicis:

606 1220 780 1269 Suavis
822 1216 1013 1269 lascivis
1055 1219 1321 1266 miscentur
1352 1228 1486 1279 grata
1513 1216 1730 1265 labellis.

520 1345 646 1403 509.
673 1347 809 1400 Inter
830 1344 1155 1398 Occasionem
1177 1356 1227 1397 et
1242 1343 1688 1414 opportunitatem.
1714 1338 2042 1393 Convenien-

459 1448 541 1494 ter
594 1440 645 1492 in
679 1437 868 1493 litteris
898 1436 1142 1506 ponitur,
1175 1434 1385 1489 occasio
1434 1434 1631 1487 arrisit.
1662 1432 2040 1501 Opportunitas

462 1545 522 1585 se
553 1530 796 1598 praebuit,
830 1529 911 1583 vel
942 1527 1174 1582 secunda
1211 1525 1488 1581 successit.

525 1619 653 1675 400.
694 1620 833 1674 Inter
861 1618 1274 1673 Obscrvationem
1321 1626 1376 1671 et
1426 1617 1816 1672 observantiam.
1847 1615 2044 1670 Obser-

455 1713 598 1767 vatio
623 1728 784 1777 curae,
814 1711 1067 1767 doctrinae
1114 1720 1168 1765 et
1217 1710 1347 1764 artis
1393 1717 1497 1776 est,
1541 1708 1883 1763 observantia
1915 1720 2044 1761 vero

456 1806 628 1861 cultus
656 1816 711 1860 et
756 1805 1022 1874 religionis
1050 1813 1156 1860 est.

526 1896 651 1950 401.
684 1895 827 1949 Inter
857 1894 999 1963 Opus
1050 1902 1102 1947 et
1151 1892 1512 1962 operationem.
1561 1892 1707 1959 Opus
1738 1890 2035 1960 diciturip—

460 1999 575 2038 sum
608 1984 746 2054 quod
778 1986 855 2048 lit,
888 1982 1125 2049 operatio
1158 1991 1333 2035 autem
1363 1983 1472 2045 ipsa
1500 1981 1574 2034 rei
1604 1982 1742 2035 actio
1772 1991 1875 2034 est.

531 2074 655 2128 402.
691 2073 834 2128 Inter
875 2072 1036 2127 Omne
1076 2081 1132 2129 et
1170 2082 1349 2125 totum.
1397 2069 1567 2125 Omne
1626 2069 1692 2124 ad
1741 2070 2038 2125 multitudi-

462 2184 582 2221 nem
630 2174 687 2222 et
729 2167 796 2221 ad
840 2181 1121 2221 numerum
1153 2164 1426 2234 pertinet:
1454 2162 1562 2237 [AL
1596 2163 1723 2216 add.
1758 2171 1813 2215 ut
1841 2160 2038 2233 omnis]

460 2261 526 2313 ad
557 2272 833 2312 numerum
854 2299 869 2319 .
903 2262 962 2310 ut
988 2270 1177 2311 omnes
1212 2254 1486 2321 homines;
1517 2252 1582 2311 ad
1615 2253 2037 2317 multitudinem,

466 2362 517 2405 ut
548 2350 722 2403 omnis
748 2348 973 2414 familia,
1004 2347 1178 2406 omnis
1207 2347 1497 2415 exercitus,
1528 2361 1686 2401 omne
1717 2361 1877 2415 pecus
1905 2346 2038 2400 dici-

464 2458 602 2497 mus.
627 2441 817 2495 Totum
845 2454 970 2495 vero
1000 2439 1067 2494 ad
1119 2440 1536 2511 magnitudinem
1569 2438 1825 2507 pertinet,
1870 2448 1928 2492 ut
1953 2447 2037 2491 to-

472 2549 581 2589 tum
633 2550 827 2603 corpus
853 2576 867 2601 ,
920 2540 1031 2589 tota
1078 2544 1250 2599 terra,
1286 2545 1452 2589 totum
1483 2534 1702 2589 coelum.
1734 2534 1872 2604 Ergo
1901 2543 2040 2587 totus

467 2633 627 2683 homo
651 2670 666 2693 ,
715 2628 763 2683 si
791 2627 857 2680 ad
884 2642 1078 2696 corpus
1120 2625 1449 2693 referamus;
1480 2628 1655 2682 omnis
1696 2628 1875 2691 homo,
1905 2626 1948 2681 si
1974 2624 2041 2679 de

465 2720 755 2775 universis.
798 2718 1027 2773 Proinde
1076 2734 1234 2773 omne
1282 2720 1333 2773 in
1358 2719 1586 2773 diversis
1619 2718 1854 2787 partibus
1889 2715 2044 2787 poni-

461 2820 573 2873 tur,
610 2818 779 2864 totum
806 2821 985 2864 autem
1010 2812 1127 2865 sine
1155 2810 1392 2880 partibus
1422 2811 1581 2865 debet
1607 2824 1747 2864 esse.

532 2901 657 2959 405.
691 2902 833 2957 Inter
880 2901 1041 2957 Orare
1081 2913 1138 2959 et
1182 2918 1412 2958 exorare.
1466 2903 1635 2958 Orare
1673 2912 1756 2959 est
1788 2915 2038 2969 poscere;

468 3010 712 3060 exorare,
744 2997 1053 3064 impetrare.

531 3085 657 3142 404.
687 3086 829 3141 Inter
856 3085 1046 3142 Obesse
1072 3095 1125 3141 et
1156 3087 1369 3156 allicere.
1420 3086 1522 3153 Qui
1549 3088 1704 3142 obest
1724 3095 1912 3152 nocet,
1940 3082 2031 3154 qui

464 3175 631 3231 ofﬁcit
660 3177 773 3232 vult
795 3192 1007 3233 nocere.

534 3263 662 3321 405.
696 3267 832 3321 Inter
873 3266 1082 3337 Ofﬁcere
1122 3277 1175 3327 et
1218 3268 1441 3338 inﬁcere.
1475 3267 1701 3324 Ofﬁcerc
1745 3280 1829 3323 est
1880 3268 2037 3323 alicui

470 3358 609 3416 velle
633 3374 849 3424 nocere,
879 3360 1094 3415 iniicere
1122 3361 1356 3415 c'ilorcm
1382 3372 1609 3416 mutare.

536 3449 662 3505 406.
694 3450 835 3505 I'nter
881 3452 996 3507 Olet
1034 3461 1088 3507 et
1140 3453 1349 3508 redolet.
1385 3455 1500 3509 Olet
1550 3470 1637 3509 res
1679 3453 1813 3526 [Αι.,
1844 3451 2036 3522 olent],

466 3541 552 3596 vel
579 3541 752 3608 male,
785 3543 870 3596 vel
917 3544 1087 3608 bene;
1132 3544 1335 3602 redolet
1384 3544 1490 3616 [ΑΙ.
1528 3541 1791 3613 redolent]
1835 3553 2035 3597 tantum

466 3631 621 3686 bene.

537 3718 663 3774 407.
721 3719 865 3775 Inter
910 3721 1131 3774 Oracula
1182 3731 1235 3775 et
1281 3721 1513 3775 delubra.
1574 3720 1796 3775 Oracula
1846 3729 2039 3788 tempta

467 3821 590 3865 sunt
612 3811 701 3867 ubi
724 3821 926 3878 oratur,
947 3814 1051 3884 53
1074 3812 1215 3867 unde
1237 3823 1290 3867 et
1315 3828 1569 3882 responsa
1595 3813 1906 3868 redduntur.
1935 3812 2038 3865 De-

466 3902 620 3956 lubra
650 3914 827 3958 autem
859 3906 1056 3974 templa
1099 3905 1270 3959 Iontes
1299 3904 1545 3960 habentia
1587 3904 1651 3957 ad
1687 3904 2039 3973 puriﬁcandos

463 4001 519 4047 et
545 3995 841 4050 abluendos
870 3996 1078 4052 ﬁdeles.
1121 3998 1182 4050 Et
1209 3997 1331 4051 inde
1360 3997 1577 4051 delubra
1607 4012 1635 4050 a
1666 3996 1916 4050 diluendo
1943 4011 2037 4059 ap-

467 4086 679 4152 pellata.
722 4085 875 4141 Unde
918 4096 972 4141 et
1022 4089 1167 4154 prius
1213 4088 1326 4142 haec
1370 4089 1485 4141 loca
1528 4088 1713 4141 altaria
1744 4103 1846 4141 non
1877 4087 2035 4141 habe-

466 4176 615 4241 bant,
640 4184 700 4229 ut
731 4183 932 4229 tantum
960 4176 1183 4232 delubra
1213 4187 1417 4244 essent,
1450 4192 1555 4233 non
1584 4178 1796 4245 templa.

445 344 507 399 51
1467 332 1523 389 S.
1567 330 1814 388 ISIDOIiI
1858 327 2303 386 IIISPALENSIS
2343 324 2642 384 EPISCOPI
3642 335 3708 391 κε

2052 455 2097 507 Α
2196 443 2320 497 408.
2370 443 2511 496 Inter
2543 441 2734 495 Orbum
2759 450 2814 496 et
2842 458 3050 495 ca’cum.
3099 442 3273 496 Orbus
3313 451 3393 495 est
3441 442 3530 512 qui
3576 432 3712 499 ﬁiius

2136 535 2355 600 amittit,
2386 548 2558 587 Caecus
2586 544 2671 587 est
2696 532 2782 601 qui
2810 533 2996 587 oculos
3026 534 3220 603 perdit.

2207 626 2333 680 409.
2368 628 2509 679 Inter
2540 624 2736 677 Occidit
2762 636 2817 678 et
2841 626 3044 678 occidit.
3077 627 3302 692 Occidit,
3333 638 3575 696 correpta
3600 644 3710 680 mc-

2137 718 2247 783 dia,
2274 734 2393 771 eum
2427 716 2518 785 qui
2548 726 2789 770 mortuus
2819 729 2899 771 est
2934 719 3226 785 signiﬁcat;
3273 720 3471 773 occidit
3514 733 3711 785 autem,

2141 812 2397 882 producm
2424 810 2619 874 inedia,
2651 825 2772 864 eum
2801 812 2889 879 qui
2921 812 3191 864 interﬁcit.

2207 900 2336 956 410.
2360 900 2503 954 Inter
2528 899 2703 953 Oleam
2726 901 2979 953 ctolivam
3002 907 3247 953 auctores
3273 899 3345 953 ita
3365 900 3714 971 distinguunt,

2138 1002 2197 1044 ut
2233 991 2348 1045 olea
2377 992 2446 1044 sit
2502 990 2733 1053 fructus,
2782 990 2924 1043 oliva
2955 990 3135 1052 arbor,
3176 992 3297 1058 quia
3330 992 3609 1045 multitudo
3635 994 3716 1045 di-

2138 1082 2278 1136 citur
2300 1082 2549 1136 olivetum
2575 1122 2593 1145 ,
2647 1092 2703 1134 nt
2743 1092 3050 1148 quercetum
3092 1081 3225 1153 [Al.,
3262 1082 3632 1153 querquetum]
3664 1096 3719 1137 et

2145 1187 2415 1246 pometum
2475 1174 2603 1248 [Αι.,
2635 1175 2915 1244 vinctum].
2952 1176 3234 1229 Enimvero
3270 1176 3386 1229 sine
3411 1176 3717 1230 discriminc

2143 1278 2313 1335 poene
2361 1266 2503 1337 [Αι.,
2534 1267 2757 1320 crimine
2789 1264 3087 1335 poetarum]
3130 1274 3185 1318 ct
3225 1265 3400 1319 oleam
3441 1277 3489 1318 et
3522 1267 3715 1319 olivam

2144 1373 2240 1427 pro
2269 1357 2443 1411 fructu
2469 1373 2610 1425 sape
2647 1366 2952 1424 posuerunt.
3003 1356 3108 1411 Sed
3137 1355 3466 1409 consuetudo
3491 1356 3721 1409 obtinuit

2143 1451 2338 1504 olivam
2369 1451 2594 1505 fructum
2643 1450 2839 1502 dicere.
2888 1446 2996 1500 Nec
3042 1446 3171 1517 [Al.,
3205 1446 3386 1500 dicere
3431 1445 3547 1515 nec]
3578 1456 3720 1500 vetat

2144 1543 2425 1611 quominus
2454 1554 2509 1596 et
2533 1541 2742 1595 arboris
2770 1548 2823 1593 et
2852 1538 3051 1592 fructus
3090 1539 3228 1593 idem
3257 1554 3451 1593 nomen
3482 1538 3550 1592 sit
3581 1539 3716 1610 [Al.,

2145 1635 2416 1708 sumpsit].

2214 1728 2337 1781 411.
2388 1727 2529 1782 Inter
2561 1726 2821 1790 Odorum,
2847 1725 3104 1779 adorabile
3124 1735 3176 1779 ct
3196 1726 3532 1796 odoriferam.
3568 1728 3717 1793 Quod

2076 1810 2118 1868 Β
2145 1819 2285 1872 enim
2320 1834 2414 1885 per
2451 1832 2510 1871 sc
2552 1817 2769 1871 odorem
2821 1816 2983 1869 mittit
3027 1816 3247 1868 odorum
3300 1824 3414 1879 est,
3446 1817 3720 1870 odorahilc

2150 1907 2320 1980 [Serv.
2350 1903 2649 1975 odoratum]
2675 1920 2819 1969 vero,
2841 1906 2978 1973 quod
3008 1906 3221 1958 aliunde
3248 1904 3422 1974 [Serm
3455 1906 3721 1978 alicunde]

2140 1998 2334 2062 accipit
2361 1998 2616 2060 odorem;
2645 1994 2968 2049 odoriferum
2991 2037 3005 2060 ,
3037 1994 3176 2062 quod
3207 1994 3425 2049 odorem
3456 1996 3717 2063 sequitur.

2210 2088 2335 2142 412.
2368 2087 2512 2142 Inter
2563 2085 2785 2156 Operam
2823 2096 2877 2141 et
2935 2100 3107 2154 opera.
3160 2086 3423 2155 Operam,
3464 2101 3582 2155 quas
3610 2090 3718 2153 s't;

2143 2193 2307 2249 opera
2329 2195 2480 2249 vero,
2513 2178 2652 2246 quod
2679 2178 2758 2231 ﬁt.

2219 2271 2345 2324 415.
2376 2268 2519 2323 Inter
2547 2268 2745 2322 Ostium
2774 2277 2823 2322 et
2848 2269 3090 2322 hostiam.
3130 2266 3331 2321 Ostium
3369 2269 3509 2338 quod
3539 2271 3718 2340 aperi-

2143 2370 2253 2422 tur,
2282 2359 2450 2412 hostia
2482 2359 2819 2413 sacriﬁcium.

2211 2449 2334 2504 414.
2366 2451 2508 2505 Inter
2541 2450 2695 2504 Ortus
2724 2462 2776 2505 et
2806 2451 2998 2504 hortos.
3030 2451 3189 2507 Ortus
3215 2466 3511 2521 processus,
3538 2453 3721 2509 hortos

2140 2554 2296 2609 agros
2325 2540 2450 2594 dicit
2474 2536 2589 2611 [F.,
2644 2538 2914 2610 dicimus].

2209 2628 2338 2685 415.
2371 2630 2514 2683 Inter
2548 2628 2774 2683 Oblilum
2796 2639 2848 2683 et
2873 2629 3101 2683 oblitum.
3148 2629 3379 2685 Oblitum
3402 2670 3417 2696 ,
3449 2640 3718 2700 correpte,

2144 2721 2445 2789 periusnm;
2477 2721 2722 2785 oblitum,
2753 2721 3028 2788 producte,
3058 2722 3442 2777 immemorem.

2214 2811 2341 2865 410.
2377 2810 2519 2865 Inter
2552 2810 2749 2878 O/ferre
2776 2823 2829 2865 et
2858 2811 3067 2880 inferre.
3082 2809 3288 2865 Oﬁerre
3309 2821 3391 2866 est
3414 2812 3555 2866 ultro
3587 2827 3719 2881 pra:-

2144 2900 2295 2967 bere,
2326 2900 2524 2955 inferre
2551 2901 2860 2969 importare.

2677 2996 2785 3069 5a.
2826 2995 2902 3050 De
2931 2996 3097 3050 littera
3129 2996 3189 3050 P.

2211 3091 2337 3145 417.
2381 3088 2520 3143 Inter
2567 3087 2908 3142 Prudentium
2955 3100 3010 3144 et
3054 3090 3375 3160 sapientiam.
3434 3091 3718 3147 Prudentia

2062 3169 2192 3232 Cin
2226 3179 2473 3231 humanis
2513 3178 2714 3245 rebus,
2768 3177 3027 3246 sapientia
3072 3179 3122 3232 in
3152 3179 3346 3233 divinis
3385 3179 3721 3235 distribuitur

2147 3270 2280 3341 [Al.,
2311 3266 2605 3339 tribuitur].

2214 3358 2340 3412 418.
2385 3358 2524 3413 Inter
2566 3358 2825 3414 Pudorem
2852 3370 2908 3416 et
2945 3362 3259 3431 pudicitiam.
3320 3363 3495 3417 Pudor
3529 3377 3719 3432 corpo~

2146 3448 2218 3502 ris
2241 3456 2344 3513 est,
2379 3446 2629 3513 pudicitia
2660 3450 2873 3505 mentis.

2213 3537 2336 3592 419.
2368 3538 2509 3594 Inter
2534 3538 2783 3594 Pietatem
2809 3550 2865 3594 et
2900 3540 3238 3608 affectionem.
3275 3539 3449 3596 Pietas
3472 3543 3609 3597 inter
3629 3543 3720 3596 de—

2143 3628 2347 3685 vinctos
2377 3631 2635 3699 sanguine
2660 3632 2961 3696 exhibetur,
3011 3632 3223 3685 atl‘ecﬁu
3253 3632 3390 3686 inter
3417 3643 3717 3686 extraneos.

2209 3720 2335 3776 420.
2380 3719 2522 3775 Inter
2578 3720 2881 3775 Patientiam
2930 3731 2983 3775 et
3029 3722 3371 3774 tolerantiam.
3418 3721 3719 3775 'I‘olerantia

2141 3817 2303 3871 animi
2333 3814 2468 3888 [.-Il.,
2504 3814 2718 3885 animae]
2762 3826 2841 3869 est
2885 3815 3136 3882 patientia
3187 3815 3447 3883 corporis.
3494 3814 3560 3868 Ut
3600 3815 3715 3868 Sal-

2142 3910 2330 3964 lustius
2359 3909 2491 3981 [.—Il.,
2523 3904 2772 3977 Catilina]
2806 3907 3001 3975 Corpus
3030 3910 3226 3979 patiens
3267 3909 3468 3975 inedire,
3505 3907 3715 3977 algoris.

2210 4000 2335 4054 421.
2377 4001 2513 4054 Inter
2562 3997 2789 4053 Peritum
2810 4040 2825 4064 ,
2858 4001 3174 4070 prudentem,
3207 4000 3448 4053 callidum
3480 4010 3533 4054 et
3553 4001 3721 4069 facun-

2142 4092 2285 4145 dum.
2335 4093 2544 4147 Peritus
2595 4108 2696 4147 usu
2743 4091 2967 4156 doctus;
3020 4093 3283 4161 prudens,
3331 4093 3495 4147 veluti
3549 4092 3723 4161 pravi—

2143 4183 2316 4248 dens,
2364 4181 2508 4236 utilis
2552 4197 2730 4235 rerum
2778 4181 3076 4235 futurarum
3120 4182 3426 4248 ordinator;
3474 4182 3719 4247 callidus,

533 4312 658 4389 598.
698 4313 1019 4389 litterpretes
1047 4315 1278 4389 Terentii
1312 4330 1459 4389 scen.
1481 4318 1515 4369 9.
1541 4326 1644 4389 art.
1672 4330 1753 4379 ιιι,
1781 4316 1997 4369 Eunnch
2020 4336 2033 4372 :
2075 4323 2123 4381 ι)
2216 4316 2338 4389 loli.
2364 4317 2437 4389 Ειι
2451 4316 2854 4389 Serv.,ad_illud
2875 4332 2930 4371 ιιι
2952 4316 3078 4372 Ain.
3098 4335 3110 4371 :
3132 4318 3326 4372 Exorat
3342 4337 3511 4389 pacem
3529 4322 3717 4376 divum.

464 4384 646 4440 Oscula
658 4385 930 4453 oﬂiciorum
947 4395 1085 4451 sunt,
1102 4386 1239 4439 basia
1251 4386 1554 4454 pudicarum
1566 4386 1859 4453 a/fectuum,
1870 4389 2042 4440 suavia

468 4456 755 4509 libidinum.
786 4455 1004 4509 Servius
1018 4457 1080 4509 ad
1100 4457 1224 4509 illud
1248 4455 1407 4510 ιΑΞιι.
1426 4473 1440 4509 :
1460 4458 1649 4510 Oscula
1672 4457 1849 4510 libavit
1867 4469 2000 4510 natae
2022 4474 2040 4511 :

462 4554 537 4569 —-
563 4523 839 4606 Sciendum
879 4528 1104 4580 osculum
1142 4526 1397 4598 religionis
1444 4544 1582 4593 esse,
1623 4529 1854 4582 suavium
1896 4529 2039 4581 volu-

467 4606 643 4665 ptatis.

530 4662 793 4737 -_--Basia.
818 4666 924 4733 AL,
957 4666 1097 4737 basia
1125 4668 1426 4737 conjugibus
1446 4667 1580 4721 sedet
1611 4670 1785 4721 oscula
1816 4669 1868 4721 d.

540 4734 679 4789 Ibid.
712 4736 764 4788 In
790 4736 1054 4789 nonnullis
1078 4738 1171 4791 Ms.
1195 4734 1379 4792 {Inter
1408 4739 1601 4791 basium
1625 4748 1670 4791 et
1700 4741 1925 4792 suavium
1947 4738 2041 4791 hoc

462 4809 688 4869 interest,
731 4808 866 4873 quod
895 4808 1105 4874 basium
1167 4810 1316 4861 uxori
1358 4810 1531 4874 datur,
1583 4812 1811 4862 suavium
1854 4819 2036 4863 scorto.

462 4876 602 4950 item
638 4874 835 4950 basium
883 4873 1251 4950 blanditiarum
1295 4896 1421 4950 esse,
1465 4880 1696 4933 suavium
1744 4880 2035 4950 voluptatis.

467 4946 688 5010 Quidam
713 4946 862 4999 etiam
898 4948 1119 5001 versibus
1150 4950 1242 5001 hoc
1276 4949 1543 5003 distimu’t:

584 5057 809 5125 gonjugis
833 5059 1021 5125 interea
1049 5061 1253 5125 basium,
1276 5059 1436 5109 oscula
1461 5060 1633 5125 dantur
1653 5064 1838 5125 amicis,

584 5118 761 5169 Suaviu
784 5118 995 5183 lasciviis
1018 5118 1278 5177 miscentur
1300 5130 1435 5183 grata
1462 5121 1664 5172 labellis.

554 5228 799 5281 versiculi
825 5230 892 5283 de
925 5231 1092 5293 basin,
1124 5233 1308 5307 osculo
1328 5240 1412 5307 Aet
1441 5234 1624 5287 suavio
1666 5246 1877 5289 exstant
1904 5241 2037 5305 apud

467 5298 601 5373 alios
640 5312 874 5373 q_uoque_
889 5304 1283 5368 grammaticos.
1317 5302 1571 5368 Quisnam
1603 5320 1786 5359 eorum
1831 5298 2035 5373 aucior,

465 5366 1139 5441 adliuc_latet._Discrimcn
1171 5366 1354 5425 tamen
1382 5389 1485 5441 non
1531 5389 1745 5441 semper
1788 5366 2037 5431 observa;

469 5449 586 5509 tur.
619 5435 1129 5509 VideAGIOs-Sarinm
1178 5436 1545 5506 Isiduriannm,
1596 5435 1757 5497 verba
1804 5446 2033 5509 Savium.

468 5502 637 5559 Variae
669 5507 919 5560 lectiOnes
957 5509 1162 5563 Pantini
1190 5514 1421 5565 contum!
1464 5502 1727 5569 videntur.
1762 5519 1928 5570 Ancv.

534 5575 657 5659 400.
685 5576 848 5659 ﬂecte
870 5578 1041 5631 Ascon
1065 5595 1099 5632 ιι
1124 5583 1173 5633 in
1196 5582 1368 5648 Verr.;
1396 5583 1669 5637 Observant
1690 5589 1840 5639 mde
1857 5605 1953 5659 spe.
1973 5606 2034 5642 u-

467 5648 655 5708 tuntur,
687 5646 816 5698 alias
845 5660 1162 5702 venerantur.

536 5714 673 5841 t2}
708 5717 819 5770 Vid.
856 5715 1129 5787 Servium,
1172 5722 1221 5775 in
1255 5723 1380 5778 illud
1408 5740 1420 5778 l
1449 5724 1573 5781 Ain.
1605 5743 1615 5777 :
1650 5727 1777 5782 'l'ota
1808 5742 2033 5784 armenta

467 5803 547 5841 sca
586 5803 651 5839 un
681 5803 759 5841 nr.

518 5804 759 5855 quumnr.

2217 4386 2344 4440 405.
2386 4388 2575 4453 Supra,
2606 4403 2669 4441 es
2702 4387 2763 4441 C.
2797 4388 3085 4443 Frontone.

2216 4456 2344 4527 4οῙ.
2385 4457 2682 4526 Etymolog.
2713 4459 2804 4511 lib.
2828 4474 2911 4519 xv,
2943 4474 3060 4527 cap.
3090 4457 3142 4511 4.

2216 4555 2285 4564 -
2304 4525 2418 4580 Vid.
2444 4525 2711 4591 Servium,
2734 4530 2798 4581 ad
2829 4528 2957 4581 illud
2991 4525 3022 4582 ti
3051 4528 3173 4582 IEn.
3205 4546 3219 4584 :
3254 4529 3474 4584 Delubra
3497 4530 3563 4583 ad
3590 4548 3715 4584 sum-

2146 4613 2228 4648 mu
2251 4598 2529 4661 dracones;
2554 4606 2608 4651 et
2637 4599 2711 4651 ill.
2745 4614 2835 4655 1v:
2865 4597 3091 4652 Delubra
3119 4601 3325 4654 adeunt.
3361 4605 3559 4655 Ascon.
3588 4602 3715 4660 Pod.

2146 4667 2196 4718 in
2234 4666 2621 4720 Divinationcm
2653 4668 2825 4723 Cicer.

2212 4736 2340 4790 408.
2388 4736 2502 4790 Vid.
2538 4737 2704 4801 Fest.,
2736 4739 2865 4793 dict.
2892 4740 3050 4793 Orba.

2216 4805 2346 4880 410.
2392 4806 2521 4880 Vide
2546 4809 2812 4873 Servium,
2844 4810 2909 4863 ad
2936 4810 3065 4864 illud
3088 4826 3126 4863 ιι
3151 4810 3383 4880 Georg.:
3414 4810 3520 4865 Sed
3546 4811 3713 4865 Trun-

2143 4876 2214 4928 cis
2244 4876 2367 4930 olea:
2393 4877 2595 4931 melius.

2212 4946 2337 4998 411.
2380 4947 2458 4999 Ex
2488 4948 2666 5007 Serv..
2699 4948 2763 5000 ad
2796 4949 2869 5003 ill.
2904 4965 2953 5002 Iv
2988 4950 3113 5003 Ain.
3144 4968 3156 5002 :
3195 4950 3367 5003 Odora
3407 4967 3590 5003 canum
3618 4952 3708 5019 vis,

2142 5031 2205 5069 ex
2226 5032 2340 5089 uno
2366 5032 2461 5089 pro
2492 5019 2825 5088 odoriferam,
2860 5022 3216 5082 odorisequum
3249 5023 3351 5089 leg.
3376 5021 3600 5073 videtur.

2374 5085 2461 5160 Vel
2493 5085 2702 5160 potius;
2736 5090 2904 5156 Opera
2933 5107 3047 5159 quin
3071 5092 3212 5156 facit,
3245 5085 3374 5159 op'us
3398 5094 3535 5159 quod
3558 5094 3639 5160 lit.

2211 5156 2338 5209 417.
2383 5156 2495 5210 Lib.
2526 5174 2562 5210 ιι
2597 5156 3041 5224 ῡιπρτυιιιὶιιιιίιιι,
3065 5160 3152 5214 50.

2210 5224 2466 5297 418.Sic
2493 5226 2605 5281 fere
2637 5228 2911 5297 distinguit
2946 5230 3082 5285 Non.
3130 5234 3265 5286 inter
3310 5232 3610 5287 castitatem
3658 5243 3712 5286 et

2143 5296 2470 5362 pudicitiam,
2497 5297 2621 5350 dict.
2656 5296 2894 5351 Casinas.

2211 5364 2353 5439 420.
2381 5366 2639 5439 Intellige,
2672 5369 2721 5420 in
2756 5370 2877 5423 Var.
2904 5371 3028 5424 lect.
3060 5371 3289 5436 Paulini,
3318 5370 3618 5439 Sallustius,
3649 5372 3711 5424 de

2139 5432 2285 5487 Bello
2315 5435 2629 5491 Catilinario.
2659 5442 2826 5491 Annv.

2210 5504 2336 5557 421.
2376 5505 2463 5559 Sic
2494 5507 2691 5572 (Licet,
2749 5510 2912 5582 vrde
2961 5510 3191 5579 Repnb.,
3249 5512 3582 5582 prudentiam
3637 5511 3711 5563 ait

2140 5588 2334 5629 nomen
2366 5588 2571 5629 nactam
2595 5593 2627 5629 a
2656 5578 2985 5644 providendo.

2209 5674 2280 5719 ξ
2313 5645 2564 5719 CalLdus.
2602 5647 2919 5715 Ititrrpretes
2948 5651 3205 5719 Terentii,
3233 5661 3336 5706 act.
3362 5670 3444 5719 ιιι,
3470 5667 3619 5707 scen.
3649 5650 3703 5712 5.

2139 5714 2407 5836 {\t‘ilelpli._‘:
2445 5716 2670 5771 Callidus
2702 5714 2917 5789 dicitur,
2950 5723 3036 5791 qui
3064 5714 3255 5777 callum
3304 5725 3397 5777 sibi
3432 5714 3534 5777 usu
3580 5729 3701 5777 artis

2139 5801 2186 5836 in
2231 5800 2370 5836 Μειί
2402 5826 2415 5836 .

2138 5800 2415 5839 manserit.
