4104 6172
330 287 400 341 5‘)
1556 288 2168 348 DIFFERENTIARUM
2210 294 2334 350 LIB.
2386 297 2422 351 I.
2948 255 2959 264 ⁸
3536 313 3609 366 Μ

330 426 424 479 per
456 407 898 463 exercitationem
943 405 1077 479 [Al.,
1106 422 1205 477 pro
1231 408 1636 481 exercitatione]
1668 412 1798 466 artis
1829 412 1905 465 in-
1944 412 1993 468 Α
2023 408 2127 479 tur]
2154 411 2203 463 in
2233 411 2474 467 crimine.
2517 414 2654 485 Ergo
2684 416 2771 485 qui
2800 417 2993 473 viderit
3019 419 3322 490 mulierem,
3350 434 3405 480 et
3430 429 3602 481 anima

326 509 603 564 structus;
640 498 921 563 facundus,
952 498 1040 566 qui
1070 497 1226 553 facile
1249 499 1414 567 possit
1445 498 1568 556 lari.

401 589 530 643 42%.
565 590 711 643 Inter
752 587 1040 642 Pudentem
1080 597 1134 642 et
1172 591 1513 643 verecundum
1543 592 1641 645 ltoc
1673 592 1918 658 interest,

328 682 471 750 quod
504 680 712 751 pudens
760 681 1064 749 opinionem
1107 694 1287 733 veram
1338 679 1637 752 falsamque
1688 686 1920 740 metuit:

331 772 683 828 Verecundus
709 780 887 824 autem
919 785 1021 824 non
1065 770 1165 825 nisi
1201 786 1378 826 veram
1407 773 1538 847 [Al.,
1574 776 1723 848 vera]
1747 777 1917 833 timet.

401 864 529 918 423.
572 862 715 917 Inter
759 860 1048 931 Profanum
1071 902 1084 927 ,
1108 874 1156 917 et
1192 864 1507 935 nefandum,
1559 878 1614 923 et
1641 873 1918 940 nefarium.

328 952 619 1021 Notarius,
668 962 726 1007 nt
780 952 947 1007 Varro
991 955 1300 1021 existimat,
1350 972 1453 1011 non
1507 959 1698 1031 dignus
1758 963 1918 1021 farre.

326 1047 447 1113 Quo
497 1047 673 1115 primo
719 1043 824 1098 cibi
851 1060 1050 1115 genere
1081 1046 1187 1101 vita
1219 1046 1493 1104 hominum
1522 1054 1921 1109 sustentabatur

328 1134 470 1208 (AL,
504 1134 918 1206 sustinebatur].
958 1136 1259 1203 Nefandus,
1291 1139 1343 1195 id
1372 1150 1485 1209 est,
1518 1159 1617 1198 nec
1643 1148 1916 1202 nominan-

326 1228 433 1283 dus
462 1227 702 1294 quidem.
744 1225 1008 1281 Profanus
1056 1239 1232 1284 autem
1260 1271 1276 1295 ,
1322 1232 1406 1285 cui
1454 1236 1630 1288 sacris
1660 1253 1764 1291 non
1797 1240 1921 1295 licet

328 1320 616 1373 interesse.
682 1318 760 1373 De
812 1334 919 1387 quo
964 1318 1285 1377 Sallustius:
1331 1322 1497 1378 Sacra
1527 1326 1720 1394 polluet
1743 1334 1923 1402 profit:

328 1428 451 1466 nus.
500 1410 767 1464 Prolanns
796 1425 945 1480 ergo,
976 1427 1157 1481 porro,
1191 1414 1241 1468 id
1271 1426 1375 1480 est,
1407 1417 1561 1486 longe
1588 1434 1617 1473 a
1650 1419 1793 1478 lano.

399 1503 525 1558 424.
566 1503 712 1557 Inter
734 1501 1066 1557 Peccatorem
1097 1513 1152 1558 et
1178 1505 1502 1561 immundum
1522 1550 1537 1575 ,
1569 1511 1710 1579 quod
1747 1513 1921 1569 omnis

329 1605 585 1662 peccator
618 1593 931 1648 immundus
978 1602 1090 1659 est;
1136 1609 1241 1650 non
1273 1604 1452 1653 tamen
1481 1602 1654 1654 omnis
1685 1601 1919 1657 immun-

323 1689 429 1742 dus
479 1696 751 1755 peccator.
814 1686 1072 1743 Peccator
1101 1690 1243 1743 enim
1273 1700 1356 1745 est
1397 1693 1485 1761 qui
1534 1694 1919 1763 transgreditur

2025 502 2140 566 ejus
2170 504 2327 556 fuerit
2357 504 2585 574 titillata,
2642 507 2727 562 hic
2776 512 3123 576 propassioue
3167 530 3448 583 percussus
3476 528 3559 572 est
3588 538 3603 574 :

2026 592 2078 645 Si
2110 608 2235 648 vero
2258 599 2610 665 consenserit,
2644 609 2697 654 et
2726 599 2793 654 de
2822 602 3144 672 cegitatione
3187 606 3434 663 allectum
3466 610 3604 665 fece-

2026 686 2093 738 rit
2121 686 2278 751 (sicut
2308 689 2566 756 scriptum
2594 700 2677 744 est
2702 691 2755 745 in
2786 692 2950 746 David
2987 711 2999 747 :
3031 698 3347 752 transierunt
3385 700 3439 754 in
3474 700 3604 769 σπι-

2024 791 2163 834 ctum
2192 783 2409 850 cordis),
2434 784 2501 837 de
2527 786 2874 852 propassione
2898 789 3086 843 transit
3113 791 3178 844 ad
3204 793 3528 863 passionem,
3552 806 3606 852 et

2025 872 2147 925 huic
2177 888 2280 927 non
2310 873 2555 928 voluntas
2587 874 2758 940 deest,
2790 875 2883 930 sed
2914 877 3149 933 occasio.

2095 968 2217 1025 452.
2254 970 2396 1025 Inter
2426 969 2900 1028 Percunctationem
2943 985 2998 1030 ct
3031 977 3475 1047 interrogationem
3500 986 3604 1037 Au-

2024 1063 2269 1129 gustinus
2301 1062 2400 1117 hoc
2430 1062 2694 1119 interesse
2738 1065 2843 1135 56
2885 1068 3181 1134 existimat,
3210 1072 3396 1127 dicens
3422 1090 3436 1128 :
3464 1076 3603 1143 quod

2022 1156 2089 1208 ad
2124 1157 2610 1223 percunctationem
2644 1157 2807 1211 multa
2841 1159 3152 1228 responderi
3183 1162 3412 1229 soleant,
3440 1166 3601 1218 veluti

2022 1249 2151 1316 quid
2182 1249 2416 1313 esthoc,
2461 1261 2552 1305 aut
2582 1250 2749 1305 illud?
2800 1262 2857 1306 ut
2906 1254 3324 1321 reSpordeantur
3366 1257 3601 1325 diversa,

2024 1339 2107 1395 vel
2154 1340 2321 1396 varia.
2372 1340 2451 1395 Ad
2499 1342 2972 1415 interrogationem
3016 1360 3119 1400 non
3171 1348 3332 1401 multa
3384 1364 3601 1420 respon-

2022 1430 2235 1494 dentur,
2275 1431 2366 1487 sed
2400 1442 2484 1485 aut
2520 1448 2647 1498 non,
2680 1442 2770 1487 aut
2797 1434 2956 1488 etiam
3009 1437 3454 1503 pronuntiabitur.
3513 1439 3605 1495 νο.

2023 1522 2118 1575 Ιυιὶ
2149 1520 2345 1577 factum
2393 1524 2660 1579 dictumve
2709 1526 2824 1580 est?
2880 1526 3075 1581 Verum
3122 1538 3215 1584 aut
3257 1527 3451 1585 falsum
3480 1531 3603 1587 est?

2024 1614 2398 1682 Respondetur
2430 1632 2444 1670 :
2483 1627 2576 1671 aut
2606 1632 2735 1681 non,
2772 1618 3076 1676 autetiam.

2091 1714 2217 1770 455.
2235 1713 2378 1770 Inter
2394 1714 2681 1787 Perfectum
2694 1728 2743 1771 et
2757 1730 3164 1774 consummatum
3176 1718 3277 1777 hoc
3289 1721 3603 1795 distatquod

330 1788 607 1879 Ρησθιιξε
635 1776 753 1882 μυεῖ
780 1816 797 1842 υ
842 1786 1171 1882 θινξιθοθξδθ
1207 1788 1290 1836 εει
1322 1782 1471 1882 illinc
1499 1794 1552 1838 εί
1583 1785 1915 1882 ίηιῐηιιηάυηξ
1948 1784 1997 1846 Β
2026 1805 2313 1872 perfectum
2338 1817 2416 1860 est
2438 1776 2519 1861 cui
2542 1808 2649 1877 jam
2671 1809 2792 1863 addi
2821 1809 2954 1864 nihil
2976 1811 3117 1865 aliud
3136 1820 3332 1882 potest.
3356 1776 3605 1869 Consum-

326 1884 451 1923 esse
482 1870 605 1932 quia
634 1867 1048 1937 transgreditur.
1093 1869 1403 1925 Immundus
1428 1881 1603 1928 autem
1633 1885 1717 1929 est
1747 1887 1800 1932 et
1826 1878 1915 1947 qui

324 1964 432 2033 55
459 1976 581 2015 cum
615 1974 785 2015 uxore
806 1975 899 2014 sua
930 1961 1231 2029 dormierit,
1257 1975 1345 2021 aut
1369 1978 1637 2024 mortuum
1659 1971 1913 2043 tetigerit,

324 2068 432 2106 non
466 2062 643 2106 tamen
676 2052 799 2106 ideo
829 2063 1076 2120 peccator
1100 2062 1204 2110 est.

398 2142 529 2197 425.
559 2141 707 2197 Inter
740 2141 1032 2208 Ploratum,
1072 2145 1355 2217 planctum,
1396 2159 1448 2205 et
1478 2152 1674 2221 ﬂetum.
1734 2156 1917 2210 Plora-

325 2246 409 2290 tus
465 2246 673 2289 tantum
722 2235 1080 2305 lacrymarum
1132 2248 1253 2302 est,
1305 2240 1545 2308 planctus
1576 2254 1778 2302 tantum
1818 2264 1914 2303 vo-

319 2344 467 2394 cum,
502 2329 664 2383 ﬂetus
693 2328 758 2382 ad
791 2340 1075 2398 utrumque
1104 2333 1359 2400 pertinet.
1676 2312 1683 2319 ’

390 2423 523 2476 426.
560 2423 705 2477 Inter
735 2421 1011 2495 Pigritiam
1058 2433 1112 2477 et
1142 2431 1420 2497 torporem.
1465 2430 1674 2502 Torpor
1717 2435 1915 2491 dormi-

321 2517 486 2572 tantis
518 2525 622 2581 est,
650 2516 862 2583 pigritia
890 2516 1177 2585 vigilantis.

396 2608 525 2660 ‘27.
568 2608 709 2660 Inter
756 2606 1199 2665 Perseverontiam
1246 2622 1301 2669 et
1341 2618 1696 2684 pertinacium.
1725 2620 1916 2678 Perse-

322 2698 571 2752 verantia
599 2702 652 2751 in
685 2698 881 2753 virtute
906 2707 1011 2765 est,
1046 2702 1331 2769 pertinacia
1363 2705 1417 2760 in
1454 2709 1603 2763 vitio.

394 2807 526 2862 428.
584 2808 729 2864 Inter
785 2808 1115 2881 Pra’sidium,
1169 2817 1422 2872 auxilium
1488 2829 1544 2875 et
1611 2822 1914 2879 subsidium.

323 2900 646 2956 Phesidium
666 2913 746 2957 est
767 2901 945 2972 aliquo
964 2904 1081 2959 loco
1100 2904 1214 2960 utili
1240 2909 1485 2974 positum,
1504 2912 1759 2967 auxilium
1776 2914 1916 2982 quod

320 2995 392 3047 ab
432 2995 631 3052 exteris
662 2993 838 3062 datur,
868 2996 1162 3052 subsidimn
1190 2998 1331 3067 quod
1374 3009 1555 3068 postea
1584 3001 1911 3070 supervenit.

398 3111 525 3167 629.
560 3112 700 3168 Inter
737 3117 1011 3187 potentiam
1065 3124 1119 3171 et
1166 3125 1500 3184 potentatum.
1547 3114 1790 3171 Potentia
1832 3125 1916 3170 est

320 3206 405 3257 sui
470 3204 732 3276 cujusque
800 3209 1007 3272 solius,
1060 3216 1370 3278 potentatus
1436 3223 1567 3264 vero
1624 3207 1914 3265 auctoritas

321 3297 459 3370 (AL,
486 3301 844 3373 auctoritatis]
874 3311 956 3357 est
978 3302 1273 3373 judicialis.

398 3414 531 3469 450.
586 3414 732 3469 Inter
785 3415 987 3469 Pestem
1027 3427 1081 3472 et
1129 3416 1490 3487 pestilentiam.
1530 3416 1701 3472 Pestis
1743 3417 1913 3487 ipsum

318 3517 410 3562 est
440 3521 637 3561 nomen
676 3508 847 3562 morbi
881 3508 1029 3581 [Al.,
1064 3506 1283 3579 verbi],
1335 3510 1638 3577 pestilentia
1685 3526 1815 3565 vero
1862 3511 1913 3563 id

318 3600 467 3670 quod
502 3616 565 3655 ex
597 3617 655 3655 se
683 3602 867 3656 ellicit.
895 3602 1220 3657 Pestilentiae
1240 3611 1418 3657 autem
1453 3612 1564 3657 tres
1587 3603 1730 3657 modi
1754 3611 1912 3658 sunt:

316 3701 413 3747 aut
441 3709 508 3747 ex
542 3705 710 3759 terra,
741 3702 835 3747 aut
858 3709 925 3748 ex
963 3709 1119 3764 aqua,
1144 3700 1236 3747 aut
1269 3709 1333 3749 ex
1362 3709 1506 3749 acre.

394 3784 525 3841 451.
558 3785 699 3840 Inter
727 3784 1032 3840 Passionem
1059 3796 1114 3841 et
1146 3787 1533 3856 propassionem
1563 3785 1915 3856 Hieranymus

320 3877 380 3929 in
418 3874 727 3929 llatthzeum
758 3878 1060 3947 distinguit,
1085 3877 1316 3932 dicens:
1360 3878 1500 3946 quod
1536 3879 1714 3946 passio
1754 3894 1914 3946 repu-

319 3976 469 4021 tatur
500 3969 550 4021 in
582 3968 739 4037 culpa
769 3983 784 4034 ;
816 3970 1120 4037 propassio,
1154 3968 1278 4023 licet
1324 3969 1531 4038 culpam
1560 3969 1754 4025 habeat
1781 3968 1912 4041 [Αι.,

315 4073 424 4128 pro
449 4060 600 4127 culpa
629 4056 933 4130 habeatur],
966 4068 1142 4115 tamen
1174 4074 1281 4115 non
1305 4068 1515 4115 tenetur
1542 4059 1675 4132 [Al.,
1702 4062 1914 4116 retine-

358 4215 523 4297 .423.
567 4218 762 4303 Ascon.
788 4215 1112 4303 Pediau..ttt,
1138 4214 1361 4303 iiiXerr.
1393 4215 1553 4303 130m,
1579 4215 1706 4273 dict.
1741 4216 1905 4288 Nefa-

317 4287 467 4348 rius;
500 4287 615 4354 ipse
637 4287 938 4357 Etymolog.
974 4286 1068 4342 lib.
1098 4302 1151 4348 ι,
1177 4286 1349 4339 littera
1388 4287 1457 4340 N.
1824 4286 1832 4288 ἡ

318 4355 807 4481 Ιίυέὁὶᾕὶιέεηειεδθ
832 4373 894 4411 ne
915 4357 1257 4411 nominandus
1282 4358 1502 4425 quidem.
1535 4357 1605 4410 Ita
1629 4368 1775 4415 certe
1802 4375 1908 4415 tne-

343 4443 451 4481 Ius.
484 4442 656 4481 Λιιεν.

389 4464 746 4571 ῖέἱῗῖιξιὲτ..
776 4512 826 4553 ιν
868 4496 934 4552 de
964 4496 1121 4571 Ling.
1163 4464 1309 4565 ιιι..
1353 4496 1527 4553 initio.
1576 4497 1740 4566 Nou.,
1771 4501 1900 4557 dict.

318 4565 641 4622 Pervicacia.

2020 1906 2219 1951 malum
2250 1913 2379 1953 vero
2407 1906 2489 1952 est
2517 1900 2790 1967 quodlibet
2819 1914 2953 1969 opus
2981 1902 3035 1955 in
3069 1901 3227 1957 tinem
3254 1903 3565 1959 deductum.

2089 1988 2215 2043 454.
2253 1988 2394 2043 Inter
2428 1987 2620 2043 Palem
2672 1998 2727 2043 et
2774 1991 3029 2061 patulum.
3086 1991 3329 2047 Patulttm
3377 1995 3603 2050 dicimus

2019 2078 2161 2147 quod
2195 2079 2509 2134 naturaliter
2538 2093 2755 2148 semper
2776 2089 2939 2149 patet,
2975 2088 3033 2135 ut
3073 2096 3248 2149 nares,
3292 2082 3470 2138 arbor.
3498 2083 3597 2136 Pa-

2021 2177 2139 2223 tens
2186 2183 2313 2224 vero
2362 2169 2504 2237 quod
2551 2170 2790 2238 aperitur
2842 2179 2896 2225 et
2943 2171 3228 2240 clauditur,
3282 2180 3341 2227 ut
3384 2176 3603 2244 ostium,

2018 2263 2180 2319 oculi.
2226 2263 2316 2319 Sic
2373 2263 2606 2318 lucidum
2651 2272 2705 2318 et
2754 2265 3013 2320 lucibile:
3047 2265 3281 2321 lucidum
3330 2275 3413 2321 est
3455 2272 3598 2338 quod

2017 2354 2237 2409 aliunde
2265 2354 2616 2421 illuminatur,
2643 2355 2853 2411 lucibile
2878 2355 3017 2426 quod
3050 2371 3143 2427 per
3170 2371 3231 2412 se
3261 2356 3423 2413 lucet.

2091 2459 2217 2517 455.
2272 2461 2413 2516 Inter
2444 2457 2719 2515 Penetrale
2755 2469 2812 2516 et
2853 2462 3185 2533 penetrabile.
3243 2462 3395 2531 Quod
3443 2477 3604 2533 pene-

2022 2561 2121 2607 trat
2155 2554 2429 2622 penetrale
2453 2552 2680 2619 dicitur;
2708 2553 2849 2624 quod
2879 2563 3054 2611 autem
3083 2563 3408 2624 penetratur,
3441 2571 3605 2626 pene-

2022 2644 2229 2699 lrabile.
2279 2645 2578 2700 Penetralia
2608 2656 2784 2700 autem
2813 2654 2940 2700 sunt
2963 2646 3241 2703 domorum
3281 2659 3510 2717 secreta,
3547 2659 3605 2705 et.

2019 2737 2162 2792 dicta
2188 2736 2256 2792 ab
2281 2751 2346 2792 eo
2374 2737 2513 2808 quod
2544 2748 2627 2793 est
2657 2738 2888 2807 penitus.

2090 2844 2215 2901 456.
2267 2848 2411 2903 Inter
2460 2847 2589 2902 Post
2641 2857 2695 2903 et
2748 2864 2881 2921 pone
2926 2849 3026 2906 hoc
3081 2849 3291 2908 videtur
3345 2852 3608 2909 interesse

2020 2938 2158 3009 quod
2183 2950 2304 3007 post
2328 2953 2542 3009 semper
2567 2940 2857 2996 clironicais
2886 2941 3155 3011 ponimus,
3182 2957 3302 2998 cum
3332 2942 3557 3002 dicimus
3587 2962 3603 2999 :

2022 3030 2150 3086 Post
2182 3040 2392 3101 tempus
2423 3031 2667 3098 veniam;
2703 3046 2841 3102 pone
2878 3046 3027 3101 vero,
3060 3042 3180 3102 post
3211 3043 3443 3105 tergum.

1942 3164 1990 3225 ρ
2090 3141 2217 3197 457.
2268 3141 2410 3197 Inter
2469 3143 2702 3211 precari,
2750 3148 2804 3195 et
2850 3141 3163 3209 imprecari,
3214 3151 3269 3197 et
3317 3146 3623 3213 deprecari..

2024 3232 2237 3290 Precari
2268 3242 2349 3289 est
2393 3249 2619 3304 rogare,
2672 3233 2955 3302 imprecari
3004 3243 3087 3289 est
3129 3242 3316 3303 optare
3344 3233 3470 3306 [ΑΙ.
3502 3250 3602 3291 ex-

2020 3324 2270 3397 optare],
2300 3326 2577 3396 deprecari
2623 3335 2707 3381 est
2750 3340 3029 3394 excusare,
3061 3327 3141 3381 vel
3164 3342 3479 3397 expurgare.
3515 3329 3621 3383 Civ-

2021 3435 2145 3477 cero
2176 3421 2309 3491 (lib.
2343 3436 2379 3475 ιι
2407 3421 2458 3475 in
2512 3418 2662 3474 Verr.
2686 3420 2728 3490 ).
2772 3419 2933 3487 Quid,
2966 3420 3155 3489 inquit,
3188 3417 3348 3474 faciat
3375 3420 3601 3475 Horten-

2021 3510 2169 3565 sius?
2198 3510 2522 3565 Avaritiaeue
2548 3510 2769 3564 crimina
2794 3508 3111 3578 frugalitatis
3141 3508 3385 3564 laudibus
3410 3508 3603 3580 depre-

2022 3608 2174 3655 cetur
2189 3599 2216 3655 τ

2088 3693 2215 3748 458.
2269 3692 2411 3746 Inter
2459 3689 2683 3745 Poscere
2720 3700 2774 3746 et
2803 3707 3094 3759 exposcere.
3150 3690 3379 3747 Poscere
3426 3691 3620 3747 minus.

2018 3793 2101 3840 est
2138 3798 2296 3852 quam
2346 3795 2659 3856 exposcere.
2707 3782 2839 3836 Nam
2871 3789 3095 3851 poscunt
3141 3783 3231 3851 qui
3287 3782 3601 3852 simpliciter

2020 3883 2225 3946 petunt,
2250 3882 2548 3943 exposcunt
2569 3874 2657 3943 qui
2681 3872 3004 3926 desiderant.

2086 3967 2214 4021 439.
2252 3966 2395 4021 Inter
2416 3963 2662 4018 Polliceri
2683 3972 2736 4019 et
2758 3966 3067 4035 promittere.
3098 3964 3344 4021 Polliceri
3370 3963 3600 4019 dicimur

2017 4060 2119 4130 57
2147 4058 2289 4129 quod
2328 4064 2519 4128 sponte
2548 4055 2900 4126 promittimus
2930 4071 3029 4112 nec
3058 4058 3224 4128 rogati
3244 4097 3259 4123 ,
3289 4059 3599 4126 promittere

2023 4218 2083 4273 D.
2116 4214 2461 4280 Augustinus,
2490 4219 2596 4268 act.
2632 4228 2682 4275 v,
2712 4227 2861 4267 scen.
2892 4210 2947 4280 4,
2980 4212 3208 4265 Andritc.

2116 4232 2190 4271 Au
2233 4232 2461 4278 usunus,
2490 4232 2596 4268 act.
2632 4232 2682 4275 v,
2712 4232 2861 4267 scen.
2892 4232 2947 4280 ιι,
2980 4232 3208 4265 Αηανιιε.

2086 4318 2156 4328 —
2184 4232 2283 4340 gat
2316 4284 2469 4339 etiam
2499 4300 2648 4354 pron.
2689 4283 2795 4349 AL,
2839 4283 2928 4336 Sic
2970 4280 3403 4353 pronuntiabitur,
3434 4279 3595 4351 forte,

2016 4362 2167 4415 etiam
2195 4373 2348 4427 pron.

2088 4421 2228 4481 Ibid.
2261 4425 2512 4480 Pantinus
2553 4425 2604 4478 in
2642 4432 2785 4480 textu
2814 4424 3004 4492 legisse
3045 4421 3253 4475 videtur
3280 4432 3370 4474 aut
3399 4432 3443 4475 et
3472 4440 3591 4491 pro-

2014 4498 2350 4563 nuntiabitur,
2386 4511 2481 4563 pro
2509 4510 2613 4566 quo
2637 4493 2857 4564 conjicit
2885 4504 2973 4547 aut
2994 4493 3186 4555 etiam;
3212 4507 3331 4561 qua:
3361 4495 3587 4562 genuina

2013 4581 2093 4625 est
2124 4570 2298 4624 lectio.
2333 4569 2505 4620 Ansv.

389 4636 522 4691 4'28.
547 4637 607 4692 C.
626 4637 812 4692 Front.
837 4657 851 4691 :
873 4638 1169 4693 Subsidium
1186 4638 1324 4708 quod
1343 4638 1512 4692 subest
1529 4639 1895 4707 deﬁcientibus,
1933 4640 1982 4699 D
2080 4640 2206 4696 454.
2241 4638 2316 4692 Ex
2345 4637 2498 4692 Serv.
2524 4635 2601 4708 ad;
2620 4634 2695 4708 ill.
2723 4635 2899 4708 Eclog.
2928 4648 2963 4697 ι,
2987 4632 3189 4708 Tityre,
3220 4639 3274 4685 tu
3307 4631 3516 4708 patulae.

318 4710 621 4777 prasidium
660 4710 960 4775 imponitur,
1010 4712 1259 4762 auxilium
1312 4711 1627 4773 repentinum
1671 4720 1784 4774 est,
1831 4715 1901 4765 ita

314 4780 606 4833 subsidium
626 4780 695 4831 ad
723 4781 970 4832 secundos
1010 4796 1157 4833 casus
1188 4790 1530 4847 prteparatur.
1594 4780 1901 4836 Praesidium

316 4851 387 4922 ait
410 4851 696 4922 custodiam
720 4888 737 4914 ,
769 4849 1021 4903 auxilium
1044 4892 1059 4915 ,
1093 4864 1145 4903 ut
1170 4850 1349 4919 possit,
1374 4866 1435 4903 ιω
1456 4850 1716 4922 insperato
1745 4855 1899 4908 venit.

322 4919 447 4974 Vid.
479 4918 621 4973 Fest.

390 4990 522 5042 429.
564 4992 648 5045 ΑΙ.
678 5006 786 5043 sua:
809 4990 845 5043 2
876 4991 1004 5045 Mss.
1029 5006 1122 5059 pro
1148 4992 1248 5044 sui.

392 5059 536 5113 Ibid.
571 5061 727 5133 Varia
758 5062 912 5114 lecrio
938 5064 1081 5133 e/ﬁcit
1110 5078 1229 5114 cum
1258 5070 1400 5116 textu
1429 5062 1612 5117 Grialii
1637 5067 1902 5133 congruit.

320 5132 450 5200 Legi
485 5135 675 5203 poterit
703 5131 847 5203 facit,
881 5144 971 5203 aut
997 5132 1193 5199 aliquid
1218 5135 1390 5187 simile
1414 5148 1507 5201 pro
1538 5133 1704 5203 e/ﬁcit.
1732 5131 1900 5188 Ᾱιιεν.

395 5203 528 5256 651.
590 5202 644 5254 In
683 5202 879 5254 Codice
935 5202 1344 5271 Regiovat'cauo
1404 5202 1540 5257 1858
1580 5202 1903 5257 dill'erentiu

319 5284 449 5327 sunt
478 5273 814 5340 alphabetico
842 5272 1051 5339 quidem
1093 5272 1279 5326 ordine
1317 5275 1610 5342 diSpositne,
1640 5274 1733 5327 seil
1778 5275 1901 5327 alibi

318 5344 730 5404 contractiores,
758 5343 883 5396 alibi
919 5346 1261 5410 cepiosiores,
1293 5354 1347 5397 et
1377 5344 1646 5398 nounttllte
1680 5344 1898 5410 additae,

321 5426 403 5479 ut,
430 5413 658 5481 exempli
703 5414 900 5481 gratia:
944 5413 1087 5467 Inter
1131 5415 1238 5482 pati
1266 5424 1313 5467 et
1339 5416 1567 5483 perpeti:
1600 5416 1705 5479 pati
1744 5416 1901 5469 brevis

318 5497 438 5546 est,
496 5483 691 5553 perpeti
747 5485 988 5551 longioris
1046 5494 1117 5537 est
1179 5485 1434 5554 temporis.
1490 5483 1634 5537 Inter
1692 5500 1901 5553 possunt

320 5566 367 5608 et
403 5566 706 5624 expertum:
734 5557 955 5624 patimur
1000 5556 1289 5618 voluntate,
1336 5555 1627 5622 experimur
1681 5556 1897 5608 necessi-

322 5637 445 5680 tate.
508 5626 683 5679 Malim
739 5623 1038 5693 Experimur
1082 5627 1378 5691 voluntate,
1430 5626 1652 5695 patimur
1680 5625 1897 5679 necessi-

322 5708 446 5751 tate.
491 5702 662 5750 Αιιεν.

397 5767 522 5824 ιῦὶ.
566 5766 645 5821 Et
697 5765 1071 5836 interpretibus
1112 5766 1328 5823 Terent.
1362 5765 1571 5822 videtur
1603 5764 1895 5836 sumpsisse

2080 4741 2151 4753 —
2183 4710 2259 4765 Ex
2306 4708 2457 4764 Serv.
2490 4706 2556 4759 ad
2590 4706 2667 4759 ill.
2702 4720 2752 4758 v1
2778 4704 2931 4767 1En.,
2975 4701 3352 4772 Lucentemqae
3385 4701 3589 4772 globum

2008 4782 2162 4843 luna,
2199 4795 2265 4834 ex
2288 4794 2394 4847 quo
2424 4775 2634 4847 videtur
2665 4776 2945 4847 legendum
2971 4777 3166 4847 lucens,
3193 4787 3305 4847 non
3336 4770 3586 4847 lucidum.

2011 4840 2211 4905 Fronto
2239 4840 2414 4902 tamen
2446 4846 2519 4901 ita
2548 4840 2855 4901 etiam'l‘ere
2883 4844 3161 4913 distinguit
3193 4841 3331 4896 inter
3361 4840 3588 4893 lucidum

2011 4932 2065 4975 et
2092 4921 2422 4973 luminosum.

2080 4991 2206 5045 455.
2243 4990 2319 5043 Ex
2341 4989 2495 5044 Serv.
2525 4987 2619 5043 lib.
2639 5001 2672 5042 ι
2698 4985 2825 5042 ιΕιι.
2849 4984 2915 5040 ad
2941 4984 3048 5050 ill.,
3071 4980 3322 5037 Nostrum
3345 4989 3585 5051 penetra-

2011 5062 2109 5116 bile
2138 5062 2317 5113 telum.

2079 5129 2484 5185 —Penetralia.
2518 5129 2596 5182 Ex
2624 5129 2801 5192 Serv.,
2833 5126 2899 5181 ad
2928 5126 3007 5181 ill.
3041 5138 3111 5178 vit
3136 5119 3262 5178 Ain.
3298 5139 3314 5175 :
3343 5118 3593 5174 Penetra-

2009 5203 2141 5257 libus
2164 5204 2303 5273 altis,
2334 5209 2389 5255 et
2420 5200 2579 5273 iII_._VI
2607 5215 2620 5252 :
2646 5200 2846 5273 _Regnis
2873 5194 3155 5273 penetralia
3184 5192 3396 5273 gastris.

2078 5272 2203 5326 456.
2244 5258 2413 5335 Fest.,
2463 5270 2593 5323 dict.
2637 5258 2811 5331 Porio,
2843 5258 2897 5322 e't
2937 5267 3090 5321 Serv.
3135 5263 3203 5318 ad
3240 5262 3326 5317 ill.
3358 5276 3395 5318 tt
3435 5258 3592 5327 Ᾰίιι..

2010 5343 2154 5397 Pone
2180 5344 2311 5396 subit
2340 5342 2551 5409 conjux.

2082 5441 2150 5453 ——
2180 5407 2515 5483 TempueﬁF.
2541 5407 2706 5483 dictio
2725 5414 2933 5483 tempus
2962 5412 3203 5483 superat.

2075 5484 2202 5537 4⁸57.
2237 5476 2311 5535 Ειέ
2342 5484 2538 5550 Agraei.
2568 5478 2659 5547 qui
2686 5480 2807 5550 hinc
2830 5478 2964 5550 forte
2986 5476 3287 5550 augendos.

2075 5552 2201 5607 438.
2231 5541 2473 5607 Serviad
2500 5541 2654 5604 illftx
2682 5546 2810 5603 /En.
2837 5564 2851 5600 :
2878 5547 2937 5602 Si
2959 5541 3212 5618 tibinute
3233 5559 3407 5615 posco,
3432 5541 3589 5597 aliter

2004 5623 2437 5698 quamlsislonts-
2845 5688 2886 5698 _
2966 5688 3013 5698 ..

2075 5694 2198 5747 459.
2233 5693 2308 5747 Ex
2355 5692 2507 5749 Serv.
2560 5689 2625 5746 ad
2655 5690 2729 5747 ill.
2765 5707 2779 5744 I
2823 5688 3064 5755 rEueid.,
3104 5688 3306 5741 vitione
3334 5692 3586 5745 tenerent.

2010 5762 2301 5819 Pollicitus.
