4108 6178
439 277 510 333 55
1475 269 1531 320 ὃ.
1578 264 1826 320 ISlDOlil
1874 263 2316 320 IIISPALEXSIS
2360 262 2662 317 EPISCOPI
3644 267 3709 320 56

440 392 581 460 quod
616 390 832 461 petitur.
880 387 1019 455 Ergo
1070 384 1428 455 promittimus
1468 382 1661 452 rogati,
1712 381 2026 451 pollicemur
2050 384 2102 442 Α
2130 379 2404 449 populum,
2432 377 2588 430 unius
2617 374 3003 429 multitudinem
3046 376 3281 429 civitatis
3335 376 3709 447 intelligimus.

444 488 605 540 ultro.
673 482 807 537 Item
891 480 1209 551 pollicemur
1282 476 1586 545 scriptura,
1669 474 2029 544 promittimus

444 576 636 631 verbo.

515 667 643 724 440.
677 666 818 724 Inter
845 663 1133 735 Pr0perare
1155 672 1209 717 et
1236 661 1494 731 festinare.
1540 660 1751 715 Marcus
1792 660 1921 714 Cato
1952 659 2031 714 sic

442 760 724 832 distinguit
755 756 942 813 dicens
976 773 991 811 :
1024 755 1126 821 Qui
1152 754 1568 825 unumquodque
1600 765 1807 809 mature
1838 754 2030 807 transi-

441 853 540 920 git,
575 853 619 907 is
652 860 924 920 properat.
954 847 1051 914 Qui
1082 846 1243 901 multa
1272 846 1432 901 simul
1466 847 1667 915 incipit,
1702 860 1876 914 neque
1910 862 2029 913 per-

445 940 551 995 ficit
580 980 593 1003 ,
642 939 686 994 is
719 937 953 992 festinat.
1007 936 1119 1005 Ego
1168 934 1581 1005 unumquodque
1625 933 1767 1004 quod
1810 934 2029 990 adortus

439 1045 587 1087 eram
616 1027 975 1098 transigebam
1000 1036 1047 1080 ο.

516 1119 643 1176 441.
678 1120 821 1175 Inter
867 1116 1105 1172 Primum
1134 1127 1189 1172 et
1217 1116 1463 1186 priorem.
1497 1116 1705 1171 Primus
1754 1132 1784 1171 e
1825 1116 2027 1184 multis,

452 1213 599 1284 prior
624 1230 653 1268 e
679 1211 911 1280 duobus,
941 1210 1225 1280 primarius
1254 1226 1280 1262 a
1311 1209 1591 1279 dignitate.

530 1304 659 1361 442.
692 1304 833 1361 Inter
862 1305 1050 1360 Plures
1080 1314 1134 1359 et
1162 1303 1345 1374 pluris.
1400 1303 1571 1359 Pluris
1615 1314 1695 1358 est
1736 1303 1879 1372 quod
1920 1318 2029 1357 ma-

452 1400 561 1469 jori
614 1414 822 1456 sununa
877 1399 1122 1462 laxatur,
1181 1398 1361 1466 plures
1411 1412 1541 1452 vero
1586 1398 1653 1453 de
1696 1396 2034 1451 multitudine

447 1491 733 1547 scribimus
761 1491 894 1563 [Al.,
926 1487 1220 1562 scribitur].

522 1583 649 1638 445.
674 1583 819 1639 Inter
859 1581 1045 1637 Petivil
1083 1593 1137 1639 et
1166 1584 1421 1655 expetivit.
1471 1582 1665 1637 Petivit
1707 1597 1804 1652 pro
1846 1596 2031 1651 parum

451 1672 546 1748 [Γ.
576 1676 702 1731 add.
749 1675 959 1748 petivit]
987 1675 1224 1745 pooitur,
1253 1676 1507 1744 expetivit
1538 1691 1635 1744 pro
1664 1676 1797 1730 satis
1826 1675 2028 1746 petivit.

2204 466 2329 522 451.
2381 466 2521 521 Inter
2577 466 2885 533 Ponti/irent
2940 474 2996 521 et
3042 476 3223 520 uatem.
3285 466 3532 523 Pontifex
3590 479 3714 525 tau-

2133 569 2243 614 tmn
2286 575 2553 613 summum
2604 558 2938 616 sacerdotem
3002 560 3290 630 significat,
3344 572 3494 617 vates
3539 573 3715 619 autem

2134 650 2281 719 plura
2303 649 2586 720 significat,
2614 658 2705 703 aut
2744 650 3071 718 sacerdotes,
3107 659 3198 704 aut
3228 661 3437 721 poetas,
3467 662 3560 708 aut
3583 670 3710 724 pro-

2133 741 2343 810 phetas.

2203 832 2328 885 432.
2360 832 2502 888 Inter
2532 830 2821 902 Profugum
2846 843 2898 889 et
2937 835 3184 889 exsulem.
3227 834 3491 908 Profugus
3529 839 3721 894 volun—

2137 933 2267 988 tate.
2300 926 2453 980 exsul
2480 926 2823 981 necessitate.

2204 1018 2325 1073 455.
2354 1019 2493 1075 Inter
2538 1018 2775 1074 Patrium
2790 1028 2844 1075 et
2860 1030 3151 1089 paternum.
3175 1021 3458 1079 Paternum
3480 1036 3559 1080 est
3581 1029 3721 1093 quod

2134 1110 2300 1179 patris
2325 1107 2445 1176 fuit,
2474 1120 2527 1164 ut
2574 1108 2769 1166 fundus
2817 1121 3090 1179 paternus.
3126 1112 3544 1178 Patriusdicitur
3586 1120 3719 1187 patri

2131 1203 2318 1258 similis
2333 1202 2439 1275 [ΑΙ.
2456 1202 2587 1270 patri
2602 1202 2841 1274 allectus]
2854 1246 2867 1270 ,
2883 1212 2937 1257 ut
2951 1204 3152 1271 patrius
3164 1206 3371 1261 animus
3385 1207 3511 1280 [Αι.,
3525 1206 3721 1281 amor.]

2205 1294 2331 1352 454.
2387 1296 2527 1351 Inter
2579 1296 2829 1369 Proprias
2882 1309 2937 1353 et
2981 1303 3192 1367 propius
3241 1299 3374 1372 [AI.,
3418 1302 3721 1375 proprium].

2136 1385 2390 1454 Proprius
2415 1395 2500 1441 est
2527 1401 2746 1455 nomen,
2770 1390 2987 1457 propius
3011 1403 3139 1443 vero
3162 1389 3314 1457 juxta
3337 1406 3443 1448 me.

2205 1476 2329 1533 455.
2356 1478 2501 1533 Inter
2532 1477 2894 1551 Prwgnantem
2917 1492 2971 1535 et
2990 1484 3257 1550 grauidam
3279 1482 3392 1539 haec
3420 1485 3721 1542 differentia

2135 1581 2215 1625 est
2234 1588 2247 1623 :
2268 1581 2627 1641 prtegnantem
2651 1586 2770 1626 esse
2791 1588 2909 1640 quae
2939 1575 3217 1643 concepit;
3236 1576 3532 1645 gravidam,
3563 1595 3720 1647 quam

2138 1664 2273 1718 uteri
2301 1665 2541 1735 gravedo
2569 1665 2868 1733 proximam
2900 1670 3068 1735 partui
3099 1669 3355 1723 ostendit.

452 1770 515 1825 Et
555 1767 921 1824 inimicissime
955 1783 1018 1823 ac
1044 1768 1388 1824 vehementer
1414 1768 1633 1823 adnisus
1654 1779 1757 1824 est.
1782 1769 1861 1824 Ex
1887 1770 2029 1824 enim

2205 1754 2330 1809 456.
2365 1755 2505 1809 Inter
2560 1754 2784 1826 Pignera
2828 1766 2883 1810 et
2929 1759 3165 1827 pignora.
3210 1759 3431 1828 Pignera
3471 1770 3597 1815 sunt
3643 1778 3726 1818 rc-

454 1876 552 1931 pro
578 1859 734 1915 valde
761 1860 992 1931 ponitur.

526 1954 653 2009 444.
703 1954 845 2008 Inter
878 1952 1072 2024 Pyram
1093 1962 1149 2007 et
1170 1969 1348 2025 rogum
1374 1967 1390 2004 :
1417 1952 1549 2023 Pyra
1579 1961 1661 2006 est
1707 1954 2036 2006 constructio

451 2047 734 2117 lignorum,
771 2055 1055 2116 antequam
1115 2045 1252 2116 ignis
1302 2045 1549 2101 admotus
1579 2056 1681 2100 εει.
1729 2046 1907 2117 llogus
1956 2056 2040 2101 est

455 2139 581 2193 dum
612 2139 784 2199 ardet.
820 2140 1039 2193 Bustum
1072 2153 1203 2193 vero
1232 2148 1573 2207 posteaquam
1606 2139 1759 2192 arsit.

528 2229 655 2284 445.
705 2228 849 2283 Inter
891 2227 1099 2283 Plebem
1142 2238 1196 2282 et
1240 2228 1512 2297 populum.
1563 2228 1721 2283 Plebs
1768 2244 1796 2283 a
1845 2229 2039 2298 populo

455 2335 522 2375 eo
547 2319 731 2389 distat,
764 2320 903 2390 quod
934 2320 1160 2391 populus
1208 2330 1289 2374 est
1330 2318 1596 2391 generalis
1624 2320 1942 2375 universitas
1965 2321 2042 2375 ci-

456 2412 601 2468 vium
634 2427 755 2469 cum
803 2412 1135 2477 senioribus,
1186 2412 1334 2482 plebs
1378 2420 1555 2466 autem
1587 2428 1707 2481 pars
1744 2412 1959 2467 humilis
1987 2422 2043 2468 et

456 2503 686 2574 abjecta.

532 2594 664 2653 446.
720 2598 864 2652 Inter
897 2597 1202 2667 Pauperiem
1248 2608 1299 2649 et
1345 2608 1723 2668 paupertatem,
1756 2595 2045 2666 Pauperies

455 2685 705 2742 damnum
733 2697 835 2754 est,
872 2697 1154 2756 paupertas
1182 2688 1292 2756 ipsa
1324 2688 1581 2743 conditio.

526 2777 653 2832 447.
702 2777 844 2833 Inter
873 2777 1169 2832 Procliuum
1213 2790 1268 2833 et
1314 2778 1589 2833 declivum.
1637 2778 1912 2835 Proclivus
1961 2787 2047 2834 est

465 2884 756 2936 ascensus;
789 2870 1046 2932 declivus,
1081 2871 1378 2926 descensus
1406 2870 1599 2927 facilis.

533 2959 661 3014 448.
705 2959 849 3015 Inter
877 2960 1195 3029 Puerperam
1238 2974 1290 3016 et
1337 2966 1581 3034 puellam.
1623 2964 1863 3019 Puellam
1894 2964 2046 3019 inve-

458 3060 593 3108 stem
620 3051 724 3107 dici
746 3052 853 3125 58
873 3061 928 3107 et
950 3062 1107 3109 astate
1133 3054 1431 3123 parvulam,
1454 3055 1604 3126 quasi
1629 3057 1823 3126 pullam
1847 3075 1860 3124 ;
1889 3073 2039 3127 puer-

2140 1860 2281 1911 rum,
2316 1845 2532 1915 pignora
2564 1846 2791 1901 filiorum
2822 1857 2877 1902 et
2906 1848 3210 1904 affectuum.

2210 1939 2337 1992 43.7.
2390 1940 2528 1993 Inter
2586 1938 2888 1994 Portentum
2948 1953 3002 1997 et
3060 1956 3362 1998 monstrum.
3420 1945 3727 2001 Portentum

2140 2040 2224 2085 est
2241 2031 2379 2101 quod
2402 2032 2507 2103 59
2525 2047 2586 2086 ex
2607 2032 2791 2089 formis
2813 2035 3036 2089 diversis
3057 2038 3386 2105 propooitur,
3403 2051 3727 2107 monstrum,

2141 2125 2281 2194 quod
2314 2137 2460 2178 extra
2503 2133 2746 2178 naturam
2778 2127 3031 2190 nascitur,
3064 2129 3143 2182 vel
3199 2130 3354 2182 nimis
3385 2133 3602 2200 grande,
3641 2133 3726 2189 vel

2143 2215 2303 2269 nimis
2334 2216 2513 2270 breve.

2214 2306 2513 2362 458.1uter
2546 2308 2845 2364 Portentum
2886 2318 2943 2363 et
2994 2320 3361 2379 portentosum.
3417 2313 3729 2369 Portentum

2142 2397 2337 2453 dicitur
2375 2399 2512 2467 quod
2552 2414 2615 2455 ex
2647 2403 2789 2454 οηιηὶ
2819 2412 2968 2468 parte
3015 2412 3218 2456 natura:
3256 2404 3600 2459 mutationem
3631 2420 3725 2461 su-

2144 2505 2296 2545 mens
2315 2491 2508 2559 aliquid
2538 2493 2852 2560 portendere
2877 2493 3106 2548 futurum
3131 2496 3358 2562 videtur,
3389 2499 3527 2552 sicut
3553 2500 3733 2568 biceps

2145 2595 2300 2651 caput
2332 2584 2384 2638 in
2416 2599 2613 2651 corpus
2646 2602 2836 2652 unum,
2869 2586 2952 2640 vel
3000 2588 3139 2641 sicut
3187 2589 3237 2642 in
3268 2587 3460 2643 Xerxis
3493 2593 3634 2659 regia
3661 2607 3726 2647 ex

2144 2690 2278 2744 equa
2308 2675 2522 2743 vulpem
2558 2675 2735 2731 ferunt
2775 2687 3011 2731 creatam
3044 2678 3392 2752 (IIerodian.)
3419 2698 3433 2746 ;
3466 2698 3559 2751 per
3584 2685 3724 2754 quod

2145 2765 2266 2835 ejus
2291 2765 2426 2820 solvi
2452 2783 2673 2837 regnum
2708 2777 2980 2823 ostensum
3008 2782 3110 2825 est.
3142 2772 3273 2825 Nam
3308 2782 3610 2841 portentosa
3655 2775 3735 2829 di-

2146 2870 2339 2914 cuntur
2366 2878 2486 2930 quze
2512 2877 2577 2917 ex
2635 2871 2783 2930 parte
2813 2863 3055 2931 corporis
3113 2874 3329 2919 sumunt
3382 2865 3728 2922 mutationem

2149 2955 2279 3029 [.4l.,
2315 2958 2689 3031 natatiouem];
2723 2968 2799 3024 ut,
2825 2960 3052 3028 exempli
3086 2973 3267 3023 causa,
3297 2974 3417 3013 cum
3441 2976 3532 3016 sex
3564 2962 3735 3029 digitis

2151 3051 2282 3114 nati,
2309 3050 2421 3104 sive
2442 3067 2561 3105 cum
2590 3052 2767 3121 aliqua
2794 3052 3050 3120 pravitate
3080 3050 3207 3123 [F.,
3230 3054 3529 3128 parvitate]
3558 3071 3728 3110 mem-

458 3160 641 3215 peram
664 3160 813 3211 vero,
844 3159 965 3216 quas
989 3146 1214 3216 primum
1242 3163 1461 3217 puerum
1483 3150 1637 3204 enixa
1666 3158 1768 3212 est,
1791 3160 1845 3204 ct
1874 3151 1925 3205 in
1949 3167 2043 3205 an-
2075 3146 2120 3207 C
2152 3143 2387 3197 brorum-

461 3234 546 3291 nis
596 3237 891 3306 puerilibus
939 3241 1096 3306 parit.
1162 3239 1313 3295 Unde
1367 3251 1424 3296 et
1477 3241 1911 3312 IIoratius(Lib.
1970 3258 2041 3310 ιν,

460 3328 548 3382 od.
580 3326 681 3398 4):

768 3416 1044 3469 Laudantur
1064 3419 1208 3468 simili
1236 3421 1370 3481 prole
1395 3433 1672 3483 puerpera.

530 3498 657 3555 449.
708 3500 849 3556 Inter
896 3501 1240 3570 Pampineum
1297 3516 1349 3557 et
1404 3506 1780 3574 pampinosum.
1833 3506 2042 3572 Pampi—

461 3602 620 3643 neum
643 3599 725 3644 est
749 3599 915 3645 totum
939 3592 1007 3645 tle
1031 3594 1314 3661 pampinis,
1343 3598 1714 3663 pampinosum
1735 3597 1869 3663 quod
1896 3611 2044 3665 pam-

464 3680 605 3750 pinis
636 3681 845 3749 plenum
876 3695 979 3739 est.

534 3771 660 3828 450.
694 3774 834 3830 Inter
864 3774 1126 3846 Populum
1151 3786 1207 3832 et
1228 3780 1465 3849 populos,
1495 3795 1615 3833 cum
1637 3782 1777 3847 enim
1822 3782 2045 3851 populos

467 3879 693 3920 numero
739 3866 926 3937 plurali
969 3869 1220 3936 dicimus,
1275 3870 1438 3925 urbes
1488 3871 1876 3941 significamus;
1925 3888 2045 3927 cum

534 4007 606 4049 τ-
636 3978 930 4049 Scriptura.
965 3980 1073 4045 AL,
1108 3980 1305 4036 Minus.
1334 3982 1396 4037 Ρ.
1434 3983 1601 4036 minis.

538 4046 682 4120 Ibid.
699 4046 793 4120 Ita
809 4064 841 4103 c
866 4058 950 4103 est
975 4051 1141 4119 prima
1164 4054 1463 4106 ditlereutia
1494 4053 1690 4120 quam
1719 4055 1891 4110 altero
1912 4055 2050 4111 libro

468 4133 575 4242 pou
607 4118 938 4241 azphabetico
980 4118 1236 4188 Occurrit,
1287 4118 1713 4177 brevior‘tamen
1751 4140 1906 4191 quam
1948 4129 2049 4181 hoc

489 4203 606 4242 oco.
683 4204 803 4242 nev.

540 4226 1041 4315 oratione
1090 4276 1250 4322 qttam
1280 4262 1347 4317 de
1376 4265 1487 4318 suis
1516 4263 1802 4319 virtutibus
1837 4266 2037 4322 habuit.

540 4276 666 4312 aeu.
703 4276 758 4313 In
799 4276 1041 4315 orattone
1133 4276 1250 4315 nam
1280 4276 1347 4317 ne
1376 4276 1487 4318 SllIS
1516 4276 1802 4319 Virtutibus
1837 4276 2035 4322 habuit.

468 4327 636 4404 Age".
671 4329 761 4384 lib.
798 4343 871 4394 vt,
905 4344 1025 4404 cap.
1191 4332 1352 4399 Nom,
1399 4334 1526 4388 dict.
1569 4336 1829 4404 festinare.
1865 4337 2035 4399 Fest..

2224 3237 2353 3294 459.
2378 3238 2519 3293 Inter
2567 3238 2867 3293 Portentum
2915 3250 2967 3294 et
2998 3249 3266 3293 ostentum.
3303 3239 3612 3295 Portentum
3645 3256 3733 3294 na-

2153 3331 2320 3385 scitur
2366 3342 2419 3386 et
2456 3333 2506 3384 in
2551 3347 2645 3385 sua
2678 3341 2953 3401 permanet
2979 3333 3271 3399 qualitate;
3315 3340 3580 3386 ostentum
3612 3346 3737 3385 vero

2151 3420 2325 3474 subito
2355 3420 2578 3475 ollertur
2608 3422 2800 3490 oculis,
2833 3432 2887 3476 et
2913 3422 3251 3476 subducitur.
3284 3423 3374 3477 Sic
3433 3432 3731 3491 portentum

2153 3511 2391 3565 «licitura
2422 3512 2809 3581 portendendo,
2845 3514 2894 3567 id
2923 3521 3006 3567 est
3038 3529 3193 3581 porro
3217 3514 3569 3578 ostendendo,
3601 3515 3739 3569 sicut

2152 3610 2207 3653 et
2228 3603 2547 3673 prodigium,
2578 3604 2715 3672 quod
2750 3618 2909 3671 porro
2939 3604 3101 3668 dicat,
3135 3604 3184 3656 id
3216 3613 3298 3659 est
3320 3604 3492 3657 futura
3522 3604 3588 3658 de
3613 3605 3731 3660 lon-

2153 3707 2219 3762 ge
2250 3693 2522 3761 praedicat.
2548 3695 2844 3749 Monstrum
2874 3708 3004 3749 sane
3031 3710 3059 3748 a
3086 3696 3287 3749 monitu
3319 3695 3399 3749 vel
3427 3706 3734 3752 monstran-

2155 3786 2225 3839 do
2267 3785 2488 3851 dictum,
2523 3787 2662 3857 quod
2712 3786 2911 3855 aliquid
2941 3786 3291 3858 significando
3328 3787 3659 3843 demonstret
3685 3801 3741 3846 et

2155 3878 2354 3930 statim.
2382 3876 2626 3945 Quinque
2654 3887 2776 3932 sunt
2800 3888 2978 3933 autem
3009 3892 3202 3948 genera
3256 3878 3638 3949 prodigiorum,
3675 3892 3732 3935 ut

2164 3986 2265 4061 lam
2299 3987 2583 4061 significet.
2618 3990 2750 4061 Vox,
2773 3989 3340 4061 tamendpullamrnon
3379 3999 3582 4047 temere
3611 3990 3741 4061 reji-

2159 4057 2370 4130 cieuda,
2413 4060 2843 4130 quandoquidem
2870 4072 2924 4114 et
2948 4059 3084 4114 Non.
3131 4059 3348 4130 pullum.
3380 4060 3550 4128 inquit
3573 4057 3738 4115 (etatis

2159 4128 2392 4199 novellis,
2418 4131 2480 4181 ab
2502 4128 2713 4193 antiquo
2742 4129 2889 4183 rerbo
2919 4128 3137 4197 pullare,
3170 4132 3309 4199 quod
3343 4143 3494 4184 vetus
3526 4133 3735 4196 glossa-

2158 4198 2309 4273 rium
2328 4199 2592 4273 agnoscit,
2620 4209 2807 4273 estque
2853 4198 3198 4273 παραφνᾴδᾳξ
3225 4201 3448 4273 βάλλειν,
3480 4203 3604 4269 pulli
3634 4225 3738 4257 πα·

2150 4268 2425 4392 ﬁeriﬁeri).
2444 4268 2559 4336 Ipse
2580 4277 2725 4324 certe
2744 4269 2881 4323 hanc
2902 4268 3140 4323 e'anidém
3162 4268 3441 4327 lectionem
3466 4275 3740 4343 superiore

2172 4354 2182 4391 I
2229 4355 2285 4388 ro
2328 4356 2373 4392 ta
2420 4347 2491 4392 et.

2152 4340 2285 4392 libro
2312 4340 2491 4393 habet.

467 4397 924 4489 dictsjpcoperare.
953 4398 1023 4489 .C’.
1056 4401 1241 4489 rent.
1420 4397 1916 4489 properataapparet
1944 4397 2045 4463 non
2079 4418 2129 4476 ι)
2220 4447 2289 4457 -
2332 4418 2631 4489 Etymolog.
2664 4417 2758 4472 lib.
2793 4433 2851 4483 ll,
2879 4433 2997 4489 cap.
3026 4418 3080 4473 ἓ.

473 4483 578 4525 esse
599 4469 849 4546 de[essus,
875 4470 964 4546 qui
987 4472 1212 4546 festinat,
1245 4469 1442 4546 uidetur
1465 4469 1572 4529 esse
1604 4469 1931 4546 defatigatus.

540 4567 611 4580 --
636 4537 1079 4619 Unumquodque.
1098 4537 1850 4619 'AI.,‘_1\’unquam_quit-lquam
1868 4590 1883 4614 ,
1907 4549 2043 4619 quod

470 4610 684 4685 adortus
706 4628 867 4685 erant,
899 4610 1197 4685 transibam.
1222 4610 1504 4671 Ortus'llls.
1535 4617 1574 4671 F
1578 4610 1711 4685 orte,
1742 4610 1905 4673 orsus.

404 4680 405 4683 “
544 4679 665 4751 441.
711 4682 783 4735 Ex
812 4682 1067 4751 Agraetio.
1678 4698 1683 4703 '

539 4749 665 4819 443.
699 4753 771 4805 Ex
807 4749 1059 4819 Agrtetio.

538 4814 1234 4897 ﬁ§.|1_rtinti5iuime._Lego
1257 4828 1564 4897 enia'issime,
1583 4839 1668 4882 aut
1687 4830 2040 4884 intensissime.

542 4889 777 4971 “his”.
810 4892 984 4971 serv”
1016 4894 1081 4971 ad
1112 4889 1197 4949 ill:
1216 4912 1252 4951 tt
1280 4897 1430 4965 Αἱη..
1463 4889 1776 4955 Constituere
1804 4918 1977 4971 pyras.

541 4991 613 5002 —
643 4963 813 5027 Fest,,
836 4964 988 5027 tliel.,
1014 4966 1235 5021 bustum.

542 5031 670 5088 445.
689 5035 794 5111 _Sic
815 5037 846 5089 9
869 5035 1086 5111 Terent.
1110 5037 1345 5111 Scaurus
1364 5038 1429 5111 de
1447 5038 1802 5109 Orthograph.
1828 5059 1840 5096 :
1875 5041 2046 5111 Popuo

472 5102 555 5157 lus
584 5112 657 5182 est
682 5105 733 5156 in
758 5122 857 5174 quo
879 5107 1044 5182 omnis
1074 5123 1198 5182 pars
1236 5109 1451 5182 rivitatis
1470 5150 1486 5175 ,
1519 5102 1690 5163 omnes
1713 5102 1821 5182 ejus
1844 5102 2046 5167 ordines

474 5174 794 5256 continentur
818 5191 837 5230 :
856 5178 1014 5256 plebs
1053 5174 1117 5232 ea
1148 5178 1342 5235 dicitur
1364 5222 1380 5247 ,
1420 5174 1480 5234 in
1499 5196 1601 5249 qua
1632 5174 1817 5251 gemes
1853 5182 2044 5239 civium

475 5254 701 5309 patrium
729 5260 832 5299 non
857 5254 1054 5301 insunt.

544 5310 667 5366 446.
701 5312 872 5381 Fest.,
904 5318 1030 5371 dict.
1063 5317 1377 5388 Pauperies;
1401 5337 1465 5375 ex
1496 5336 1600 5389 quo
1638 5319 1774 5377 forte
1810 5324 2049 5380 scriben-

475 5381 933 5464 dttm_.npa_upertas
951 5399 1025 5442 est
1052 5381 1399 5464 deum.”on
1424 5381 1719 5464 quadrupes
1750 5396 1893 5464 facit.

546 5451 676 5535 448.
708 5455 823 5535 Lib.
844 5472 872 5509 x
895 5457 1214 5535 Etvmolog"
1235 5451 1415 5535 littera
1431 5451 1696 5535 P.‘Pue_l_t_u
1716 5451 1789 5517 est
1811 5467 2045 5535 paruula,

473 5524 872 5606 quasipupilla,
902 5524 1078 5583 et'lib.
1125 5524 1350 5600 x't,'cap.
1399 5534 1447 5592 I.
1486 5530 1716 5606 Pupilla,
1758 5524 1895 5605 quod
1919 5524 2048 5606 pura

474 5599 634 5671 sit__et
682 5598 986 5671 impolluta,
1036 5612 1093 5653 ut
1136 5616 1252 5656 sunt
1302 5598 1505 5671 puellm.
1543 5604 1605 5656 lit
1634 5603 1711 5658 sic
1758 5598 2045 5662 dictionem

474 5665 669 5731 pullam
714 5666 769 5744 i_n
802 5672 1056 5744 pupillam
1109 5673 1246 5729 forte
1291 5665 1408 5742 quis
1454 5674 1759 5729 mutandam
1805 5690 2045 5744 censeat,

474 5752 592 5795 cum
626 5748 676 5792 et
703 5737 905 5797 Graecis
931 5744 961 5804 ἡ
990 5742 1113 5823 κόρη
1142 5737 1424 5815 utrumque
1453 5755 1505 5801 et
1535 5744 1785 5815 pupillam
1824 5758 1879 5807 ct
1905 5737 2049 5821 pucl;

2212 4495 2342 4552 449.
2375 4498 2529 4552 Serv.
2555 4498 2619 4550 ad
2645 4498 2723 4554 ill.
2752 4513 2763 4550 l
2795 4497 2945 4562 Ern,
2978 4498 3202 4552 Nemora
3226 4501 3356 4552 inter
3386 4501 3622 4569 frondea.

2218 4576 2361 4648 Ibid.
2392 4577 2785 4648 Pampinosum.
2815 4577 3111 4632 Adhibetur
3134 4580 3248 4632 lucc
3269 4594 3366 4634 vox
3392 4594 3419 4632 a
3441 4580 3737 4636 Columella

2150 4657 2204 4700 et
2248 4647 2443 4703 Plinio.
2476 4647 2650 4703 Anev.

2220 4718 2349 4773 451.
2396 4721 2511 4773 Lib.
2539 4720 2840 4789 Etymolog.
2870 4734 2964 4789 vn,
2995 4733 3113 4789 cap.
3146 4720 3231 4775 12.

2380 4799 2496 4853 Vid.
2522 4798 2674 4855 Serv.
2710 4798 2774 4854 ad
2806 4800 2883 4856 ill.
2913 4815 2927 4854 ι
2959 4798 3086 4855 En.
3122 4799 3418 4876 Profugus,
3450 4800 3739 4870 Larinaque

2150 4873 2282 4924 venit
2299 4871 2494 4923 littora.

2218 4940 2343 4994 456.
2380 4941 2460 4993 Ex
2493 4938 2746 5008 Agrtctio.

2220 5018 2345 5074 457.
2371 5018 2590 5073 Fronto.
2617 5018 2733 5073 Sic:
2755 5017 3077 5085 Portentum,
3104 5023 3240 5094 quod
3262 5028 3445 5092 porro",
3474 5033 3525 5077 et
3551 5021 3740 5079 diutius

2149 5102 2339 5152 manet,
2397 5095 2725 5158 futurumque
2778 5093 3101 5160 postmodum
3174 5093 3371 5163 aliquid
3437 5095 3737 5161 signiﬁcat;

2148 5170 2431 5215 monstrum
2455 5170 2526 5213 est
2569 5171 2742 5212 contra
2799 5173 3055 5223 naturam,
3080 5173 3135 5216 ut
3180 5173 3251 5216 est
3297 5163 3643 5229 Minotaurus,
3686 5173 3742 5218 et

2151 5231 2308 5297 infra,
2339 5231 2645 5303 in__monstro
2666 5234 2995 5303 rectusuordo
3024 5242 3221 5287 natura
3244 5235 3457 5286 vertitur
3482 5250 3502 5289 :
3533 5236 3585 5289 in
3618 5251 3743 5303 por-

2148 5312 2284 5356 tento
2315 5300 2551 5368 differtur
2578 5309 2804 5354 euentus.
2833 5300 2996 5368 Nom,
3027 5302 3155 5358 divt.
3192 5313 3442 5357 monstra.

2219 5380 2345 5436 458.
2378 5380 2672 5449 Etymolng.
2702 5379 2794 5435 lib.
2820 5395 2876 5448 n,
2906 5396 3024 5449 cap.
3051 5380 3105 5436 '5.

2222 5459 2360 5515 Ibid.
2396 5459 2659 5533 Pantim‘ts
2683 5458 2735 5512 in
2771 5468 2914 5533 textu
2946 5459 3169 5533 legebat,
3198 5467 3256 5514 ut
3277 5471 3433 5532 puto,
3467 5464 3738 5533 parvitate,

2151 5548 2247 5601 pro
2275 5545 2379 5597 quo
2416 5528 2737 5598 conjiciebttt
2763 5528 3033 5599 pravitate.
3065 5532 3235 5585 ABEV.

2221 5609 2348 5664 459.
2380 5608 2456 5682 C._
2476 5609 2681 5682 Fronto
2695 5610 2882 5663 eodem
2905 5625 3062 5664 sensu
3099 5620 3376 5680 ostentum,
3400 5615 3535 5678 quod
3557 5624 3740 5682 praeter

2152 5680 2572 5736 consueiudinem
2605 5679 2838 5746 o/fertur,
2868 5692 2914 5734 et
2951 5682 3106 5746 intra,
3137 5684 3189 5735 in
3214 5695 3409 5737 ostento
3431 5679 3617 5740 raritas
3639 5686 3736 5738 ad-

2154 5751 2574 5810 ministrationem
2602 5751 2767 5823 (Lego
2794 5753 3205 5824 admirationem)
3236 5754 3381 5825 facit.
