4108 6178
466 304 536 361 59
1504 298 1559 353 S.
1605 297 1853 355 ISIDORI
1893 298 2339 356 HISPALENSIS
2376 299 2679 357 EPISCOPI
3678 309 3742 360 ϐξ)

467 422 603 474 inter
628 417 791 471 Deuni
818 426 869 469 et
899 416 1171 470 hominem
1195 414 1330 468 dicta
1358 428 1570 481 quoque
1598 415 1805 481 religio,
1824 429 1889 469 eo
1911 414 2052 481 quod
2084 420 2127 472 Α
2161 422 2267 483 tur,
2298 428 2510 482 quoque
2532 414 2754 482 violato,
2781 429 2937 484 pinus
2965 413 3340 471 committitur.
3369 417 3591 485 Sacrum
3623 438 3747 477 vero

466 526 527 565 ea
562 511 806 563 homines
857 508 1144 577 religantur
1172 504 1386 558 vinculo
1428 505 1696 559 serviendi
1740 505 1807 558 ad
1853 505 2054 559 cultum

465 602 782 657 divinitatis.
830 601 1041 670 Religio
1090 611 1267 652 autem
1317 605 1402 651 est
1442 596 1495 650 in
1537 600 1766 664 virtute,
1798 597 2055 667 supersti-

470 692 542 745 tio
564 707 690 746 vero
722 694 771 744 in
804 690 949 744 cultu
980 688 1187 743 illicito.

522 782 645 837 487.
669 783 808 836 Inter
831 779 1103 834 Rationale
1128 788 1181 832 et
1205 779 1527 833 rationabile.
1549 778 1825 834 Rationale
1850 789 1903 834 et
1923 778 2054 850 |'Al.,

469 871 547 943 ut]
579 873 801 941 angelus
841 879 895 925 et
940 870 1124 935 homo,
1178 871 1498 925 rationabile
1539 870 1685 939 quod
1720 872 1925 924 ratione
1972 871 2055 925 vel

468 966 641 1035 agitur
671 964 752 1017 vel
781 964 999 1016 dicitur.

537 1055 660 1109 488.
696 1057 834 1109 Inter
864 1056 1131 1109 Rusticum
1157 1064 1212 1110 et
1235 1058 1572 1113 rusticanum.
1600 1055 1848 1113 Rusticus
1869 1071 2058 1127 opera-

463 1148 575 1201 rius
600 1145 707 1199 dici
740 1154 936 1213 potest,
971 1145 1273 1200 rusticanus
1306 1156 1459 1215 pater
1492 1148 1742 1201 familias.

534 1236 661 1292 489.
693 1238 833 1292 Inter
862 1236 1219 1291 Rustieitatem
1250 1250 1303 1293 et
1330 1238 1735 1293 rusticationem.
1768 1236 2056 1292 Rusticit'is

468 1343 679 1383 morum
711 1337 814 1393 est,
841 1328 1117 1382 rusticatio
1145 1329 1343 1397 aperis.

535 1420 663 1475 490.
696 1422 835 1474 Inter
880 1420 1147 1473 Rationem
1175 1428 1229 1473 et
1259 1420 1720 1474 ratiocinationem.
1766 1420 1921 1474 Ratio
1973 1426 2060 1472 est

465 1513 663 1567 mentis
695 1522 870 1565 motus
901 1512 1033 1584 [.41.,
1061 1509 1287 1582 motum]
1316 1512 1367 1565 in
1399 1511 1481 1565 his
1505 1528 1626 1581 quin
1653 1512 1899 1566 dicuntur
1920 1510 2055 1583 [Al.,

467 1603 1112 1674 discinnnr],discernere
1142 1606 1219 1657 vel
1245 1614 1567 1659 connectere
1599 1605 1824 1669 Valens;
1854 1607 2058 1658 ratioci-

467 1698 610 1750 natio
633 1706 808 1751 autem
842 1698 1168 1751 rationabilis
1189 1710 1272 1751 est
1294 1698 1611 1768 subtilisque
1632 1699 1949 1767 disputatio,
1974 1705 2056 1751 at-

2159 516 2212 560 et
2240 516 2482 560 sanctum
2512 517 2615 573 est,
2648 515 2890 562 sanctum
2926 523 3058 564 vero
3088 523 3193 563 non
3222 509 3481 564 continuo
3506 528 3743 568 sacrum.

2161 598 2290 651 Item
2339 606 2579 651 sanctum
2629 598 2681 651 in
2735 598 2927 652 bonam
2977 609 3179 667 partem
3234 601 3490 668 ponitur;
3534 617 3744 658 sacrum

2159 705 2287 744 vero
2314 690 2419 745 duo
2444 692 2731 761 signiﬁcat,
2765 702 2821 746 et
2851 694 3068 761 bonum,
3100 704 3153 748 et
3177 695 3371 749 malum
3398 717 3413 753 :
3444 667 3665 762 bonum,
3690 667 3759 769 uti

2159 782 2284 835 illud
2313 780 2517 854 (Virg.,
2550 781 2732 855 Ecloy.
2767 786 2820 852 I)
2848 802 2862 839 :
2895 783 3040 838 Inter
3065 787 3284 855 ﬂumina
3309 797 3459 855 nota,
3508 798 3556 842 et
3585 780 3757 858 fontes}

2158 890 2327 928 sacros
2348 891 2365 939 ;
2390 874 2608 940 malum,
2638 885 2696 929 ut
2721 891 2735 928 :
2764 876 2891 929 Auri
2917 893 3064 929 sacra
3084 876 3501 946 faines(.43ueid.
3527 881 3617 933 lib.
3641 874 3759 948 ιιι).ῖ

2164 966 2227 1021 Ει
2260 984 2273 1019 :
2308 966 2484 1021 Sacris
2532 968 2833 1035 panduntur
2871 978 3032 1038 porta:
3080 968 3328 1038 (zEneid.
3378 971 3467 1025 lib.
3513 976 3606 1035 ιι).
3640 953 3757 1026 Et::

2160 1055 2300 1109 Leno
2322 1072 2464 1110 sacer
2486 1055 2739 1127 (Plaut.).
2770 1057 2835 1109 Et
2858 1074 2873 1111 :
2896 1072 3039 1111 sacer
3066 1058 3237 1111 hircus
3264 1057 3493 1128 (Ovid.).
3520 1059 3672 1115 Unde
3693 1073 3745 1115 et

2156 1148 2293 1220 ignis
2320 1164 2470 1205 sacer
2511 1150 2702 1203 dicitur
2734 1149 2922 1204 hulcus
2970 1149 3246 1205 horribile.
3280 1151 3432 1205 Alma
3463 1163 3640 1207 autem
3675 1155 3743 1209 ab

2155 1242 2347 1297 alendo
2370 1243 2529 1297 dicta.
2559 1241 2709 1299 Unde
2731 1252 2786 1297 et
2810 1243 2950 1310 apud
2987 1257 3219 1313 paganos
3248 1243 3389 1298 alma
3410 1243 3575 1300 Ceres
3600 1244 3742 1301 dicta

2157 1345 2259 1400 est,
2290 1335 2667 1390 alimentorum
2699 1335 2988 1389 inventrix.

2227 1427 2352 1482 499.
2388 1428 2528 1482 Inter
2559 1427 2854 1497 Sapientem
2881 1436 2937 1483 et
2965 1428 3268 1493 prudentem
3297 1429 3367 1483 ita
3398 1428 3627 1483 discerni
3658 1444 3744 1484 so-

2158 1516 2260 1584 let,
2288 1526 2344 1572 ut
2365 1518 2577 1586 sapiens
2605 1528 2825 1571 vocetur
2864 1518 2908 1570 is
2936 1517 3026 1586 qui
3063 1519 3387 1576 intellectum
3419 1532 3742 1576 aeternorum

2157 1608 2401 1675 rimatur,
2439 1608 2669 1676 prudens
2700 1622 2831 1663 vero
2855 1609 2942 1677 qui
2972 1623 3032 1662 ea
3072 1624 3191 1678 qua:
3217 1611 3462 1666 sensibus
3504 1613 3745 1680 corp0ris

2157 1702 2527 1769 experiuntur.

465 1800 573 1851 que
598 1800 627 1836 a
657 1785 819 1839 certis
856 1785 920 1839 ad
945 1786 1266 1840 incertorum
1294 1787 1426 1859 [Al.,
1452 1790 1574 1842 add.
1620 1799 1710 1842 aut
1741 1790 1959 1843 incertis
1988 1789 2053 1843 ad
2088 1794 2132 1853 Β
2228 1790 2354 1847 500.
2383 1792 2526 1846 Inter
2552 1790 2811 1854 Stultum,
2845 1790 3064 1858 fatuum,
3108 1797 3163 1845 ct
3208 1792 3489 1862 stupidum.
3520 1793 3742 1860 Quidam

468 1876 763 1949 certorum]
797 1878 1187 1945 indagationein
1220 1882 1395 1934 nitens
1425 1882 1699 1951 cogitatio.

537 1970 661 2023 491.
706 1969 848 2023 Inter
898 1970 1115 2039 [legium
1156 1978 1211 2024 et
1253 1974 1443 2040 regale.
1503 1971 1724 2041 Regium
1771 1981 1851 2026 est
1893 1972 2058 2042 ipsius

466 2061 627 2131 regis,
663 2061 844 2129 regale
875 2060 1093 2130 dignum
1137 2077 1280 2131 rege.
1323 2062 1412 2117 Sic
1455 2072 1510 2117 et
1556 2063 1696 2130 regis
1745 2074 1797 2117 et
1842 2064 2057 2132 regalis.

470 2152 631 2219 Itegia
659 2150 852 2205 domus
881 2149 934 2205 in
967 2166 1071 2219 qua
1100 2160 1205 2217 est,
1236 2150 1429 2219 regalis
1459 2166 1585 2221 rege
1614 2153 1796 2221 digna.

539 2240 663 2297 492.
689 2243 831 2296 Inter
863 2242 1060 2308 Rubor,
1088 2243 1265 2305 robur,
1300 2242 1470 2295 robor.
1518 2243 1700 2298 Rubor
1734 2244 1930 2298 eoloris
1956 2257 2055 2312 est,

467 2334 632 2389 robur
663 2334 893 2395 virtutis,
922 2336 1083 2385 robor
1110 2334 1341 2387 arboris.

538 2424 663 2479 495.
698 2426 841 2480 Inter
876 2425 1102 2496 Reptilia
1131 2435 1187 2480 et
1224 2426 1487 2495 repentia,
1524 2426 1751 2496 Reptilia
1791 2442 2053 2497 aquarum

463 2529 608 2585 sunt,
634 2521 874 2588 repentia
900 2529 1075 2572 terras.

537 2611 661 2666 494.
695 2612 839 2667 Inter
863 2612 1069 2678 Ilivum,
1102 2616 1314 2683 fontem,
1345 2620 1636 2681 torrentem,
1660 2623 1713 2668 et
1732 2617 1947 2684 ﬂumen.
1966 2614 2058 2669 Ri-

465 2719 565 2760 vus
586 2702 764 2758 subito
788 2704 848 2756 Iit
873 2722 885 2757 :
912 2703 1031 2758 fons
1048 2712 1132 2759 est
1162 2712 1501 2773 caputatque
1531 2703 1786 2759 decursus
1816 2706 1871 2760 in
1899 2722 2055 2776 quem

467 2794 726 2848 naturalis
753 2804 933 2848 manat
958 2810 1118 2864 aqua,
1150 2804 1359 2851 torrens
1382 2796 1574 2865 pluvias
1605 2796 1797 2851 ﬂuctus
1819 2813 2059 2867 praeceps

468 2890 596 2962 [Al.,
630 2889 806 2958 pluvia
830 2888 1023 2945 ﬂuctus
1052 2897 1107 2945 et
1132 2886 1425 2963 praeceps],
1456 2889 1649 2944 ﬂuvius
1678 2905 1831 2961 aqua:
1868 2891 2053 2947 decur-

464 2994 557 3034 sus
581 2979 925 3050 generaliter.

1082 3090 1159 3145 De
1185 3090 1355 3145 littera
1380 3089 1438 3145 S.

534 3203 659 3261 495.
702 3205 840 3259 Inter
871 3202 1093 3268 Sidera,
1126 3212 1295 3270 astra,
1329 3203 1537 3268 stellas,
1570 3212 1624 3258 et
1663 3202 1832 3272 signa.
1867 3202 2053 3258 Sidera

466 3297 554 3353 illa
596 3298 843 3353 dicuntur
869 3296 1061 3366 quibus
1096 3296 1402 3364 navigantes
1431 3296 1777 3350 considerant
1820 3296 1961 3365 quod
1988 3297 2054 3350 ad

465 3406 677 3445 cursum
693 3390 920 3460 dirigant
941 3388 1244 3452 consilium;
1259 3388 1365 3459 63
1380 3398 1520 3443 astra
1542 3397 1719 3442 autem
1742 3401 1864 3442 sunt
1887 3388 2055 3442 stellte

463 3482 715 3553 grandes,
742 3492 798 3536 ut
825 3481 1021 3546 Orion;
1050 3479 1220 3534 stella:
1242 3489 1443 3545 autem,
1472 3478 1795 3548 multijuges,
1829 3488 1887 3531 ut
1918 3478 2058 3548 Ilya-

466 3575 581 3643 des,
615 3573 893 3639 Pleiades;
917 3572 1126 3643 signum
1157 3586 1284 3626 vero
1307 3587 1413 3640 quo
1435 3572 1724 3625 animantis
1751 3572 1927 3641 imago
1948 3570 2057 3625 for-

469 3671 606 3716 mata
638 3672 738 3726 est,
774 3672 832 3716 ut
850 3662 1079 3725 Taurus,
1107 3660 1330 3726 Scorpio
1359 3668 1413 3712 et
1442 3658 1770 3729 Iinjusniodi.

539 3753 664 3808 495.
711 3754 851 3808 Inter
894 3754 1272 3823 Sempiternum
1310 3762 1363 3805 et
1401 3762 1705 3821 perpetuum
1746 3752 1847 3805 hoc
1897 3750 2061 3805 distat

469 3847 603 3920 [Αι.,
631 3845 946 3918 discrepat],
978 3847 1118 3915 quod
1146 3845 1547 3915 sempiternitas
1576 3844 1641 3898 ad
1689 3843 1853 3898 Deum
1887 3844 2060 3914 perti-

470 3949 577 4001 net,
611 3939 934 4007 perpetuitas
962 3936 1026 3989 ad
1056 3935 1295 4005 angelos,
1327 3932 1411 3989 vel
1441 3935 1506 3989 ad
1535 3936 1741 3988 animas
1770 3934 1900 4006 [Al.,
1944 3934 2062 3987 ani-

472 4028 633 4101 inam]
662 4030 958 4084 hominum.
1001 4028 1237 4083 Primum
1269 4027 1410 4081 enini
1443 4041 1656 4095 semper
1678 4024 1798 4091 fuit,
1831 4040 1929 4080 nec
1955 4041 2059 4079 un-

470 4135 627 4189 quam
652 4135 769 4174 esse
795 4119 1021 4185 desinit;
1055 4120 1281 4172 alterum
1303 4132 1425 4173 esse
1452 4118 1640 4187 coepit,
1674 4117 1767 4172 sed
1800 4132 1920 4172 esse
1943 4133 2062 4186 per-

471 4218 688 4281 petuum
721 4224 824 4262 non
854 4208 1072 4263 desinit.

543 4297 670 4353 497.
699 4300 843 4354 Inter
863 4298 1083 4353 Sensum
1107 4306 1161 4352 et
1190 4296 1523 4351 intellectum.
1560 4295 1759 4352 Sensus
1801 4295 1867 4350 ad
1906 4304 2061 4349 natu-

470 4405 586 4445 ram
618 4389 870 4457 refertur,
903 4389 1209 4444 intellectus
1238 4386 1305 4440 ad
1335 4393 1526 4441 artem.

539 4478 665 4536 498.
690 4480 834 4535 Inter
851 4479 1094 4545 Sacrum,
1128 4477 1446 4549 religiosum,
1470 4484 1524 4532 et
1550 4485 1802 4531 sanctum.
1835 4476 2058 4533 Sacrum

474 4587 730 4628 vocamus
755 4572 897 4641 quod
938 4570 1005 4625 ad
1044 4571 1209 4625 Deum
1242 4569 1510 4638 pertinet;
1557 4568 1864 4637 religiosum
1913 4566 2058 4637 quod

470 4665 537 4721 ad
568 4663 813 4720 homines
838 4662 1045 4734 iustos;
1077 4670 1323 4717 sanctum
1354 4674 1481 4716 vero
1506 4673 1612 4730 quo
1637 4658 1838 4727 aliquid
1879 4660 2058 4713 sanci~

542 4852 615 4866 —-
641 4821 950 4893 Superstitio
970 4838 1108 4876 vero.
1141 4820 1313 4893 Non",
1333 4819 1463 4893 dict.
1498 4818 1909 4889 Superstitianis.

541 4895 668 4950 401.
698 4889 771 4948 Ex
798 4896 859 4948 (Ξ.
886 4893 1095 4956 Front.,
1126 4892 1256 4947 d.ct.
1289 4889 1522 4961 Regium.

542 4965 673 5020 492.
706 4964 867 5018 Vetus
889 4964 1153 5028 Glossar.,
1180 4957 1513 5035 robur.'si8_oc
1538 4961 1686 5025 ξύλον
1716 4957 2016 5035 μελάνδρυς.

542 5036 667 5090 405.
709 5036 1009 5105 Etymolog.
1045 5036 1134 5089 lib.
1161 5048 1255 5099 xu,
1283 5047 1403 5105 cap.
1432 5031 1487 5085 6.

543 5105 671 5161 494.
707 5100 907 5161 ῡθίιειο
936 5100 1258 5172 itiilerentia,
1285 5103 1403 5156 vide
1430 5119 1485 5158 n.
1526 5100 1655 5153 244.
1692 5103 1857 5155 Ansv.

544 5174 672 5247 495.
706 5176 1004 5247 Etymolog.
1035 5176 1128 5229 I’ih.
1163 5189 1243 5239 in,
1268 5188 1385 5247 cap.
1419 5172 1485 5225 5‘)
1514 5183 1567 5225 et
1591 5172 1677 5247 70.

547 5244 685 5299 Ibid.
711 5240 902 5301 In'aliis
920 5240 1042 5301 Mss.
1064 5261 1178 5316 qua:
1199 5246 1487 5316 nauigantes
1505 5242 1846 5297 considerant.
1879 5240 2049 5296 Aser.

546 5316 672 5370 496.
703 5316 817 5370 Lih.
845 5314 1240 5371 Sententiarum
1271 5315 1334 5367 D.
1361 5314 1549 5368 Isidor.

547 5387 673 5442 498.
701 5388 877 5448 Serv.,
909 5388 973 5441 ad
1004 5387 1083 5441 ill.
1109 5402 1124 5440 ι
1148 5384 1277 5440 En.
1301 5402 1313 5438 :
1342 5384 1564 5448 Templis
1586 5382 1764 5436 indicit
1786 5382 2047 5436 honorem.

480 5459 545 5514 Et
578 5458 789 5521 llltldulll
814 5456 941 5511 En.
968 5476 983 5512 :
1009 5459 1134 5510 Auri
1162 5473 1309 5511 sacra
1340 5460 1521 5521 rantes.

550 5530 673 5584 500.
711 5518 1009 5596 Etyniolog.
1063 5527 1157 5582 lib.
1198 5544 1261 5593 x,
1299 5518 1471 5581 littera
1498 5525 1572 5591 S,
1598 5524 1915 5595 interpretes
1943 5523 2046 5578 Tc-

482 5601 637 5656 rentii
660 5607 765 5651 act.
790 5613 841 5661 ν,
874 5611 1020 5651 scen.
1054 5600 1109 5660 9,
1141 5597 1380 5651 Euuncli.

551 5700 620 5710 -—
650 5669 925 5736 Stupidus.
966 5667 1126 5731 Nom,
1159 5670 1286 5721 dict.
1318 5667 1584 5735 Stupidus.

552 5741 680 5797 501.
710 5740 836 5795 Cum
866 5738 1051 5805 viduis,
1078 5738 1242 5804 Nom,
1294 5738 1421 5793 diet.
1455 5738 1723 5807 Stttpruin.

2082 3161 2131 3225 C

2161 1891 2401 1938 veterum
2434 1883 2633 1937 fatuum
2662 1881 2971 1936 existimant
3000 1882 3091 1950 qui
3123 1898 3222 1937 nec
3247 1884 3390 1952 quod
3423 1883 3564 1939 fatur
3607 1886 3741 1955 ipse,

2160 1993 2262 2033 nec
2296 1976 2437 2045 quod
2468 1976 2556 2029 alii
2586 1976 2800 2040 dicunt,
2834 1976 3123 2044 intelligat;
3157 1976 3377 2031 stultum
3421 1994 3549 2033 vero
3580 1979 3743 2035 hebe-

2162 2071 2349 2123 tiorem
2381 2072 2567 2123 corde.
2595 2067 2750 2123 Unde
2780 2067 3029 2122 Afranius
3064 2085 3077 2119 :
3108 2067 3244 2141 Ego,
3277 2070 3481 2136 inquit,
3510 2087 3589 2124 me
3617 2073 3745 2125 stul-

2160 2171 2269 2214 tum
2291 2159 2547 2224 existimo,
2593 2159 2793 2227 fatuum
2822 2175 2933 2213 esse
2960 2175 3063 2213 non
3090 2160 3292 2227 Opinor.
3327 2160 3378 2214 Id
3407 2170 3509 2227 est,
3541 2162 3744 2217 obtusis

2158 2252 2371 2318 quidem
2404 2252 2685 2316 sensibus,
2720 2267 2823 2305 non
2864 2260 3043 2307 tamen
3088 2252 3269 2307 nullis.
3316 2253 3570 2323 Stupidus
3618 2270 3745 2310 vero

2158 2342 2333 2396 dictus
2356 2351 2437 2396 est
2463 2342 2613 2412 quasi
2644 2341 2907 2410 lapideus,
2940 2342 3089 2409 quasi
3119 2342 3365 2397 stolidus.

2228 2431 2357 2489 501.
2390 2433 2530 2487 Inter
2562 2432 2767 2487 Stevum
2792 2441 2845 2486 et
2886 2433 3162 2486 crudelem.
3193 2435 3375 2488 Saevus
3398 2434 3453 2489 in
3481 2435 3556 2489 ira
3578 2475 3594 2501 ,
3622 2449 3744 2489 cru-

2158 2521 2295 2579 delis
2316 2524 2369 2576 in
2396 2523 2676 2592 sanguine.

2231 2613 2357 2670 502.
2398 2615 2542 2671 Inter
2582 2614 2858 2685 Stuprum,
2890 2614 3159 2678 incestum,
3188 2622 3242 2668 et
3261 2612 3589 2668 adulterium.
3623 2614 3745 2669 Stu-

2162 2721 2315 2776 prum
2369 2705 2424 2761 in
2493 2706 2735 2776 virgine,
2788 2704 2899 2775 65
2951 2704 3213 2758 incestum
3272 2704 3325 2758 in
3386 2714 3606 2772 parente
3658 2705 3742 2759 vel

2159 2798 2353 2866 vidua,
2405 2797 2726 2852 adulterium
2779 2796 2833 2849 in
2882 2803 3064 2865 nupta.
3119 2795 3324 2849 Dictum
3373 2804 3553 2850 autem
3604 2796 3745 2851 ince—

2158 2897 2301 2943 stum
2330 2888 2482 2958 quasi
2514 2889 2819 2942 incastum.‘

2231 2998 2356 3054 505.
2389 2999 2530 3053 Inter
2560 2996 2864 3052 Satietatem
2893 3004 2945 3051 et
2974 2998 3315 3050 saturitatem.
3340 2994 3565 3052 Satietas
3595 2998 3745 3052 vario

2160 3106 2357 3161 genere
2384 3088 2811 3160 spectaculorum
2844 3086 3132 3157 contingit,
3172 3088 3424 3143 saturitas
3450 3103 3576 3143 vero
3602 3088 3746 3143 cibo-

2162 3198 2277 3237 rum
2308 3190 2411 3237 CSI.

2233 3292 2358 3347 504.
2417 3291 2559 3346 Inter
2610 3289 2921 3362 Superbiam
2960 3297 3014 3345 et
3052 3292 3426 3361 arrogantiam.
3474 3292 3747 3360 Arrogan-

2166 3383 2239 3437 tia
2268 3392 2351 3439 est
2381 3385 2554 3438 inanis
2584 3384 2752 3454 gloria
2779 3382 2846 3437 de
2876 3398 2942 3437 eo
2975 3384 3114 3452 quod
3146 3383 3370 3452 quisque
3398 3392 3500 3437 est.
3550 3382 3747 3452 Super-

2166 3474 2252 3529 bia
2298 3489 2449 3542 vero,
2502 3471 2918 3543 supergrediens
2968 3472 3129 3526 elatio
3177 3474 3370 3527 mentis
3417 3474 3483 3527 de
3510 3488 3575 3527 eo
3605 3472 3744 3543 quod

2167 3582 2274 3621 non
2316 3578 2415 3621 est.
2468 3565 2743 3635 Superbiae
2785 3576 2961 3619 autem
3012 3565 3222 3635 gemina
3268 3575 3349 3619 est
3393 3565 3691 3620 differentia
3726 3584 3741 3623 :

2169 3660 2280 3716 Una
2312 3675 2431 3729 qua:
2459 3660 2763 3728 spirituales
2807 3673 2871 3712 ac
2899 3672 3135 3712 summos
3176 3657 3318 3711 viros
3367 3672 3461 3725 per
3492 3660 3743 3713 virtutum

2161 3753 2475 3823 jactantiam
2505 3752 2706 3822 dejicit,
2748 3752 2914 3805 altera
2952 3766 3071 3820 quae
3126 3749 3366 3804 carnales
3405 3766 3530 3820 erga
3561 3753 3744 3805 senio-

2166 3859 2283 3897 rum
2337 3843 2619 3912 imperium
2676 3841 3045 3895 inobedientes
3098 3839 3288 3894 reddit.
3364 3839 3513 3895 Dicta
3568 3850 3746 3896 autem

2161 3935 2438 4004 superbia,
2470 3935 2592 4003 quia
2619 3948 2781 4002 super
2812 3933 2924 3987 vult
2948 3948 3106 4002 quam
3138 3930 3277 4001 quod
3309 3940 3409 3986 est.

2235 4025 2359 4080 505.
2392 4023 2532 4079 Inter
2566 4023 2823 4079 Scienlem
2849 4031 2904 4078 et
2930 4024 3170 4076 sciolum.
3220 4021 3405 4076 Sciens
3431 4032 3517 4076 est
3546 4022 3746 4091 peritus

2162 4115 2386 4172 scientia
2415 4124 2469 4169 et
2496 4115 2693 4179 rebus;
2726 4115 2945 4181 sciolus,
3001 4113 3279 4168 simulator
3303 4114 3538 4169 scientia:
3565 4130 3627 4169 ac
3656 4131 3747 4182 po-

2164 4208 2323 4273 ritiae,
2355 4206 2546 4262 scienti
2572 4207 2870 4261 contrarius
2894 4214 2978 4260 est
3004 4223 3019 4273 ;
3053 4216 3107 4261 et
3134 4206 3558 4276 quidquidalius
3584 4207 3740 4267 sciat,

2168 4299 2283 4367 ipse
2317 4298 2489 4351 videri
2520 4296 2682 4350 vellet
2730 4296 2870 4349 scire
2900 4312 2912 4346 :
2955 4304 3048 4348 aut
3094 4295 3183 4365 qui
3214 4310 3274 4351 se
3304 4294 3581 4365 proﬁtetur
3606 4295 3745 4352 scire

2166 4389 2366 4456 omnia,
2396 4399 2489 4443 ant
2517 4389 2677 4444 etiam
2708 4388 2881 4443 futura
2914 4388 3224 4457 praedicere.

2238 4480 2360 4537 506.
2415 4482 2557 4536 Inter
2604 4480 2863 4551 Spurcum
2921 4488 2973 4534 et
3029 4481 3282 4549 spurium.
3349 4478 3584 4550 Spurcus
3636 4497 3740 4537 non

2165 4585 2368 4631 tantum
2417 4573 2700 4643 impurus,
2754 4572 2850 4627 sed
2899 4581 2953 4627 et
3016 4585 3231 4639 saevus;
3299 4573 3515 4643 spurius
3567 4583 3743 4629 autem

2167 4676 2317 4737 patre
2365 4666 2592 4730 incerto,
2646 4672 2817 4718 matre
2862 4662 3020 4717 vidua
3071 4664 3301 4733 genitus,
3347 4662 3497 4735 quasi
3539 4673 3741 4720 tantum

2084 4820 2136 4882 Ι)
2232 4845 2304 4860 -
2337 4817 2639 4887 Etymolog.
2668 4816 2758 4870 lib.
2791 4832 2845 4881 ε,
2881 4816 3052 4871 littera
3083 4814 3134 4873 I.

2234 4920 2305 4930 ——
2336 4888 2635 4958 Etymolog.
2664 4887 2758 4958 lih.
2784 4903 2838 4953 ν,
2862 4902 2982 4955 cap.
3011 4887 3102 4953 26,
3132 4895 3187 4941 et
3215 4887 3307 4941 lib.
3340 4904 3402 4951 ι,
3436 4889 3607 4943 littera
3636 4891 3697 4945 Α.

2235 4958 2363 5014 505.
2390 4957 2627 5011 Carisius
2661 4974 2674 5010 :
2709 4957 2970 5011 Saturitas
3001 4960 3053 5011 in
3080 4958 3191 5011 cibo
3217 4967 3415 5012 tantum
3443 4960 3647 5024 dicitur,
3686 4963 3741 5014 in

2161 5031 2355 5083 caeteris
2402 5044 2519 5081 vero
2563 5028 2791 5081 satietas.
2840 5026 2902 5082 C.
2951 5028 3150 5083 Fronto
3196 5030 3428 5084 brevius.
3478 5030 3739 5086 Saturitas

2158 5101 2367 5161 ventris,
2399 5098 2606 5151 satietas
2635 5099 2814 5150 animi.

2233 5167 2356 5223 504.
2372 5169 2434 5222 C.
2459 5168 2683 5221 Fronto:
2701 5167 2955 5241 Superbia
2970 5185 3002 5221 ιι
3015 5168 3399 5238 superhabme
3412 5185 3431 5223 .'
3443 5174 3741 5241 arrogantia

2159 5242 2309 5294 etiam
2336 5241 2385 5290 in
2420 5255 2690 5305 pauperem
2716 5240 2871 5291 cadit.

2229 5310 2656 5382 —-H8upcrgvult,
2691 5320 2795 5362 etc.
2827 5310 2912 5362 Al.
2943 5308 3156 5380 Semper
3176 5310 3294 5382 Avult
3314 5349 3328 5373 ,
3358 5313 3493 5382 quod
3518 5328 3619 5365 non
3646 5321 3737 5365 est.

2229 5380 2351 5435 503.
2380 5379 2716 5433 Dissimulare
2760 5390 2841 5432 est
2892 5388 3065 5433 astute
3110 5380 3305 5445 celare,
3346 5379 3399 5433 et
3446 5385 3733 5443 occultare.

2157 5455 2295 5522 quoii
2321 5451 2439 5522 quis
2462 5451 2583 5511 scit,
2608 5449 2849 5522 quiatnvis
2879 5464 2983 5501 non
3008 5449 3172 5515 dicat,
3204 5465 3262 5504 se
3294 5451 3522 5507 nescire.
3558 5457 3731 5507 Aauv.

2230 5518 2354 5575 50;».
2388 5519 2550 5582 Non.,
2583 5521 2711 5573 dict.
2747 5518 3027 5580 Spurcum.

2229 5621 2299 5631 —
2324 5591 2545 5660 Spurius
2578 5599 2759 5642 autim.
2799 5589 3094 5661 Etymolog.
3129 5589 3222 5643 lib.
3258 5607 3328 5654 Ix,
3358 5606 3474 5661 Cap.
3507 5591 3561 5648 5.

2232 5659 2373 5714 Ibid.
2405 5662 2650 5727 Spurium
2693 5659 2956 5712 vocabant.
2986 5662 3037 5713 In
3071 5662 3220 5731 litym
3246 5659 3435 5731 vlngiis,
3464 5665 3582 5719 loco
3607 5663 3737 5718 cita-

2161 5745 2235 5799 to,
2268 5732 2455 5786 litteris
2483 5732 2679 5786 Gricms
2710 5733 2922 5805 σπόριον
2950 5732 3215 5786 vocabant.
3255 5730 3422 5785 Anuv.
