4104 6172
314 254 415 337 ’σι
739 258 746 264 ’
1565 273 1919 329 DIFFEREN‘

2024 275 2166 329 nun
2208 275 2332 329 us.
2378 276 2416 327 ι.
3547 282 3616 335 ω

352 394 521 464 spurii
553 393 714 447 lilius.
775 390 907 459 Quia
939 389 1256 444 muliebrem
1290 397 1532 441 naturam
1579 404 1609 441 a
1634 390 1777 458 .tiqui
1820 388 1927 459 [ΑΙ.
1962 391 2007 446 Α
2037 404 2153 440 nem
2182 405 2336 456 qmm
2365 391 2605 456 noveris;
2637 405 2811 458 nosse,
2843 390 3042 446 referre
3072 392 3437 447 tantummodo
3467 397 3615 463 quod

350 486 481 539 add.
528 481 919 553 juriseonsulti]
968 482 1206 549 spurinm
1259 482 1536 533 vocabam.
1610 480 1837 533 Eosdem
1886 490 1939 533 et

353 576 604 630 favonios
646 573 862 642 quidam
900 571 1199 639 appellant,
1247 572 1369 639 quia
1397 570 1636 638 quatdam
1689 570 1935 622 animalia

360 668 564 723 favonii
602 666 796 733 spiritu
828 664 1018 717 hausto
1046 664 1334 730 concipere
1362 662 1752 716 existimantur.

423 760 552 816 507.
585 759 724 813 Inter
771 756 1113 820 Sceleratum,
1165 754 1454 816 scelestum,
1504 765 1558 808 et
1608 754 1932 806 scelerosum.

346 848 702 906 Grammatiei
732 848 917 901 dicunt
946 846 1263 899 sceleratum
1305 845 1451 899 illum
1504 859 1622 898 esse
1669 845 1720 897 in
1748 860 1851 910 quo
1879 847 1937 897 lit

346 944 485 1017 1.41.,
517 940 611 1013 sit]
637 941 814 993 scelus
841 957 855 1003 ;
901 950 959 992 ut
985 938 1172 991 Cirero
1198 955 1211 989 :
1247 936 1291 990 Ο
1317 946 1364 989 te
1393 936 1521 1007 [Al.,
1554 934 1627 1006 tu]
1669 937 1931 1002 scelerate,

342 1035 434 1102 qui
464 1035 706 1085 subactus
742 1041 792 1083 et
822 1030 1126 1099 prostitutus
1156 1044 1229 1081 es.
1262 1027 1555 1083 Scelestum
1610 1034 1786 1079 autem
1841 1042 1935 1093 per

343 1140 507 1191 quem
554 1123 631 1174 Iit.
684 1117 756 1173 Ut
802 1119 1125 1172 Terentius:
1166 1117 1399 1180 scelesta,
1449 1131 1587 1168 onem
1631 1116 1753 1185 lupo
1793 1131 1931 1168 cont-

346 1214 554 1266 misisti.
604 1212 942 1273 Scelerosus,
991 1208 1077 1277 qui
1111 1207 1279 1261 facit:
1332 1216 1389 1260 ut
1415 1207 1552 1261 idem
1589 1204 1741 1275 :Ego
1785 1206 1932 1259 illum

342 1305 655 1359 scelerosum
696 1304 881 1355 misera
921 1300 1096 1355 nolens
1133 1300 1340 1369 pertuli.
1391 1300 1493 1354 Sed
1544 1298 1659 1353 lucc
1687 1307 1930 1351 auctores

345 1410 454 1448 non
487 1407 868 1461 usquequaque
895 1390 1219 1443 custodiunt.

412 1485 522 1555 65
546 1485 561 1533 ἔ
582 1483 671 1537 08.
699 1481 836 1536 Inter
859 1482 1087 1535 Salutem
1110 1490 1163 1536 et
1184 1481 1561 1535 salubritatem.
1579 1482 1730 1533 Salus
1750 1493 1825 1534 est
1854 1481 1931 1534 iu-

343 1578 570 1643 tegritas
587 1576 827 1641 corporis
848 1589 863 1638 ;
886 1573 1196 1635 salubritas,
1221 1572 1378 1625 saluti
1401 1573 1725 1625 conveniens
1746 1586 1927 1633 causa,

344 1682 441 1733 per
471 1680 630 1733 quam
665 1665 899 1728 sanitas,
932 1664 1013 1716 vel
1043 1672 1347 1717 reservatur
1371 1702 1387 1726 ,
1447 1664 1524 1717 vel
1579 1672 1925 1716 restauratnr.

2040 482 2290 535 audieris.
2358 505 2361 507 ί

2109 573 2236 626 515.
2296 575 2442 628 Inter
2485 572 2749 627 Simulare
2797 583 2850 627 et
2901 574 3244 627 dissimulare.
3304 574 3618 629 Dissimula—

2039 678 2157 716 mus
2204 675 2326 718 nota
2372 682 2385 717 :
2427 666 2741 719 simulamus
2786 666 2982 735 ignoui.
3038 667 3137 733 Qui
3183 667 3327 721 enim
3376 669 3525 737 lingit
3557 680 3617 719 se

2038 755 2175 807 scire
2201 755 2342 823 quod
2372 756 2564 820 nescit,
2610 755 2823 809 simulat
2847 771 2861 821 ;
2890 756 2999 825 66
3024 757 3109 823 qui
3142 767 3318 810 autem
3344 758 3484 825 quod
3516 757 3617 810 scit

2038 843 2246 898 nescire
2292 860 2354 900 se
2399 845 2551 909 dicit,
2604 845 2923 899 dissimulat.
2980 846 3131 900 Unde
3177 857 3231 899 et
3278 846 3607 902 Sallustius:

2035 932 2136 988 Ille
2159 937 2426 990 simulator
2451 938 2651 999 incerti,
2680 953 2741 989 ac
2768 938 2891 989 certi
2919 938 3268 990 dissimulator
3297 948 3432 991 erat.

2105 1024 2230 1079 5w.
2256 1028 2397 1080 Inter
2419 1028 2628 1089 Sistere,
2655 1038 2708 1081 et
2727 1028 3019 1091 consistere,
3046 1037 3100 1081 et
3125 1028 3382 1081 assistere.
3412 1028 3616 1084 Sistere

2035 1126 2118 1172 est
2147 1119 2412 1171 interdum
2456 1120 2733 1183 resistere,
2786 1118 2869 1171 vel
2919 1117 3225 1186 prohibere,
3283 1118 3333 1171 id
3368 1128 3473 1181 est,
3518 1120 3609 1187 qui

2035 1211 2263 1279 aliquam
2292 1226 2401 1265 rem
2435 1212 2487 1264 in
2520 1211 2637 1264 loco
2664 1218 2807 1263 stare
2838 1208 2977 1262 facit.
3015 1208 3079 1263 Ut
3107 1208 3351 1277 Virgilius
3376 1224 3391 1261 :
3416 1210 3611 1263 Sistere

2035 1316 2220 1366 aquam
2270 1300 2457 1368 ﬂuviis.
2526 1300 2795 1353 Assistere
2850 1315 2973 1353 vero
3038 1308 3091 1350 et
3140 1308 3262 1353 ante
3310 1314 3509 1365 unum,
3557 1308 3613 1353 et

2034 1402 2215 1440 coram
2248 1390 2429 1442 multis
2456 1406 2470 1452 ;
2501 1389 2794 1442 consistere
2826 1389 2876 1440 in
2909 1388 3085 1440 medio
3115 1388 3326 1442 adesse.

2103 1480 2229 1534 5I7.
2284 1480 2424 1533 Inter
2476 1480 2679 1534 Servire
2730 1489 2785 1533 et
2839 1481 3100 1534 inservire.
3155 1480 3360 1533 Servire
3408 1490 3609 1536 tantum

2033 1569 2262 1623 dominis
2296 1588 2307 1621 :
2344 1570 2602 1624 inservire
2632 1569 2891 1640 cujusque
2924 1572 3223 1638 praeceptis.

2101 1662 2227 1716 5l8.
2284 1662 2423 1716 Inter
2475 1663 2689 1730 Spit-are
2735 1673 2789 1717 et
2840 1664 3121 1730 exspirare.
3172 1662 3389 1731 Spirare
3431 1663 3614 1718 vivere

415 1756 545 1811 509.
582 1758 721 1810 Inter
771 1758 941 1824 Super
984 1768 1039 1810 et
1094 1773 1253 1822 supra
1306 1757 1405 1810 hoc
1457 1758 1676 1811 interest
1711 1775 1723 1809 :
1755 1757 1926 1824 Super
1957 1756 2004 1814 B
2030 1762 2147 1818 est,
2178 1755 2450 1823 exspirare
2480 1754 2638 1809 mori.

337 1858 425 1903 est
469 1850 611 1918 quod
645 1849 891 1902 imminet
946 1848 1222 1917 [Agrwtius
1270 1849 1518 1917 eminet},
1576 1865 1732 1917 supra
1787 1851 1925 1917 quod

336 1940 674 1993 substratum
726 1938 927 2006 aliquid
977 1938 1155 1991 habet.
1211 1937 1341 1991 Item
1397 1954 1556 2007 super
1614 1940 1923 2005 interdum,

336 2038 433 2084 aut
464 2031 714 2096 nimium,
746 2040 837 2082 aut
870 2031 999 2083 satis
1026 2030 1339 2097 accipimus.

412 2123 541 2176 5w.
578 2123 721 2175 Inter
752 2122 942 2176 Subter
968 2128 1023 2173 et
1066 2120 1258 2174 subtus.
1313 2132 1337 2155 ι·
1367 2120 1563 2176 Subter
1590 2132 1667 2176 est
1698 2124 1835 2191 quod
1870 2140 1926 2178 re

334 2213 515 2280 aliqua
575 2212 852 2278 superiore
904 2211 1238 2276 deprimitur,
1288 2220 1344 2265 et
1395 2216 1734 2282 proculcatur
1786 2216 1921 2286 [Al.,

334 2299 708 2371 conculcatur]
736 2318 750 2365 ;
782 2302 970 2355 subtus
991 2300 1131 2368 quod
1155 2299 1443 2356 demissmn
1472 2304 1630 2357 altius
1662 2322 1763 2357 non
1796 2321 1924 2359 eon-

334 2392 580 2463 tingitur.

408 2484 538 2538 5H.
609 2484 751 2537 Inter
797 2486 1021 2554 supremi
1086 2495 1139 2540 et
1205 2484 1475 2555 supprimi.
1555 2485 1800 2553 Supremi
1868 2497 1922 2541 et

330 2574 535 2627 summi
601 2573 864 2644 signiﬁcat
922 2583 975 2628 et
1029 2576 1163 2641 imi;
1234 2578 1491 2646 supprimi
1545 2587 1762 2644 autem,
1825 2594 1919 2631 oc-

329 2664 555 2718 cultari.

406 2756 534 2808 5I2.
569 2756 710 2810 Inter
752 2755 969 2811 Sumere
1010 2766 1066 2811 et
1102 2759 1333 2825 accipere
1373 2759 1505 2833 [Al.,
1547 2759 1917 2832 pracipimus].

323 2847 605 2901 Sumimus
634 2846 757 2914 ipsi,
787 2850 1074 2916 accipimus
1105 2850 1173 2904 ab
1218 2852 1345 2905 alio.
1388 2851 1515 2906 Cum
1539 2853 1682 2907 enim
1704 2852 1914 2921 damus,

325 2938 619 2991 dicendum
650 2948 753 3001 est,
786 2939 979 3007 Accipe
1008 2958 1024 3006 ;
1073 2956 1194 2994 eum
1224 2943 1578 3007 permittimus
1617 2942 1748 3016 [At.,
1780 2961 1915 3015 pra:-

325 3028 586 3100 cipimus]
620 3030 716 3097 ipsi
747 3030 953 3096 tollere,
1010 3032 1235 3086 dicimus
1277 3031 1411 3105 [Al.,
1455 3035 1738 3089 dicendum
1786 3036 1913 3108 est],

2100 1866 2225 1921 519.
2258 1866 2397 1919 Inter
2426 1866 2650 1937 Surgere
2689 1875 2742 1920 et
2769 1883 3031 1937 exurgere,
3072 1878 3126 1922 et
3155 1869 3376 1936 reliqua.
3422 1867 3611 1937 Surgi-

2029 1963 2115 2008 tur
2143 1970 2173 2008 a
2206 1956 2342 2019 loco,
2397 1957 2701 2023 exsurgitur
2724 1972 2753 2008 a
2782 1971 2997 2019 somno,
3048 1954 3342 2025 insurgitur
3386 1958 3451 2009 ad
3493 1959 3609 2009 vin-

2028 2046 2250 2113 dictam,
2279 2047 2617 2115 consurgitur
2647 2047 2712 2100 ad
2737 2048 3020 2102 auxilium.

2094 2135 2216 2189 520.
2242 2135 2383 2191 Inter
2405 2135 2689 2209 Subjicitur
2718 2147 2771 2191 et
2798 2138 3129 2205 supponitur.
3159 2135 3449 2205 Subjicitur
3474 2136 3605 2202 cito,

2022 2225 2339 2294 supponitur
2367 2227 2527 2282 lente.

2093 2316 2218 2371 52L
2254 2317 2394 2372 Inter
2441 2318 2611 2372 Simul
2654 2328 2708 2373 et
2755 2318 2928 2371 semel.
2981 2318 3162 2373 Semel
3210 2318 3276 2370 ad
3321 2333 3600 2371 numerum

2024 2409 2272 2476 pertinet,
2309 2420 2383 2474 ut,
2428 2411 2591 2463 semel
2632 2409 2753 2474 bis;
2804 2410 2962 2463 simul
3007 2409 3071 2463 ad
3120 2410 3605 2477 congregationem,

2025 2509 2098 2563 ut,
2132 2496 2340 2551 Globati
2389 2497 2519 2570 [Al.,
2553 2498 2879 2571 conglobati]
2922 2500 3074 2553 simul
3099 2500 3338 2569 feruntur
3367 2501 3420 2553 in
3460 2514 3608 2551 arma

2021 2590 2133 2641 viri.

2090 2678 2215 2733 5‘22.
2261 2681 2401 2735 Inter
2431 2681 2738 2751 Sepulcrum
2763 2693 2815 2736 et
2855 2691 3257 2736 monumentum.
3285 2680 3603 2748 Sepulcrum

2023 2775 2392 2828 tantummodo
2448 2774 2683 2827 tumulus
2737 2772 3110 2826 defunctorum
3157 2782 3258 2834 est,
3293 2787 3603 2825 munumen-

2022 2871 2131 2915 tum
2180 2878 2347 2925 vero,
2401 2878 2542 2917 nunc
2587 2866 2922 2931 sepulcrum,
2975 2878 3115 2917 nunc
3160 2863 3381 2916 historia
3424 2878 3604 2916 rerum

2018 2962 2286 3022 gestarum
2319 2975 2332 3008 :
2363 2953 2560 3007 dictum
2614 2970 2679 3007 eo
2718 2955 2858 3021 quod
2902 2962 3134 3007 mentem
3160 2963 3390 3017 moneat,
3426 2953 3504 3006 vel
3536 2952 3604 3004 ad

2019 3043 2331 3096 memoriam
2369 3040 2635 3107 defuncti,
2686 3043 2764 3096 vel
2795 3044 2860 3095 ad
2912 3042 3328 3095 recordationem
3372 3042 3445 3094 rei
3474 3041 3602 3093 scri-

324 3122 518 3177 Sutne.
570 3124 700 3175 Item
732 3121 992 3175 sumimus
1021 3135 1116 3189 per
1144 3139 1264 3185 n05.
1314 3123 1660 3190 accipimusa
1690 3115 1992 3182 volenti-C
2024 3138 2142 3198 pte.
2198 3133 2364 3187 I’urro
2423 3132 2652 3186 tumulus
2708 3132 2925 3197 bifarie,
2978 3148 3116 3184 nunc
3165 3140 3373 3185 tumens
3428 3132 3602 3195 tellus,

326 3214 455 3277 bus,
486 3211 723 3264 tollimus
747 3224 779 3264 a
802 3226 908 3263 non
936 3213 1238 3265 volentibus
1259 3209 1391 3283 [Al.,
1416 3212 1760 3284 nolentibus].
1785 3215 1912 3268 Item

324 3299 629 3353 auferimus
659 3298 808 3371 [Leg.
863 3300 1189 3372 adimimus],
1219 3301 1335 3369 jure
1375 3302 1625 3373 quidquid
1671 3304 1914 3360 dedimus

322 3391 657 3445 assumimus
681 3389 856 3460 jussu,
888 3391 1140 3458 eripimus
1171 3394 1243 3445 vi.

401 3479 535 3536 5I'5.
588 3478 736 3535 Inter
788 3479 1009 3547 Sperare
1060 3492 1114 3535 et
1162 3491 1475 3553 exspectare.
1528 3485 1914 3556 Exspectamus

325 3584 381 3627 et
433 3575 573 3627 bona
613 3582 668 3627 et
721 3574 899 3639 mala;
952 3590 1227 3643 speramus
1275 3588 1452 3631 autem
1507 3588 1709 3635 tantum
1750 3583 1910 3638 bona.

324 3664 466 3719 Miro
513 3675 693 3719 autem
726 3669 886 3720 niudo
921 3666 1167 3735 Virgilius
1217 3672 1363 3724 verbi
1410 3672 1566 3742 hujus
1614 3678 1914 3743 proprieta-

327 3768 438 3811 tem
460 3774 490 3811 a
517 3759 727 3827 proiiria
766 3759 1152 3829 signiIiCatiune
1176 3764 1429 3831 secernit,
1474 3766 1657 3821 dicens
1676 3768 1912 3833 (/Etteid.

326 3848 409 3919 IV)
447 3867 462 3900 ε

517 3937 657 3989 Hunc
694 3952 789 4001 ego
812 3941 852 3989 si
878 3942 1011 4002 potui
1035 3948 1219 3992 tantum
1250 3959 1452 4007 sperare
1475 3948 1728 4012 dolorem;

324 4020 461 4073 dum
516 4035 677 4076 omne
724 4023 865 4091 quod
918 4025 1169 4078 exhorret
1222 4029 1430 4082 animus
1479 4032 1675 4086 rectius
1726 4034 1912 4091 timere

324 4111 538 4165 dicatur
561 4110 669 4185 [ΑΙ.
697 4114 821 4165 add.
853 4131 1009 4183 quam
1038 4117 1296 4189 sperare].
1325 4120 1430 4175 Sed
1453 4126 1782 4190 grammatici
1815 4126 1914 4181 hoc

323 4212 626 4271 exponunt,
656 4203 893 4259 dicentes
923 4222 936 4257 :
968 4207 1196 4275 Sperare
1227 4208 1359 4262 dixit
1390 4226 1484 4277 pro
1511 4211 1718 4269 timere.
1762 4215 1912 4282 Quod

323 4303 377 4347 et
406 4293 658 4348 Lucanus
684 4296 1015 4363 distinguens
1042 4297 1115 4351 ait
1146 4315 1160 4352 :
1193 4299 1367 4353 Liceat
1395 4319 1601 4371 sperare
1625 4305 1839 4360 timenti.

394 4382 526 4439 5H.
558 4382 700 4437 Inter
744 4384 891 4439 Scire
928 4394 984 4441 et
1007 4403 1174 4441 nosse.
1206 4389 1355 4443 Scire
1383 4401 1466 4445 est
1495 4392 1721 4449 reddere
1749 4398 1913 4451 ratio-

2021 3239 2160 3276 nunc
2186 3225 2492 3291 sepulcrum
2514 3234 2754 3277 vocatur.
2789 3225 3104 3293 Sepulcrum
3134 3232 3309 3275 autem
3336 3238 3363 3273 a
3388 3222 3601 3288 sepulto

2019 3310 2245 3364 dictum.
2274 3313 2525 3380 Sepultus
2570 3328 2719 3375 vero,
2770 3328 2837 3366 eo
2881 3313 3021 3380 qum]
3071 3313 3186 3365 sine
3234 3310 3599 3379 palpitatione,

2020 3403 2104 3455 vel
2139 3405 2289 3472 pulsu
2332 3404 2421 3471 sit,
2453 3404 2502 3455 id
2545 3414 2647 3469 est,
2699 3405 2816 3458 sine
2842 3416 3009 3459 motu.
3059 3403 3300 3458 Cadaver
3354 3413 3529 3457 autem
3574 3420 3603 3456 a

2018 3494 2259 3547 cadendo
2286 3494 2505 3550 dictum.

2090 3584 2213 3637 523.
2248 3585 2387 3639 Inter
2417 3584 2744 3655 Sacriﬁcium
2789 3596 2843 3642 et
2880 3587 3098 3640 hostiam
3142 3589 3258 3643 lucc
3295 3597 3444 3642 vetus
3484 3597 3606 3642 erat

2017 3676 2292 3739 discretio,
2322 3676 2462 3743 quod
2505 3678 2822 3731 sacriﬁcium
2864 3690 3155 3746 spontaneo
3198 3679 3397 3733 oblatio
3441 3688 3599 3744 erat;

2021 3766 2189 3820 hostia
2219 3783 2343 3819 vero
2378 3783 2495 3835 quae
2525 3768 2748 3822 devictis
2780 3769 3020 3824 hostibus
3052 3769 3443 3823 immolabatur.
3478 3768 3603 3822 Ilaec

2016 3867 2070 3912 et
2091 3860 2297 3910 victima
2333 3859 2638 3912 vocabatur.
2670 3857 2769 3911 Alii
2794 3860 3058 3911 victimam
3105 3859 3211 3927 θ’]
3250 3857 3370 3911 ideo
3408 3857 3601 3911 dictam

2020 3960 2224 4016 putant,
2257 3951 2374 4015 quia
2422 3949 2525 4001 irtn
2572 3964 2821 4016 percussa
2857 3949 3017 4013 cadn,
3053 3948 3134 4002 vel
3174 3948 3296 4016 quia
3332 3948 3506 4001 vincta
3536 3947 3603 3999 ad

2015 4055 2134 4094 aras
2161 4040 2488 4108 perducitur.

2032 4122 2042 4129 ’
2086 4129 2208 4185 524.
2266 4130 2407 4185 Inter
2456 4130 2615 4185 Sedes
2660 4141 2715 4186 et
2768 4132 3001 4185 thronos.
3057 4129 3225 4185 Sedes
3266 4144 3370 4183 non
3403 4138 3603 4181 tantum

2016 4221 2196 4285 unius,
2241 4220 2332 4273 sed
2384 4223 2666 4275 multorum
2709 4230 2810 4275 est.
2864 4222 2991 4275 Nam
3050 4223 3239 4275 solium
3280 4224 3434 4275 unius
3485 4230 3600 4271 tan.

2018 4320 2125 4363 tum
2173 4323 2276 4372 est,
2307 4321 2358 4365 et
2403 4328 2625 4381 regum;
2676 4316 2834 4367 sedes
2865 4314 3270 4380 quibuscunque
3313 4310 3440 4382 [Al.,
3474 4310 3603 4362 illud

2015 4398 2403 4471 cujuscunque]
2440 4402 2736 4470 preprium.
2777 4401 2983 4457 Solium
3024 4412 3225 4466 autem,
3262 4403 3406 4454 vela
3435 4401 3603 4453 solius

384 4518 1912 4605 597.SicinterpretesTerentiiact.tv,scen.5,Eunucb.:
1950 4543 1994 4600 ο
2023 4551 2144 4588 cava
2187 4538 2512 4605 speculantur
2554 4539 2745 4594 amicti.
2800 4538 2890 4593 Al.
2913 4580 2927 4605 ,
2973 4537 3365 4592 Dissimulamus
3400 4548 3600 4601 notum,

322 4592 648 4657 Scelerosus,
675 4604 745 4648 est
774 4599 1043 4649 multorum
1066 4613 1085 4651 :
1108 4592 1394 4659 scelestus,
1418 4602 1494 4655 vel
1518 4592 1664 4658 unius
1692 4619 1713 4659 :
1754 4612 1909 4659 scele-

320 4678 494 4741 rosus,
521 4666 728 4741 proprie
749 4674 926 4741 auctor
947 4669 1065 4741 scel
1080 4670 1150 4721 ris
1177 4685 1196 4723 :
1228 4672 1522 4735 sceleratus,
1546 4674 1598 4725 in
1619 4692 1718 4741 quo
1741 4678 1909 4731 scelus

319 4735 389 4784 sit
420 4735 768 4798 commissum,
802 4735 876 4789 rel
907 4739 1250 4791 constitutum.

559 4804 645 4877 ᾼΙ.
679 4804 855 4877 (Das,
885 4808 961 4860 uel
986 4810 1231 4877 salratur,
1256 4810 1330 4862 vel
1357 4822 1664 4869 reservatur.

397 4870 540 4944 509:
565 4874 638 4927 Es
663 4876 912 4944 Agraetio.

397 4970 471 5020 f—
500 4942 671 5020 super
697 4942 970 4999 interdum.
1003 4948 1156 5020 serv.
1192 4949 1257 5002 ad
1290 4950 1363 5005 iII.
1398 4967 1453 5005 III
1477 4994 1491 5018 ,
1524 4951 1675 5020 3:10.,
1711 4953 1755 5008 0
1779 4954 1903 5007 mihi

314 5011 744 5089 solameijuper
778 5018 1095 5089 Astyanactis
1125 5018 1315 5089 imago.

394 5081 526 5153 Sil).
556 5082 640 5153 lix
671 5081 921 5153 Agrmtib.

394 5150 524 5230 ξιξ.
551 5150 861 5230 festidch
884 5156 1208 5230 Supremum.
1234 5160 1537 5225 Non.,dict.
1559 5166 1898 5230 Supremum.

352 5296 361 5302 υ
396 5218 524 5301 ξιὲ.
558 5223 645 5277 Sic
673 5224 731 5275 (Ζ.
762 5218 994 5303 Fronto':
1032 5228 1296 5284 Sumimus
1324 5218 1435 5302 qua:
1457 5218 1619 5300 posita
1639 5218 1781 5303 'sunt,
1813 5250 1901 5286 ac-

312 5297 544 5362 cipimus
572 5309 687 5358 qua!
724 5297 1070 5365 porriguntur.

512 5365 849 5443 Assumimus,
877 5379 983 5443 etc2
1019 5369 1092 5443 _E_x
1126 5367 1312 5443 Front.
1346 5373 1431 5431 qui
1461 5373 1551 5439 ita,
1587 5375 1776 5443 aufert,
1812 5376 1900 5441 qui

312 5431 492 5515 dedit,
531 5430 712 5514 adimit
742 5436 934 5515 (Iegpin
969 5438 1171 5515 Isidoro
1200 5430 1494 5512 adimimus)
1535 5430 1745 5515 imperio
1766 5430 1899 5498 roa-

311 5512 487 5575 clusi
510 5504 661 5575 eripit
696 5506 783 5571 qui
802 5504 919 5575 plus
945 5512 1094 5560 valet.

379 5572 604 5645 ὅςᾶ-[εχ
619 5572 992 5639 interpretibus
1006 5577 1237 5633 Terentii
1251 5590 1356 5635 act.
1375 5597 1429 5643 II,
1447 5582 1646 5645 seculi,
1666 5585 1895 5638 AndritL’.

394 5670 467 5681 --
499 5642 657 5706 Miro,
695 5646 848 5700 Serv.
883 5652 946 5699 ad
981 5664 1191 5702 versmn
1224 5642 1464 5706 citatum.

391 5710 520 5766 5I5.
553 5714 630 5768 Ex
661 5717 815 5771 Serv.
851 5719 913 5773 ad
946 5719 1019 5773 ill.
1055 5719 1245 5790 1.45m,
1280 5721 1631 5791 Dissimulant,
1676 5737 1721 5779 et
1764 5726 1892 5780 nube

2020 4607 2323 4659 simulamus
2356 4608 2608 4677 ignotum.

2085 4677 2275 4749 -τραὶ
2301 4680 2458 4730 enim.
2491 4678 2550 4731 C.
2576 4677 2796 4744 Fronto,
2846 4678 2945 4743 Qui
2988 4680 3194 4734 simulat
3236 4679 3448 4749 probare
3492 4677 3599 4728 vult

2013 4746 2150 4811 quod
2172 4764 2271 4799 non
2293 4758 2385 4799 est.

2085 4816 2257 4870 —ltle
2282 4816 2570 4869 simulator.
2608 4817 2739 4871 Puto
2772 4819 3030 4874 Isidornm
3060 4820 3337 4886 scripsisse
3364 4820 3594 4875 adducto

2014 4885 2132 4938 Inc"
2154 4903 2217 4940 ex
2244 4888 2381 4939 bello
2407 4888 2714 4942 tiatilinariu
2740 4900 2793 4943 et
2813 4891 3060 4955 exposito
3080 4908 3090 4941 :
3110 4889 3394 4955 Cujuslibet
3427 4895 3498 4944 rei
3519 4896 3590 4945 si-

2011 4957 2253 5018 mulator,
2278 4972 2336 5007 ac
2359 4956 2729 5011 dissimulator.
2751 4961 3034 5014 Simulator
3046 4960 3243 5019 incerti.
3261 4976 3321 5011 ac
3338 4963 3460 5013 certi
3480 4964 3590 5015 dis-

2007 5027 2431 5097 srntulatorierat.
2464 5026 2571 5081 Nisi
2611 5027 2749 5083 forte
2782 5032 2850 5083 ab
2876 5031 2981 5082 alio
3011 5034 3269 5095 glossema
3300 5030 3585 5097 adjectmn.

2082 5095 2206 5150 5H5.
2261 5096 2451 5151 Nescio
2486 5115 2551 5151 an
2591 5101 2860 5168 scripserit
2890 5101 3157 5153 Isidorus:
3207 5095 3439 5154 assistere
3472 5118 3588 5155 vero

2009 5174 2127 5241 ante
2153 5182 2328 5241 unum,
2360 5170 2633 5241 consistere
2659 5186 2831 5223 coram
2877 5171 3068 5224 multis.
3123 5169 3189 5221 Et
3240 5170 3439 5239 reliqua
3470 5186 3586 5241 qn.e

2008 5235 2161 5306 alteri
2192 5239 2482 5306 exetnplari
2512 5242 2748 5303 deerant,
2779 5242 3088 5293 omittenda.

2236 5306 2314 5380 E}
2347 5312 2596 5378 Agrzetin,
2629 5313 2715 5380 qui
2752 5309 2886 5380 forte
2914 5314 3053 5363 hunc
3082 5308 3463 5380 emendandus.

2080 5375 2217 5501 ἓὲῗί
2256 5375 2426 5445 Festi,
2470 5381 2598 5435 dict.
2646 5375 2983 5449 Sepulcrum.
3028 5379 3326 5451 Etymoiog.
3368 5384 3461 5436 lib.
3497 5398 3587 5446 sv,

2008 5460 2243 5514 cap.tl.

2081 5514 2218 5569 Ibid.
2257 5519 2482 5572 Dictum.
2512 5520 2667 5574 Serv.
2703 5519 2877 5585 adill.
2912 5536 2994 5587 vr,
3028 5519 3180 5588 Em,
3225 5522 3314 5575 illa
3346 5521 3455 5577 lucc
3484 5538 3583 5575 mo-

2006 5598 2246 5640 numenta
2274 5590 2499 5655 reliquit.

2076 5686 2145 5695 —
2178 5658 2472 5728 Etymolng.
2506 5660 2593 5712 lib.
2626 5676 2715 5722 xv,
2746 5675 2864 5728 cap.
2896 5660 2983 5717 II.

2070 5756 2140 5767 -—
2160 5729 2458 5801 Etymolng.
2483 5730 2571 5785 lib.
2609 5746 2687 5801 si,
2717 5745 2833 5803 cap.
2865 5731 2919 5786 2.
