4108 6178
456 266 527 321 σς
1486 263 1545 321 S.
1587 260 1833 317 ISIDORI
1879 260 2318 317 IIISPALENSIS
2360 259 2659 317 EPISCOPI
3666 269 3731 322 ﬁt

455 377 719 442 sessione,
772 376 858 433 vel
901 390 932 430 a
974 375 1243 432 solidittte
1297 374 1519 427 dictum.
1580 372 1783 427 Solium
1846 373 2039 433 Latini,
2074 378 2331 437 Asenex.
2358 372 2584 428 Senecta
2609 384 2787 428 autem
2816 384 2900 429 est
2926 376 3036 446 ipsa
3066 391 3206 442 sors,
3237 376 3346 431 sive
3379 376 3395 448 [
3428 370 3733 453 .41.,a'tqual

456 469 627 525 Graeci
676 470 927 525 thronum
980 469 1183 524 dicunt.
1244 468 1412 523 Sedes
1460 478 1637 521 autem
1688 467 1880 529 dieue,
1922 467 2045 535 quia

456 560 594 628 apud
628 571 839 617 veteres
881 560 1153 613 Romanos
1196 574 1302 612 non
1348 568 1463 613 erat
1502 574 1629 612 usus
1670 558 2042 612 accutnbendi.

462 654 611 706 Unde
637 662 693 707 et
721 653 1012 706 consedere
1050 650 1269 716 antiquo
1300 664 1448 703 more
1477 649 1691 703 dicitur.
1725 649 1855 702 Nam
1900 657 2043 703 vete-

457 759 546 799 res
588 743 839 798 sedentes
866 741 1240 809 epulabantur.
1288 740 1502 803 Postea,
1539 752 1597 795 ut
1632 742 1708 794 ait
1756 740 1945 808 Varro,
1979 742 2049 796 de

459 833 577 887 Vita
614 832 794 902 populi
825 831 1071 895 Romani,
1104 831 1202 886 viri
1230 831 1572 887 discumbere
1600 841 1903 904 eruperunt.
1932 846 2046 886 mu-

460 925 616 979 lieres
647 923 859 979 sedere.
907 922 1039 989 Quia
1086 932 1241 993 turpe
1288 923 1391 980 illis
1417 932 1534 979 erat
1564 922 1903 979 discumbere
1933 939 2049 978 mu-

461 1018 648 1072 lierem
680 1015 813 1088 (AL,
844 1016 1181 1073 discumbere
1213 1015 1431 1088 visum].

528 1106 652 1162 525.
704 1107 845 1161 lntcr
902 1106 1119 1163 Servum
1188 1118 1241 1162 et
1290 1109 1567 1177 famulum.
1627 1109 1779 1165 Servi
1828 1109 2046 1165 suntin

459 1199 601 1254 bello
625 1200 785 1267 capti,
826 1200 979 1269 quasi
1020 1201 1250 1266 servati;
1292 1202 1429 1257 sicut
1460 1203 1784 1273 mancipium
1816 1205 1884 1256 ab
1924 1204 2049 1258 bos-

458 1291 625 1358 tibus,
654 1295 804 1362 qnasi
839 1309 995 1347 manu
1018 1305 1253 1361 captum.
1285 1292 1492 1348 Famuli
1522 1304 1699 1349 autem
1730 1310 1793 1351 ex
1822 1294 2049 1365 propriis

460 1386 675 1441 familiis
707 1387 832 1441 orti.

532 1477 656 1534 526.
699 1478 841 1533 Inter
898 1477 1203 1533 Servitutem
1244 1488 1296 1533 et
1345 1481 1622 1534 servitium.
1680 1481 1925 1535 Servitus
1966 1490 2049 1535 est

461 1568 696 1622 conditio
742 1570 1035 1631 serviendi,
1081 1568 1362 1623 servitium
1409 1586 1662 1625 numerus
1700 1571 2047 1627 servientium

462 1664 596 1735 ML,
629 1676 903 1716 servorum
931 1660 1056 1731 est].

2151 463 2388 518 conditio
2418 467 2678 519 senectuti
2710 465 2993 521 accedens.

2220 554 2345 609 552.
2380 556 2518 610 Inter
2550 555 2746 611 Sonum
2779 564 2835 611 et
2870 559 3112 613 sonitum.
3144 558 3321 613 Sanus
3344 559 3474 630 HL,
3507 561 3736 630 sonitnsl

2150 653 2235 701 est
2275 646 2529 717 quidquid
2576 647 2792 701 auditur
2827 648 3104 713 sensibile,
3136 649 3341 703 sonitus
3383 648 3515 721 [.ιι.,
3546 650 3733 722 sonus]

2150 751 2278 791 vero
2302 737 2546 793 confusio
2571 738 2706 812 [Al.,
2737 736 2993 809 confusa]
3019 740 3164 795 vocis
3196 742 3467 798 tubarum.

2222 829 2347 886 555.
2389 828 2572 902 Spolia
2622 830 2688 885 ad
2737 830 3130 901 exspoliantes,
3186 833 3383 886 exuviae
3424 833 3489 885 ad
3539 846 3736 904 exspo-

2150 920 2326 977 liatos.

2224 1012 2347 1067 554.
2374 1012 2517 1068 Inter
2540 1012 2752 1067 Stillans
2770 1024 2821 1068 et
2844 1022 3041 1084 guttam
3065 1014 3331 1068 Palaemon
3362 1019 3739 1085 grammaticus

2151 1105 2221 1159 ita
2244 1105 2556 1174 distinguit:
2583 1102 2760 1166 Gutta,
2787 1104 2973 1174 inquit,
2996 1115 3093 1158 stat
3114 1122 3132 1170 ;
3156 1104 3297 1159 stilla
3327 1107 3484 1160 cadit.

2222 1193 2350 1250 555.
2393 1194 2538 1250 Ιιιιιτ
2582 1194 2865 1250 Stationem
2904 1205 2957 1250 et
2984 1206 3211 1267 portum.
3262 1196 3435 1251 Statio
3483 1208 3597 1259 est,
3648 1198 3736 1251 ubi

2152 1288 2217 1342 ad
2264 1304 2473 1357 tempus
2519 1299 2660 1343 stant
2706 1305 2893 1354 naves,
2946 1301 3130 1359 portus
3174 1291 3261 1345 ubi
3301 1290 3557 1344 hiemant.
3607 1291 3737 1345 Nam

2156 1391 2340 1450 pttrlus
2373 1382 2520 1434 locns
2574 1382 2789 1453 ignotus
2834 1392 2917 1436 est
2958 1384 3028 1437 ab
3057 1397 3276 1437 accessu
3308 1394 3606 1449 ventorum,
3651 1383 3740 1438 ubi

2155 1472 2375 1528 hiberna
2408 1489 2681 1543 0pp0ttel‘e
2706 1476 2904 1529 solent.

2230 1567 2352 1621 556.
2390 1568 2533 1621 Inter
2575 1567 2827 1622 Serenum
2854 1577 2907 1621 et
2934 1569 3285 1638 tranquillum.
3316 1570 3574 1624 Serenum
3597 1568 3738 1624 enim

2154 1657 2219 1711 ad
2274 1659 2467 1712 caelum
2512 1658 2701 1713 referri
2753 1668 2945 1727 potest,
2988 1661 3052 1712 ad
3096 1675 3244 1714 mare
3286 1675 3390 1714 non
3422 1671 3615 1730 potest.
3648 1662 3743 1715 Se-

533 1751 660 1808 527.
698 1753 837 1806 Inter
864 1753 1113 1807 Socerum
1152 1762 1205 1808 ct
1235 1770 1457 1808 socrum.
1488 1756 1744 1811 Socerum
1774 1756 1944 1811 virum
1977 1756 2057 1810 di-
2091 1750 2130 1809 Β
2162 1764 2348 1801 mlum
2377 1748 2520 1804 cui!“
2551 1749 2745 1802 ClPlUl“
2772 1750 3027 1816 ἀίείῐηυεν
3062 1750 3407 1820 tranquillum
3443 1766 3607 1806 mare.

462 1845 659 1907 cimus,
692 1859 905 1899 socrum
936 1845 1213 1899 letninam.

534 1936 657 1991 528.
692 1936 833 1991 Inter
862 1937 1261 1991 Similitudiuem
1287 1948 1341 1993 et
1370 1939 1609 2010 ﬁguram.
1643 1940 1947 1995 Similitudo
1973 1951 2055 1997 est

460 2042 581 2080 cum
622 2027 913 2082 secundum
958 2030 1191 2099 aliquam
1240 2032 1471 2099 speciem
1525 2033 1693 2086 visam
1746 2033 1920 2103 imago
1971 2034 2053 2088 vel

463 2119 715 2189 pingitur,
750 2121 831 2173 vel
862 2118 1143 2175 formatur.
1194 2120 1387 2191 Figura
1427 2134 1508 2176 est
1551 2138 1675 2177 cum
1706 2125 2055 2192 impressione

462 2209 648 2264 forma:
669 2209 895 2279 alicujus
927 2213 1099 2282 imago
1128 2215 1465 2282 exprimitur,
1497 2217 1660 2269 veluti
1687 2216 1731 2270 si
1761 2216 1812 2270 in
1841 2232 1963 2271 cera
1989 2234 2053 2273 ex

460 2300 663 2355 annulo
705 2299 938 2370 efﬁgiem
989 2313 1189 2367 sumat,
1242 2315 1330 2356 aut
1380 2306 1423 2358 si
1477 2306 1668 2374 ﬁgulus
1715 2308 1767 2361 in
1815 2308 2055 2378 argillam

464 2407 680 2446 manum
736 2393 1051 2463 vultumque
1097 2393 1328 2463 aliquem
1379 2395 1670 2465 imprimat,
1714 2411 1767 2452 et
1810 2400 2059 2470 tingendo

465 2486 688 2556 ﬁguram
720 2486 895 2541 laciat.

535 2577 660 2632 529.
705 2578 846 2633 Inter
883 2578 1195 2649 Sanguinem
1260 2590 1313 2635 et
1375 2597 1627 2638 cruorem.
1696 2584 1926 2655 Sanguis
1979 2595 2062 2640 est

464 2671 593 2725 dum
631 2671 683 2725 in
710 2685 937 2739 corpore
967 2680 1168 2737 manet,
1214 2672 1413 2728 eliusus
1437 2690 1563 2729 vero
1593 2690 1754 2730 cruor
1785 2677 1857 2731 lit.
1890 2676 2061 2733 Cruor

464 2770 646 2815 autem
677 2775 707 2813 a
737 2761 1005 2816 cruditate
1036 2773 1276 2826 vocatur,
1310 2765 1452 2819 unde
1480 2774 1535 2818 et
1567 2768 1857 2821 crudelitas
1892 2769 2059 2834 dicta,

466 2863 521 2907 et
563 2852 780 2906 crudus.
830 2853 933 2907 Alii
994 2853 1177 2908 dicunt
1233 2870 1479 2908 cruorem
1530 2858 1867 2912 victimarum
1915 2875 2061 2928 esse,

465 2942 777 3012 sanguinem
808 2943 1098 2997 hominum.
1137 2944 1203 2997 Ut
1240 2944 1489 3013 Virgilius
1521 2946 1757 3016 (/Eneitl.
1783 2949 1841 3017 ιι)
1880 2968 1891 3002 :

508 3090 511 3091 ν
651 3035 901 3098 Sanguine
923 3037 1146 3099 placastis
1173 3045 1359 3099 ventos,
1388 3048 1439 3088 et
1474 3040 1661 3101 virgine
1685 3053 1845 3103 caesa;

469 3118 522 3172 id
550 3128 650 3183 est,
686 3120 943 3189 sanguine
979 3122 1196 3191 virginis
1227 3122 1339 3175 oeci
1374 3138 1439 3176 ae.

541 3208 665 3266 550.
697 3210 835 3265 Inter
884 3211 1066 3265 Sinum
1110 3224 1159 3267 et
1203 3213 1470 3282 gremium.
1514 3212 1701 3267 Sinutn
1732 3213 1958 3268 dicimus
1984 3216 2059 3270 si—

471 3311 646 3356 nuata!
675 3304 839 3357 vestis
870 3306 1175 3370 receptacul
1220 3322 1291 3370 tu,
1321 3310 1581 3373 gremium
1612 3306 1837 3359 interius
1870 3322 2059 3361 accuro

477 3402 598 3447 tatm
624 3395 756 3465 HL,
787 3395 1095 3466 accursum].

538 3486 649 3557 68
679 3486 801 3542 551.
836 3489 975 3542 Inter
1015 3489 1230 3543 Seniani
1259 3498 1313 3545 et
1341 3500 1660 3543 senectutem.
1687 3490 1949 3546 Senectus
1979 3498 2064 3546 est

468 3576 682 3644 gravior
726 3586 857 3631 aetas
905 3588 1023 3646 post
1065 3578 1401 3647 juventutem
1452 3580 1791 3646 succedens,
1854 3582 2060 3635 senium

471 3678 648 3721 autem
697 3668 879 3722 ultima
936 3680 1066 3725 tetas
1131 3683 1247 3740 post
1304 3673 1616 3741 gravitatem
1671 3676 1914 3729 veniens.
1967 3675 2057 3730 Sic

471 3774 635 3813 senex
666 3769 719 3814 et
747 3762 945 3820 senior.
981 3761 1110 3816 Nam
1140 3763 1319 3818 senior
1347 3763 1522 3818 adhuc
1566 3762 1801 3823 viridior.
1837 3765 1904 3820 Ut
1934 3767 2058 3820 illud

480 3853 825 3924 Virgilianqu
853 3872 866 3909 :

624 3949 731 3999 lam
755 3950 943 4011 senior,
969 3950 1058 3999 sed
1080 3951 1228 4000 cruda
1252 3950 1347 4001 deo
1373 3952 1639 4015 viridisque
1656 3957 1906 4002 senectus.

474 4041 541 4096 Et
569 4043 853 4099 Terentius
887 4061 900 4097 :
943 4045 1058 4109 Quo
1079 4048 1202 4116 jure
1241 4062 1353 4099 sum
1383 4062 1505 4100 usus
1534 4046 1931 4110 adolescentior;
1962 4063 2063 4117 non

474 4136 644 4204 utiqu-
667 4137 830 4206 magis
861 4135 1173 4202 adolescens,
1221 4138 1309 4190 sed
1331 4137 1526 4192 minus.
1558 4137 1624 4194 Ut
1654 4140 1855 4205 senior,
1888 4140 2064 4193 minus

546 4246 669 4317 525.
703 4247 998 4317 Etytnolog.
1033 4248 1123 4306 lib.
1158 4263 1229 4311 v1,
1257 4263 1374 4313 cap.
1404 4247 1491 4302 I9.

548 4316 672 4371 524.
711 4316 1006 4388 Etymolng.
1043 4319 1132 4372 lib.
1162 4335 1249 4384 xv,
1276 4334 1389 4381 catt.
1435 4321 1512 4371 ll.

544 4415 617 4426 —
647 4388 870 4443 Solium.
898 4389 1077 4453 Serv,
1123 4389 1188 4442 ad
1238 4390 1361 4443 illud
1406 4405 1421 4443 ι
1465 4388 1591 4444 Ain.
1627 4405 1640 4441 :
1675 4389 1915 4459 Solioqtte
1968 4390 2070 4443 alte
2105 4396 2150 4452 ι)

474 4460 689 4516 subnixa
711 4461 913 4511 resedit.

550 4559 619 4570 —
650 4530 810 4582 Srdes
838 4538 1006 4581 autem
1030 4531 1203 4583 unius.
1228 4529 1441 4586 Isidor..
1478 4530 1716 4599 proxime
1739 4532 1901 4585 citato
1931 4532 2068 4585 loco.

551 4599 674 4670 525.
712 4600 1008 4669 Etymolog.
1043 4600 1147 4670 lib.
1167 4617 1280 4665 vnt,
1308 4616 1425 4670 cap.
1456 4601 1509 4656 ιι.

551 4669 678 4725 526.
710 4672 785 4723 Ex
817 4670 1091 4734 Susipatro
1120 4669 1294 4725 Caris.

557 4742 683 4812 529.
716 4740 1018 4812 Etytnolog.
1050 4742 1140 4795 lib.
1176 4758 1250 4801 ιι.
1280 4758 1378 4812 cap
1428 4744 1477 4795 l.

550 4842 618 4852 —-
646 4810 834 4866 Cruor.
874 4809 1056 4883 Serv”
1100 4813 1165 4866 ad
1220 4809 1358 4868 illud.
1394 4831 1486 4868 tht
1527 4813 1653 4868 Ain.
1694 4830 1707 4866 :
1757 4812 2072 4883 Tcpidusque

479 4900 629 4938 cruor
658 4883 885 4948 {nutabat
914 4881 982 4932 ad
1008 4900 1145 4936 uras.

557 4953 691 5009 Ibid.
728 4955 779 5005 Ιιι
809 4960 953 5007 tequ
976 4952 1158 5006 Grialii
1180 4962 1299 5008 erat
1320 4970 1471 5007 cruor
1494 4956 1809 5008 uictimarum
1826 4996 1840 5021 ,
1866 4969 1959 5022 per
1984 4968 2073 5008 cr-

483 5041 656 5080 I‘uretn
674 5064 689 5090 ,
722 5034 778 5076 ut
805 5035 960 5091 puto,
988 5039 1083 5091 pro
1110 5039 1361 5078 cruorem.
1388 5027 1558 5080 Ant-1V.

553 5095 679 5151 551.
717 5095 1016 5165 Etymolog.
1052 5095 1148 5150 lib.
1181 5110 1233 5147 ιι
1255 5137 1269 5159 ,
1300 5112 1416 5163 cap.
1446 5095 1503 5147 2.

554 5195 625 5212 -.
642 5165 731 5221 Sic
750 5163 920 5220 senex.
946 5163 1106 5219 Forte
1129 5167 1430 5234 legendum,
1453 5181 1515 5221 ex
1539 5166 1699 5221 citato
1726 5167 1841 5219 loco
1857 5163 2071 5231 Isldori,

482 5238 573 5291 sed
603 5252 719 5289 sene
749 5238 912 5288 minus
943 5244 1014 5287 est
1040 5238 1227 5289 senior.

550 5336 623 5347 —-
647 5305 767 5360 lam
797 5308 986 5360 senior.
1016 5306 1138 5361 για.
1168 5306 1346 5368 Serv.,
1368 5306 1585 5372 ibidem,
1617 5306 1827 5361 ιΕιιθίό.
1854 5322 1926 5359 vt.

557 5374 695 5432 Ibid.
744 5376 816 5429 De
836 5379 999 5432 variis
1028 5377 1198 5433 aetatis
1220 5378 1471 5445 gradibus
1495 5382 1643 5442 plura
1666 5378 1775 5430 dixi
1809 5377 1859 5429 in
1886 5377 2070 5442 prole-

487 5450 729 5516 gnmenis
766 5448 831 5501 ad
878 5448 1247 5510 Dracnntinm,
1284 5464 1399 5516 pag.
1447 5449 1538 5503 2i.
1588 5448 1642 5501 In
1693 5457 1837 5501 textu
1881 5446 2068 5501 Grialti

484 5530 600 5573 erat
627 5536 641 5570 :
674 5518 761 5573 Sic
786 5535 927 5572 senes
957 5533 1051 5583 pro
1081 5518 1151 5571 sic
1171 5534 1343 5572 senex.
1374 5522 1542 5573 Anev.

559 5590 683 5643 555.
711 5591 784 5643 Ex
831 5589 893 5643 C.
948 5590 1163 5643 Fronto.
1188 5630 1202 5657 ,
1234 5592 1322 5658 qui
1354 5603 1530 5646 tamen
1566 5588 1919 5642 Pala'moncm
1966 5602 2069 5637 ιιιιιι

490 5663 726 5718 nominat

562 5730 683 5789 555.
718 5732 793 5788 Ex
823 5731 1029 5798 Servio,
1058 5728 1121 5784 ad
1157 5728 1230 5784 ill.
1269 5745 1305 5784 ιι
1332 5730 1543 5787 Ᾱίιιοὶιι.
1574 5748 1585 5785 :
1614 5730 1781 5785 Statio
1806 5727 1936 5782 male
1965 5727 2070 5795 ﬁda

2228 1840 2355 1894 557.
2401 1841 2543 1894 Inter
2567 1839 2711 1895 Saxa
2740 1850 2795 1893 et
2824 1841 3040 1910 lapides.
3088 1841 3228 1895 Saxa
3277 1850 3480 1895 tantum
3523 1842 3745 1898 durissi—

2157 1948 2265 1995 ma,
2297 1947 2416 1985 nam
2450 1932 2581 2000 lapis
2613 1940 2667 1987 et
2692 1932 2824 1985 dura
2861 1942 2915 1987 et
2942 1932 3117 1987 mollis
3148 1942 3232 1987 est
3260 1942 3433 2001 petra.

2229 2024 2353 2080 558.
2410 2026 2550 2080 Inter
2595 2024 2819 2096 Specum
2866 2032 2922 2078 et
2963 2034 3187 2079 antrum.
3255 2024 3483 2095 Specnm
3549 2025 3739 2092 Latini,

2158 2116 2329 2170 Crteci
2370 2125 2581 2169 antrum
2619 2114 2824 2170 dicunt.
2876 2115 3012 2171 Sunt
3054 2126 3231 2171 autem
3278 2117 3393 2172 loca
3448 2132 3513 2172 ex
3554 2117 3745 2187 quibus

2161 2225 2488 2279 repercussae
2519 2225 2679 2265 voces
2707 2210 2994 2279 imaginem
3025 2208 3284 2266 referunt.

2229 2301 2355 2357 559.
2379 2301 2520 2356 Inter
2541 2301 2809 2361 Semitum.
2839 2302 3023 2355 callem
3045 2311 3099 2357 et
3128 2302 3399 2356 tramitem.
3420 2300 3620 2356 Semita
3648 2300 3746 2353 lto-

2160 2393 2362 2445 minum
2383 2403 2487 2458 est,
2513 2393 2667 2447 callis
2690 2407 2817 2447 vero
2835 2407 3088 2463 pecorum
3118 2393 3200 2448 vel
3223 2392 3450 2448 ferarum
3469 2391 3747 2448 est.Ca|lis

2160 2484 2320 2537 etiam
2361 2482 2557 2537 dicitur
2602 2484 2683 2538 via
2724 2485 2930 2550 stricta,
2973 2499 3003 2538 a
3031 2485 3141 2556 69
3170 2483 3428 2539 calcando
3466 2486 3537 2539 ita
3581 2483 3743 2538 dicta.

2161 2574 2428 2630 Tramites
2458 2591 2589 2630 vero
2620 2586 2927 2631 transversa
2952 2585 3077 2630 sunt
3110 2577 3164 2631 in
3194 2578 3337 2646 agris
3369 2576 3557 2631 itinera
3577 2618 3592 2642 ,
3627 2590 3750 2643 pro-

2164 2667 2276 2733 prie
2297 2681 2425 2734 ergo
2453 2666 2604 2720 callis
2626 2667 2818 2721 semita
2861 2666 3057 2732 tenuis,
3098 2668 3235 2721 callo
3260 2679 3510 2736 pecorum
3542 2666 3749 2733 ριειειιιι-

2164 2765 2297 2810 rata.
2333 2757 2539 2812 Semita
2560 2767 2737 2811 autem
2762 2757 2914 2826 quasi
2968 2758 3130 2812 semis
3177 2758 3284 2811 via.
3336 2755 3538 2812 Semita
3587 2755 3746 2818 dicta,

2163 2864 2267 2919 qua
2314 2858 2487 2918 potest
2531 2850 2608 2903 ire
2645 2863 2809 2902 unum
2835 2848 3157 2902 vehiculum.
3206 2847 3370 2916 llujus
3415 2846 3544 2918 [Al.,
3575 2842 3749 2914 cujus]

2164 2942 2359 3011 duplex
2402 2952 2556 2996 actus
2583 2950 2841 2995 vocatur:
2870 2948 3146 3010 propterea
3178 2940 3318 3009 quod
3349 2940 3453 2991 duo
3474 2940 3633 3004 capit,
3668 2937 3749 2989 vel

2168 3044 2384 3101 promer
2403 3033 2642 3087 euntium
2666 3042 2721 3086 et
2738 3033 3063 3087 venientium
3087 3030 3449 3086 vehiculorum
3474 3044 3747 3084 occursus.

2091 3134 2137 3194 ρ
2240 3124 2364 3179 540.
2426 3124 2717 3193 Succipere
2758 3134 2863 3190 est,
2904 3127 2973 3181 de
3011 3123 3275 3193 superiori
3326 3122 3393 3175 ali
3418 3123 3522 3187 inid
3556 3122 3751 3175 cadens

2164 3222 2466 3287 corpora'e,
2513 3219 2787 3287 suscipere
2823 3232 3041 3272 causam
3090 3216 3518 3286 incorporaliter.
3566 3215 3749 3283 Suspi-

2165 3327 2289 3365 evre
2314 3325 2525 3365 sursum
2562 3313 2822 3378 aspicere,
2848 3320 2940 3364 aut
2970 3311 3233 3365 venerari.

2239 3398 2363 3455 541.
2406 3402 2551 3456 Inter
2599 3402 2859 3457 Simulare
2906 3412 2961 3458 et
2998 3401 3343 3455 dissimulare.
3392 3400 3492 3467 Qui
3543 3399 3752 3453 simulat

2168 3494 2285 3546 vult
2313 3493 2479 3547 videri
2524 3496 2699 3547 lacere
2742 3509 2861 3563 quae
2891 3507 2996 3547 non
3026 3492 3171 3560 facit,
3200 3493 3289 3561 qui
3323 3490 3623 3545 dissimulat
3650 3504 3752 3542 non

2170 3586 2282 3637 vult
2310 3583 2477 3639 videri
2510 3584 2686 3639 facere
2713 3600 2831 3653 qua:
2869 3582 3012 3637 facit.

2244 3674 2367 3729 542.
2427 3676 2573 3731 Inter
2631 3675 2881 3730 Somnum
2929 3683 2983 3729 et
3030 3674 3299 3729 somnium.
3361 3671 3593 3726 Somnus
3649 3686 3754 3739 quo

2171 3769 2489 3834 dormimus,
2522 3772 2789 3824 somnium
2819 3768 2963 3837 quod
2995 3767 3331 3822 dormientes
3354 3767 3619 3821 videmus.

2246 3861 2367 3919 545.
2419 3865 2560 3919 Inter
2591 3863 2723 3918 Sum
2751 3872 2805 3917 et
2840 3878 3011 3917 suum.
3040 3860 3169 3916 Sum
3206 3859 3422 3915 verbum
3456 3867 3557 3923 est,
3600 3872 3754 3910 suum

2172 3971 2463 4024 pronomen
2503 3964 2603 4010 est.

2243 4048 2367 4104 5M.
2412 4051 2557 4105 Inter
2605 4051 2766 4107 Struit
2806 4060 2862 4107 et
2900 4058 3049 4107 sevit.
3082 4049 3267 4114 vait,
3300 4048 3581 4115 irascitur;
3621 4047 3755 4101 sevit

2170 4152 2405 4195 satorum
2435 4142 2582 4195 dicit.

2173 4253 2392 4319 carinis;
2422 4262 2475 4309 et
2499 4253 2573 4308 ill.
2604 4269 2635 4308 ιι
2666 4270 2679 4305 :

2360 4364 2633 4427 Frangere,
2655 4378 2748 4414 nec
2770 4364 2849 4415 tali
2875 4377 3066 4428 puppes
3082 4366 3294 4415 statione
3315 4376 3509 4415 recuso.

2245 4496 2314 4507 —
2337 4465 2496 4520 Forte
2526 4465 2736 4535 legend.
2763 4469 2902 4521 locus
2932 4476 3177 4532 remotus,
3210 4482 3271 4521 ex
3313 4466 3612 4538 Etymolog.
3658 4464 3751 4521 lib.

2178 4552 2282 4600 xrv,
2314 4553 2431 4600 cap.
2462 4538 2513 4591 8.

2246 4606 2367 4663 556.
2395 4608 2485 4663 Sic
2503 4608 2671 4677 \’irg.,
2696 4608 2889 4676 Georg.
2918 4624 2934 4661 ι
2954 4606 3117 4662 :Caelo
3134 4607 3457 4677 properanda
3473 4623 3683 4672 sereno;
3703 4617 3757 4659 et

2184 4677 2385 4732 lliemes
2417 4690 2588 4745 optate
2608 4694 2843 4741 serenus;
2871 4688 2925 4734 ct
2952 4680 3076 4733 alibi
3107 4695 3122 4733 :
3162 4679 3309 4733 Unde
3329 4694 3533 4731 serenas
3565 4677 3756 4731 Ventus

2174 4762 2290 4819 agat
2322 4750 2518 4815 nubes;
2547 4759 2601 4801 et
2630 4765 2771 4818 smpe
2800 4750 2953 4803 alias.

2248 4849 2315 4891 τ-
2346 4817 2719 4891 'l‘ranquillum.
2752 4818 3059 4891 Tranquillo
3083 4837 3171 4890 per
3194 4820 3322 4873 alta.
3355 4834 3393 4873 ιι
3418 4817 3629 4891 Ᾱὲιιιείιι.

2246 4888 2368 4961 538.
2401 4888 2655 4961 Agnoscit
2673 4892 2831 4961 etiam
2866 4888 3002 4943 lianc
3030 4888 3210 4961 vocem
3239 4898 3391 4942 vetus
3414 4889 3754 4961 glossarinnt.

2247 4959 2371 5015 559.
2406 4958 2478 5014 Εἰ
2514 4961 2693 5023 Serv..
2733 4960 2798 5014 ad
2829 4962 2902 5013 ill.
2935 4977 2983 5014 tv
3011 4959 3224 5015 Aineid.
3254 4976 3268 5011 :
3293 4961 3595 5013 (aureolam
3626 4958 3758 5012 calle

2175 5042 2425 5101 augusto;
2447 5041 2501 5084 et
2528 5031 2643 5095 ipse
2672 5031 3110 5102 Elymulog.iltit._
3129 5046 3214 5098 xv,
3236 5046 3355 5102 cap.
3389 5028 3470 5084 l6.

2246 5100 2316 5143 4—-
2344 5102 2509 5157 Semis
2538 5104 2637 5157 via.
2675 5100 2848 5165 vam,
2880 5116 2930 5153 tv
2959 5101 3029 5155 de
3058 5100 3209 5170 Ling.
3242 5100 3358 5153 Lat.
3396 5116 3412 5154 :
3449 5100 3608 5166 Quasi
3636 5100 3757 5153 senti

2175 5173 2293 5228 iter.
2317 5173 2433 5241 Ipse
2463 5175 2760 5243 Etymolog.
2797 5172 2888 5225 lib.
2915 5174 3097 5243 citato,
3126 5188 3156 5223 a
3187 5173 3310 5223 senti
3339 5172 3432 5225 itu.

2246 5275 2315 5284 —
2342 5244 2537 5297 Semita
2566 5242 2729 5299 dicta.
2754 5242 3097 5311 I.egend.Via
3118 5243 3278 5307 dicta,
3304 5256 3476 5310 neque
3496 5242 3638 5296 enim
3674 5257 3757 5294 se-

2176 5317 2302 5368 mita
2326 5315 2645 5377 vehiculum,
2677 5315 2770 5369 sed
2796 5317 2881 5365 via
2908 5315 3073 5379 capit.

2244 5415 2314 5425 —
2335 5388 2490 5439 Actus
2520 5394 2744 5438 vocatur.
2778 5385 2986 5447 Paulus,
3019 5384 3082 5435 ad
3127 5383 3367 5445 Festum,
3397 5382 3532 5439 dict.
3576 5383 3753 5435 Actus.

2177 5456 2356 5520 Varr.,
2379 5472 2432 5509 tv
2455 5457 2521 5509 de
2544 5457 2697 5524 Ling.
2720 5455 2858 5518 Lat.,
2883 5455 3089 5508 duobus
3113 5456 3261 5509 locis.
3288 5455 3405 5524 Ipse
3431 5454 3751 5525 Etymolog,

2177 5526 2269 5580 lib.
2311 5544 2396 5591 xv,
2433 5542 2548 5595 t'ap.
2588 5529 2673 5581 15.

2244 5599 2369 5652 552.
2403 5597 2477 5652 Ex
2496 5594 2672 5661 Serm,
2694 5598 2756 5648 atl
2777 5596 2851 5651 ill.
2870 5612 2897 5648 v
2916 5594 3043 5650 En.
3068 5614 3078 5648 :
3104 5595 3214 5647 Tibi
3242 5597 3405 5648 tristia
3424 5594 3619 5647 somnia
3640 5610 3751 5661 por-

2176 5679 2308 5735 tans,
2337 5671 2427 5740 qui
2458 5683 2665 5724 tamen:
2695 5667 2987 5732 Somnium,
3011 5672 3147 5737 quod
3178 5668 3481 5719 dormientes
3507 5666 3754 5718 uidemus.
