  <div class='ocr_page' id='page_1' title='image "/cluster/home/n/w/nwhite01/storage/ocr_20150623/83/hvd.32044054758875/038.png"; bbox 0 0 4104 6172; ppageno 0'>
   <div class='ocr_carea' id='block_1_1' title="bbox 360 257 435 309">
    <p class='ocr_par' dir='ltr' id='par_1_1' title="bbox 360 257 435 309">
     <span class='ocr_line' id='line_1_1' title="bbox 360 257 435 309; baseline 0.053 -4"><span class='ocrx_word' id='word_1_1' title='bbox 360 257 435 309; x_wconf 71' lang='lat' dir='ltr'><strong>os</strong></span> 
     </span>
    </p>
   </div>
   <div class='ocr_carea' id='block_1_2' title="bbox 1570 262 1942 337">
    <p class='ocr_par' dir='ltr' id='par_1_2' title="bbox 1570 262 1942 319">
     <span class='ocr_line' id='line_1_2' title="bbox 1570 262 1942 319; baseline -0.003 -3"><span class='ocrx_word' id='word_1_2' title='bbox 1570 262 1942 319; x_wconf 73' lang='lat' dir='ltr'><strong>DIFFERENT</strong></span> 
     </span>
    </p>
   </div>
   <div class='ocr_carea' id='block_1_3' title="bbox 2045 262 3650 337">
    <p class='ocr_par' dir='ltr' id='par_1_3' title="bbox 2053 262 3650 337">
     <span class='ocr_line' id='line_1_3' title="bbox 2053 262 3650 337; baseline 0.014 -22"><span class='ocrx_word' id='word_1_3' title='bbox 2053 262 2170 320; x_wconf 73' lang='lat' dir='ltr'><strong>IUM</strong></span> <span class='ocrx_word' id='word_1_4' title='bbox 2212 265 2339 322; x_wconf 85' lang='lat' dir='ltr'><strong>LiB.</strong></span> <span class='ocrx_word' id='word_1_5' title='bbox 2387 267 2427 322; x_wconf 92' lang='grc' dir='ltr'>Ι.</span> <span class='ocrx_word' id='word_1_6' title='bbox 3582 284 3650 337; x_wconf 79' lang='grc'><strong>66</strong></span> 
     </span>
    </p>
   </div>
   <div class='ocr_carea' id='block_1_4' title="bbox 431 371 3652 462">
    <p class='ocr_par' dir='ltr' id='par_1_4' title="bbox 431 371 3652 462">
     <span class='ocr_line' id='line_1_4' title="bbox 431 371 3652 462; baseline 0.008 -36"><span class='ocrx_word' id='word_1_7' title='bbox 431 371 558 427; x_wconf 66' lang='grc'><strong>545.</strong></span> <span class='ocrx_word' id='word_1_8' title='bbox 609 372 752 427; x_wconf 90' lang='lat' dir='ltr'><strong>Inter</strong></span> <span class='ocrx_word' id='word_1_9' title='bbox 791 386 917 426; x_wconf 79' lang='lat' dir='ltr'><strong>suus</strong></span> <span class='ocrx_word' id='word_1_10' title='bbox 962 380 1018 426; x_wconf 83' lang='lat' dir='ltr'><strong>et</strong></span> <span class='ocrx_word' id='word_1_11' title='bbox 1043 388 1150 427; x_wconf 85' lang='lat' dir='ltr'><strong>sus.</strong></span> <span class='ocrx_word' id='word_1_12' title='bbox 1184 374 1324 427; x_wconf 82' lang='lat' dir='ltr'><strong>Suus</strong></span> <span class='ocrx_word' id='word_1_13' title='bbox 1374 390 1666 442; x_wconf 73' lang='lat' dir='ltr'><strong>pronomen</strong></span> <span class='ocrx_word' id='word_1_14' title='bbox 1708 387 1785 429; x_wconf 64' lang='lat' dir='ltr'><strong>eu</strong></span> <span class='ocrx_word' id='word_1_15' title='bbox 1812 419 1828 442; x_wconf 94' lang='lat'><strong>,</strong></span> <span class='ocrx_word' id='word_1_16' title='bbox 1861 392 1952 430; x_wconf 86' lang='lat' dir='ltr'><strong>sus</strong></span> <span class='ocrx_word' id='word_1_17' title='bbox 1980 376 2033 437; x_wconf 74' lang='grc' dir='ltr'>Α</span> <span class='ocrx_word' id='word_1_18' title='bbox 2137 374 2428 433; x_wconf 79' lang='lat' dir='ltr'><strong>559.Inter</strong></span> <span class='ocrx_word' id='word_1_19' title='bbox 2449 378 2608 441; x_wconf 87' lang='lat' dir='ltr'><strong>Tulit,</strong></span> <span class='ocrx_word' id='word_1_20' title='bbox 2628 380 2907 447; x_wconf 78' lang='lat' dir='ltr'><strong>Aabstulit,</strong></span> <span class='ocrx_word' id='word_1_21' title='bbox 2927 394 2977 440; x_wconf 89' lang='lat' dir='ltr'><strong>et</strong></span> <span class='ocrx_word' id='word_1_22' title='bbox 2993 387 3222 443; x_wconf 84' lang='lat' dir='ltr'><strong>sustulit.</strong></span> <span class='ocrx_word' id='word_1_23' title='bbox 3238 387 3379 445; x_wconf 86' lang='lat' dir='ltr'><strong>Tulit</strong></span> <span class='ocrx_word' id='word_1_24' title='bbox 3407 393 3498 462; x_wconf 89' lang='lat' dir='ltr'><strong>qui</strong></span> <span class='ocrx_word' id='word_1_25' title='bbox 3525 394 3652 461; x_wconf 74' lang='lat' dir='ltr'><strong>felt,</strong></span> 
     </span>
    </p>
   </div>
   <div class='ocr_carea' id='block_1_5' title="bbox 355 465 696 518">
    <p class='ocr_par' dir='ltr' id='par_1_5' title="bbox 355 465 696 518">
     <span class='ocr_line' id='line_1_5' title="bbox 355 465 696 518; baseline 0 -1"><span class='ocrx_word' id='word_1_26' title='bbox 355 465 558 518; x_wconf 81' lang='lat' dir='ltr'><strong>animal</strong></span> <span class='ocrx_word' id='word_1_27' title='bbox 588 474 696 518; x_wconf 90' lang='lat' dir='ltr'><strong>est.</strong></span> 
     </span>
    </p>
   </div>
   <div class='ocr_carea' id='block_1_6' title="bbox 429 550 1956 626">
    <p class='ocr_par' dir='ltr' id='par_1_6' title="bbox 429 550 1956 626">
     <span class='ocr_line' id='line_1_6' title="bbox 429 550 1956 626; baseline 0.001 -18"><span class='ocrx_word' id='word_1_28' title='bbox 429 550 555 608; x_wconf 68' lang='grc'><strong>546.</strong></span> <span class='ocrx_word' id='word_1_29' title='bbox 586 553 727 608; x_wconf 86' lang='lat' dir='ltr'><strong>Inter</strong></span> <span class='ocrx_word' id='word_1_30' title='bbox 739 552 931 623; x_wconf 75' lang='lat' dir='ltr'><strong>Syram</strong></span> <span class='ocrx_word' id='word_1_31' title='bbox 947 563 998 609; x_wconf 89' lang='lat' dir='ltr'><strong>et</strong></span> <span class='ocrx_word' id='word_1_32' title='bbox 1020 554 1371 625; x_wconf 75' lang='lat' dir='ltr'><strong>suram.Syra</strong></span> <span class='ocrx_word' id='word_1_33' title='bbox 1400 556 1574 626; x_wconf 86' lang='lat' dir='ltr'><strong>gentis</strong></span> <span class='ocrx_word' id='word_1_34' title='bbox 1599 571 1712 611; x_wconf 76' lang='lat' dir='ltr'><strong>sua:</strong></span> <span class='ocrx_word' id='word_1_35' title='bbox 1736 556 1956 620; x_wconf 89' lang='lat' dir='ltr'><strong>femiua,</strong></span> 
     </span>
    </p>
   </div>
   <div class='ocr_carea' id='block_1_7' title="bbox 356 645 851 713">
    <p class='ocr_par' dir='ltr' id='par_1_7' title="bbox 356 645 851 713">
     <span class='ocr_line' id='line_1_7' title="bbox 356 645 851 713; baseline 0.006 -17"><span class='ocrx_word' id='word_1_36' title='bbox 356 658 483 697; x_wconf 86' lang='lat' dir='ltr'><strong>sura</strong></span> <span class='ocrx_word' id='word_1_37' title='bbox 519 659 647 713; x_wconf 88' lang='lat' dir='ltr'><strong>pars</strong></span> <span class='ocrx_word' id='word_1_38' title='bbox 675 645 851 710; x_wconf 86' lang='lat' dir='ltr'><strong>pedis.</strong></span> 
     </span>
    </p>
   </div>
   <div class='ocr_carea' id='block_1_8' title="bbox 431 736 1955 807">
    <p class='ocr_par' dir='ltr' id='par_1_8' title="bbox 431 736 1955 807">
     <span class='ocr_line' id='line_1_8' title="bbox 431 736 1955 807; baseline -0.001 -13"><span class='ocrx_word' id='word_1_39' title='bbox 431 738 560 794; x_wconf 79' lang='grc'><strong>517.</strong></span> <span class='ocrx_word' id='word_1_40' title='bbox 608 738 755 793; x_wconf 92' lang='lat' dir='ltr'><strong>Inter</strong></span> <span class='ocrx_word' id='word_1_41' title='bbox 796 736 1064 794; x_wconf 84' lang='lat' dir='ltr'><strong>Sarturem</strong></span> <span class='ocrx_word' id='word_1_42' title='bbox 1120 748 1171 792; x_wconf 91' lang='lat' dir='ltr'><strong>et</strong></span> <span class='ocrx_word' id='word_1_43' title='bbox 1225 741 1613 794; x_wconf 83' lang='lat' dir='ltr'><strong>sarcinatorem.</strong></span> <span class='ocrx_word' id='word_1_44' title='bbox 1664 741 1955 807; x_wconf 85' lang='lat' dir='ltr'><strong>Sartorem,</strong></span> 
     </span>
    </p>
   </div>
   <div class='ocr_carea' id='block_1_9' title="bbox 355 830 1958 899">
    <p class='ocr_par' dir='ltr' id='par_1_9' title="bbox 355 830 1958 899">
     <span class='ocr_line' id='line_1_9' title="bbox 355 830 1958 899; baseline 0.002 -16"><span class='ocrx_word' id='word_1_45' title='bbox 355 844 545 899; x_wconf 77' lang='lat' dir='ltr'><strong>agrum</strong></span> <span class='ocrx_word' id='word_1_46' title='bbox 574 830 897 882; x_wconf 79' lang='lat' dir='ltr'><strong>sarrienlem</strong></span> <span class='ocrx_word' id='word_1_47' title='bbox 922 846 934 892; x_wconf 94' lang='lat'>;</span> <span class='ocrx_word' id='word_1_48' title='bbox 972 830 1387 891; x_wconf 81' lang='lat' dir='ltr'><strong>smciuatorem,</strong></span> <span class='ocrx_word' id='word_1_49' title='bbox 1419 840 1593 884; x_wconf 87' lang='lat' dir='ltr'><strong>vestes</strong></span> <span class='ocrx_word' id='word_1_50' title='bbox 1616 832 1958 886; x_wconf 87' lang='lat' dir='ltr'><strong>sarcieutem.</strong></span> 
     </span>
    </p>
   </div>
   <div class='ocr_carea' id='block_1_10' title="bbox 429 919 1951 988">
    <p class='ocr_par' dir='ltr' id='par_1_10' title="bbox 429 919 1951 988">
     <span class='ocr_line' id='line_1_10' title="bbox 429 919 1951 988; baseline 0.001 -14"><span class='ocrx_word' id='word_1_51' title='bbox 429 920 555 975; x_wconf 70' lang='grc'><strong>518.</strong></span> <span class='ocrx_word' id='word_1_52' title='bbox 595 919 739 974; x_wconf 89' lang='lat' dir='ltr'><strong>Inter</strong></span> <span class='ocrx_word' id='word_1_53' title='bbox 761 919 996 975; x_wconf 80' lang='lat' dir='ltr'><strong>Similem</strong></span> <span class='ocrx_word' id='word_1_54' title='bbox 1018 928 1071 973; x_wconf 90' lang='lat' dir='ltr'><strong>et</strong></span> <span class='ocrx_word' id='word_1_55' title='bbox 1092 920 1442 975; x_wconf 72' lang='lat' dir='ltr'><strong>simulantem.</strong></span> <span class='ocrx_word' id='word_1_56' title='bbox 1466 921 1729 987; x_wconf 77' lang='lat' dir='ltr'><strong>Similem,</strong></span> <span class='ocrx_word' id='word_1_57' title='bbox 1760 926 1951 988; x_wconf 84' lang='lat' dir='ltr'><strong>talem;</strong></span> 
     </span>
    </p>
   </div>
   <div class='ocr_carea' id='block_1_11' title="bbox 360 1012 1332 1075">
    <p class='ocr_par' dir='ltr' id='par_1_11' title="bbox 360 1012 1332 1075">
     <span class='ocr_line' id='line_1_11' title="bbox 360 1012 1332 1075; baseline 0.003 -12"><span class='ocrx_word' id='word_1_58' title='bbox 360 1012 731 1075; x_wconf 85' lang='lat' dir='ltr'><strong>simulantem,</strong></span> <span class='ocrx_word' id='word_1_59' title='bbox 766 1012 928 1065; x_wconf 83' lang='lat' dir='ltr'><strong>talem</strong></span> <span class='ocrx_word' id='word_1_60' title='bbox 962 1013 1332 1067; x_wconf 76' lang='lat' dir='ltr'><strong>mentientem.</strong></span> 
     </span>
    </p>
   </div>
   <div class='ocr_carea' id='block_1_12' title="bbox 429 1098 1959 1172">
    <p class='ocr_par' dir='ltr' id='par_1_12' title="bbox 429 1098 1959 1172">
     <span class='ocr_line' id='line_1_12' title="bbox 429 1098 1959 1172; baseline 0 -17"><span class='ocrx_word' id='word_1_61' title='bbox 429 1098 556 1155; x_wconf 65' lang='lat'><strong>549.</strong></span> <span class='ocrx_word' id='word_1_62' title='bbox 586 1100 729 1155; x_wconf 86' lang='lat' dir='ltr'><strong>Inter</strong></span> <span class='ocrx_word' id='word_1_63' title='bbox 759 1101 1042 1157; x_wconf 73' lang='lat' dir='ltr'><strong>Strenuum</strong></span> <span class='ocrx_word' id='word_1_64' title='bbox 1084 1115 1138 1158; x_wconf 91' lang='lat' dir='ltr'><strong>et</strong></span> <span class='ocrx_word' id='word_1_65' title='bbox 1180 1114 1469 1158; x_wconf 74' lang='lat' dir='ltr'><strong>externum.</strong></span> <span class='ocrx_word' id='word_1_66' title='bbox 1501 1104 1814 1172; x_wconf 88' lang='lat' dir='ltr'><strong>Strenuum,</strong></span> <span class='ocrx_word' id='word_1_67' title='bbox 1855 1108 1959 1163; x_wconf 67' lang='lat' dir='ltr'><strong>inr-</strong></span> 
     </span>
    </p>
   </div>
   <div class='ocr_carea' id='block_1_13' title="bbox 358 1195 1471 1261">
    <p class='ocr_par' dir='ltr' id='par_1_13' title="bbox 358 1195 1471 1261">
     <span class='ocr_line' id='line_1_13' title="bbox 358 1195 1471 1261; baseline 0.008 -19"><span class='ocrx_word' id='word_1_68' title='bbox 358 1200 469 1245; x_wconf 87' lang='lat' dir='ltr'><strong>tcm</strong></span> <span class='ocrx_word' id='word_1_69' title='bbox 497 1209 510 1255; x_wconf 91' lang='lat'><strong>;</strong></span> <span class='ocrx_word' id='word_1_70' title='bbox 544 1203 853 1261; x_wconf 78' lang='lat' dir='ltr'><strong>externum,</strong></span> <span class='ocrx_word' id='word_1_71' title='bbox 877 1204 1191 1250; x_wconf 80' lang='lat' dir='ltr'><strong>extraneum</strong></span> <span class='ocrx_word' id='word_1_72' title='bbox 1221 1195 1471 1251; x_wconf 86' lang='lat' dir='ltr'><strong>dicimus.</strong></span> 
     </span>
    </p>
   </div>
   <div class='ocr_carea' id='block_1_14' title="bbox 428 1284 1954 1363">
    <p class='ocr_par' dir='ltr' id='par_1_14' title="bbox 428 1284 1954 1363">
     <span class='ocr_line' id='line_1_14' title="bbox 428 1284 1954 1363; baseline 0.007 -24"><span class='ocrx_word' id='word_1_73' title='bbox 428 1284 557 1341; x_wconf 86' lang='grc'><strong>550.</strong></span> <span class='ocrx_word' id='word_1_74' title='bbox 586 1287 727 1343; x_wconf 91' lang='lat' dir='ltr'><strong>Inter</strong></span> <span class='ocrx_word' id='word_1_75' title='bbox 748 1288 956 1344; x_wconf 87' lang='lat' dir='ltr'><strong>Statum</strong></span> <span class='ocrx_word' id='word_1_76' title='bbox 972 1299 1027 1345; x_wconf 91' lang='lat' dir='ltr'><strong>et</strong></span> <span class='ocrx_word' id='word_1_77' title='bbox 1049 1292 1569 1357; x_wconf 87' lang='lat' dir='ltr'><strong>staturam.Statum,</strong></span> <span class='ocrx_word' id='word_1_78' title='bbox 1598 1294 1954 1363; x_wconf 57' lang='lat' dir='ltr'><strong>quastionem</strong></span> 
     </span>
    </p>
   </div>
   <div class='ocr_carea' id='block_1_15' title="bbox 360 1381 1957 1455">
    <p class='ocr_par' dir='ltr' id='par_1_15' title="bbox 360 1381 1957 1455">
     <span class='ocr_line' id='line_1_15' title="bbox 360 1381 1957 1455; baseline 0.007 -24"><span class='ocrx_word' id='word_1_79' title='bbox 360 1381 445 1433; x_wconf 82' lang='lat' dir='ltr'><strong>vel</strong></span> <span class='ocrx_word' id='word_1_80' title='bbox 483 1381 753 1435; x_wconf 81' lang='lat' dir='ltr'><strong>scenicam</strong></span> <span class='ocrx_word' id='word_1_81' title='bbox 786 1392 1021 1449; x_wconf 85' lang='lat' dir='ltr'><strong>vestem;</strong></span> <span class='ocrx_word' id='word_1_82' title='bbox 1058 1390 1341 1448; x_wconf 84' lang='lat' dir='ltr'><strong>staturam,</strong></span> <span class='ocrx_word' id='word_1_83' title='bbox 1389 1385 1741 1453; x_wconf 83' lang='lat' dir='ltr'><strong>quantitatem</strong></span> <span class='ocrx_word' id='word_1_84' title='bbox 1771 1386 1957 1455; x_wconf 84' lang='lat' dir='ltr'><strong>cujus-</strong></span> 
     </span>
    </p>
   </div>
   <div class='ocr_carea' id='block_1_16' title="bbox 357 1475 607 1543">
    <p class='ocr_par' dir='ltr' id='par_1_16' title="bbox 357 1475 607 1543">
     <span class='ocr_line' id='line_1_16' title="bbox 357 1475 607 1543; baseline 0.004 -17"><span class='ocrx_word' id='word_1_85' title='bbox 357 1490 466 1543; x_wconf 81' lang='lat' dir='ltr'><strong>que</strong></span> <span class='ocrx_word' id='word_1_86' title='bbox 507 1475 607 1528; x_wconf 85' lang='lat' dir='ltr'><strong>rei.</strong></span> 
     </span>
    </p>
   </div>
   <div class='ocr_carea' id='block_1_17' title="bbox 429 1563 1954 1636">
    <p class='ocr_par' dir='ltr' id='par_1_17' title="bbox 429 1563 1954 1636">
     <span class='ocr_line' id='line_1_17' title="bbox 429 1563 1954 1636; baseline 0.002 -18"><span class='ocrx_word' id='word_1_87' title='bbox 429 1565 542 1636; x_wconf 78' lang='grc' dir='ltr'><strong>⁷ο</strong></span> <span class='ocrx_word' id='word_1_88' title='bbox 571 1564 697 1619; x_wconf 84' lang='grc'><strong>551.</strong></span> <span class='ocrx_word' id='word_1_89' title='bbox 734 1564 876 1617; x_wconf 89' lang='lat' dir='ltr'><strong>Inter</strong></span> <span class='ocrx_word' id='word_1_90' title='bbox 918 1563 1242 1633; x_wconf 73' lang='lat' dir='ltr'><strong>Scriptorum</strong></span> <span class='ocrx_word' id='word_1_91' title='bbox 1270 1573 1326 1619; x_wconf 88' lang='lat' dir='ltr'><strong>et</strong></span> <span class='ocrx_word' id='word_1_92' title='bbox 1353 1564 1643 1619; x_wconf 84' lang='lat' dir='ltr'><strong>lectionem.</strong></span> <span class='ocrx_word' id='word_1_93' title='bbox 1675 1566 1857 1622; x_wconf 82' lang='lat' dir='ltr'><strong>Lectio</strong></span> <span class='ocrx_word' id='word_1_94' title='bbox 1899 1566 1954 1621; x_wconf 90' lang='lat' dir='ltr'><strong>in</strong></span> 
     </span>
    </p>
   </div>
   <div class='ocr_carea' id='block_1_18' title="bbox 356 1656 1627 1726">
    <p class='ocr_par' dir='ltr' id='par_1_18' title="bbox 356 1656 1627 1726">
     <span class='ocr_line' id='line_1_18' title="bbox 356 1656 1627 1726; baseline 0.003 -18"><span class='ocrx_word' id='word_1_95' title='bbox 356 1671 524 1725; x_wconf 69' lang='lat' dir='ltr'><strong>apere</strong></span> <span class='ocrx_word' id='word_1_96' title='bbox 545 1664 647 1721; x_wconf 87' lang='lat' dir='ltr'><strong>est,</strong></span> <span class='ocrx_word' id='word_1_97' title='bbox 680 1658 942 1725; x_wconf 88' lang='lat' dir='ltr'><strong>scriptura</strong></span> <span class='ocrx_word' id='word_1_98' title='bbox 972 1657 1021 1709; x_wconf 90' lang='lat' dir='ltr'><strong>in</strong></span> <span class='ocrx_word' id='word_1_99' title='bbox 1047 1656 1262 1722; x_wconf 83' lang='lat' dir='ltr'><strong>affectu,</strong></span> <span class='ocrx_word' id='word_1_100' title='bbox 1290 1658 1373 1711; x_wconf 86' lang='lat' dir='ltr'><strong>vel</strong></span> <span class='ocrx_word' id='word_1_101' title='bbox 1401 1658 1627 1726; x_wconf 87' lang='lat' dir='ltr'><strong>pictura.</strong></span> 
     </span>
    </p>
   </div>
   <div class='ocr_carea' id='block_1_19' title="bbox 979 1750 1347 1805">
    <p class='ocr_par' dir='ltr' id='par_1_19' title="bbox 979 1750 1347 1805">
     <span class='ocr_line' id='line_1_19' title="bbox 979 1750 1347 1805; baseline 0.005 -2"><span class='ocrx_word' id='word_1_102' title='bbox 979 1750 1051 1804; x_wconf 86' lang='lat' dir='ltr'><strong>De</strong></span> <span class='ocrx_word' id='word_1_103' title='bbox 1081 1754 1250 1804; x_wconf 81' lang='lat' dir='ltr'><strong>littera</strong></span> <span class='ocrx_word' id='word_1_104' title='bbox 1285 1752 1347 1805; x_wconf 89' lang='lat' dir='ltr'><strong>&#39;I‘.</strong></span> 
     </span>
    </p>
   </div>
   <div class='ocr_carea' id='block_1_20' title="bbox 432 1839 1953 1908">
    <p class='ocr_par' dir='ltr' id='par_1_20' title="bbox 432 1839 1953 1908">
     <span class='ocr_line' id='line_1_20' title="bbox 432 1839 1953 1908; baseline 0.004 -13"><span class='ocrx_word' id='word_1_105' title='bbox 432 1842 562 1896; x_wconf 72' lang='grc'><strong>552.</strong></span> <span class='ocrx_word' id='word_1_106' title='bbox 606 1840 746 1895; x_wconf 93' lang='lat' dir='ltr'><strong>Inter</strong></span> <span class='ocrx_word' id='word_1_107' title='bbox 778 1839 1011 1907; x_wconf 87' lang='lat' dir='ltr'><strong>Terram,</strong></span> <span class='ocrx_word' id='word_1_108' title='bbox 1042 1854 1092 1897; x_wconf 87' lang='lat' dir='ltr'><strong>et</strong></span> <span class='ocrx_word' id='word_1_109' title='bbox 1128 1844 1391 1908; x_wconf 88' lang='lat' dir='ltr'><strong>tellurem,</strong></span> <span class='ocrx_word' id='word_1_110' title='bbox 1426 1854 1478 1898; x_wconf 92' lang='lat' dir='ltr'><strong>et</strong></span> <span class='ocrx_word' id='word_1_111' title='bbox 1509 1845 1739 1899; x_wconf 83' lang='lat' dir='ltr'><strong>humum.</strong></span> <span class='ocrx_word' id='word_1_112' title='bbox 1789 1847 1953 1907; x_wconf 82' lang='lat' dir='ltr'><strong>Terra</strong></span> 
     </span>
    </p>
   </div>
   <div class='ocr_carea' id='block_1_21' title="bbox 357 1932 1953 2004">
    <p class='ocr_par' dir='ltr' id='par_1_21' title="bbox 357 1932 1953 2004">
     <span class='ocr_line' id='line_1_21' title="bbox 357 1932 1953 2004; baseline 0.005 -21"><span class='ocrx_word' id='word_1_113' title='bbox 357 1933 601 2004; x_wconf 80' lang='lat' dir='ltr'><strong>squalida</strong></span> <span class='ocrx_word' id='word_1_114' title='bbox 622 1944 706 1987; x_wconf 90' lang='lat' dir='ltr'><strong>est</strong></span> <span class='ocrx_word' id='word_1_115' title='bbox 727 1943 783 1987; x_wconf 91' lang='lat' dir='ltr'><strong>et</strong></span> <span class='ocrx_word' id='word_1_116' title='bbox 802 1932 1021 1997; x_wconf 87' lang='lat' dir='ltr'><strong>inculta,</strong></span> <span class='ocrx_word' id='word_1_117' title='bbox 1042 1935 1195 1987; x_wconf 88' lang='lat' dir='ltr'><strong>tellus</strong></span> <span class='ocrx_word' id='word_1_118' title='bbox 1219 1936 1488 1989; x_wconf 55' lang='lat' dir='ltr'><strong>fructifera</strong></span> <span class='ocrx_word' id='word_1_119' title='bbox 1509 1954 1525 2001; x_wconf 87' lang='lat'><strong>;</strong></span> <span class='ocrx_word' id='word_1_120' title='bbox 1546 1936 1738 1992; x_wconf 77' lang='lat' dir='ltr'><strong>humus</strong></span> <span class='ocrx_word' id='word_1_121' title='bbox 1754 1948 1953 2000; x_wconf 74' lang='lat' dir='ltr'><strong>autem,</strong></span> 
     </span>
    </p>
   </div>
   <div class='ocr_carea' id='block_1_22' title="bbox 358 2024 1951 2099">
    <p class='ocr_par' dir='ltr' id='par_1_22' title="bbox 358 2024 1951 2099">
     <span class='ocr_line' id='line_1_22' title="bbox 358 2024 1951 2099; baseline 0.003 -20"><span class='ocrx_word' id='word_1_122' title='bbox 358 2025 603 2091; x_wconf 86' lang='lat' dir='ltr'><strong>inferior,</strong></span> <span class='ocrx_word' id='word_1_123' title='bbox 643 2033 696 2078; x_wconf 89' lang='lat' dir='ltr'><strong>et</strong></span> <span class='ocrx_word' id='word_1_124' title='bbox 723 2024 996 2089; x_wconf 88' lang='lat' dir='ltr'><strong>deorsum,</strong></span> <span class='ocrx_word' id='word_1_125' title='bbox 1044 2033 1094 2079; x_wconf 90' lang='lat' dir='ltr'><strong>et</strong></span> <span class='ocrx_word' id='word_1_126' title='bbox 1130 2026 1351 2080; x_wconf 85' lang='lat' dir='ltr'><strong>butuida</strong></span> <span class='ocrx_word' id='word_1_127' title='bbox 1378 2027 1398 2099; x_wconf 92' lang='lat'>[</span> <span class='ocrx_word' id='word_1_128' title='bbox 1421 2030 1504 2082; x_wconf 74' lang='lat' dir='ltr'><strong>At.</strong></span> <span class='ocrx_word' id='word_1_129' title='bbox 1549 2030 1674 2083; x_wconf 89' lang='lat' dir='ltr'><strong>add.</strong></span> <span class='ocrx_word' id='word_1_130' title='bbox 1723 2028 1951 2099; x_wconf 84' lang='lat' dir='ltr'><strong>tellus].</strong></span> 
     </span>
    </p>
   </div>
   <div class='ocr_carea' id='block_1_23' title="bbox 359 2115 1954 2191">
    <p class='ocr_par' dir='ltr' id='par_1_23' title="bbox 359 2115 1954 2191">
     <span class='ocr_line' id='line_1_23' title="bbox 359 2115 1954 2191; baseline 0.002 -18"><span class='ocrx_word' id='word_1_131' title='bbox 359 2117 517 2173; x_wconf 88' lang='lat' dir='ltr'><strong>Unde</strong></span> <span class='ocrx_word' id='word_1_132' title='bbox 556 2125 611 2169; x_wconf 91' lang='lat' dir='ltr'><strong>et</strong></span> <span class='ocrx_word' id='word_1_133' title='bbox 657 2115 879 2177; x_wconf 83' lang='lat' dir='ltr'><strong>Itumati,</strong></span> <span class='ocrx_word' id='word_1_134' title='bbox 923 2115 1137 2183; x_wconf 77' lang='lat' dir='ltr'><strong>sepulti.</strong></span> <span class='ocrx_word' id='word_1_135' title='bbox 1174 2115 1510 2173; x_wconf 81' lang='lat' dir='ltr'><strong>Generaliter</strong></span> <span class='ocrx_word' id='word_1_136' title='bbox 1547 2129 1723 2174; x_wconf 90' lang='lat' dir='ltr'><strong>autem</strong></span> <span class='ocrx_word' id='word_1_137' title='bbox 1757 2121 1954 2191; x_wconf 87' lang='lat' dir='ltr'><strong>ubique</strong></span> 
     </span>
    </p>
   </div>
   <div class='ocr_carea' id='block_1_24' title="bbox 358 2206 1952 2278">
    <p class='ocr_par' dir='ltr' id='par_1_24' title="bbox 358 2206 1952 2278">
     <span class='ocr_line' id='line_1_24' title="bbox 358 2206 1952 2278; baseline 0.001 -15"><span class='ocrx_word' id='word_1_138' title='bbox 358 2222 501 2263; x_wconf 84' lang='lat' dir='ltr'><strong>terra</strong></span> <span class='ocrx_word' id='word_1_139' title='bbox 532 2219 646 2277; x_wconf 83' lang='lat' dir='ltr'><strong>est,</strong></span> <span class='ocrx_word' id='word_1_140' title='bbox 685 2222 787 2261; x_wconf 87' lang='lat' dir='ltr'><strong>nan</strong></span> <span class='ocrx_word' id='word_1_141' title='bbox 831 2207 1025 2277; x_wconf 86' lang='lat' dir='ltr'><strong>ubique</strong></span> <span class='ocrx_word' id='word_1_142' title='bbox 1063 2206 1276 2262; x_wconf 90' lang='lat' dir='ltr'><strong>humus.</strong></span> <span class='ocrx_word' id='word_1_143' title='bbox 1314 2207 1377 2269; x_wconf 86' lang='lat' dir='ltr'><strong>Et</strong></span> <span class='ocrx_word' id='word_1_144' title='bbox 1404 2210 1454 2263; x_wconf 92' lang='lat' dir='ltr'><strong>iu</strong></span> <span class='ocrx_word' id='word_1_145' title='bbox 1489 2210 1779 2278; x_wconf 85' lang='lat' dir='ltr'><strong>parietibus</strong></span> <span class='ocrx_word' id='word_1_146' title='bbox 1813 2221 1952 2265; x_wconf 86' lang='lat' dir='ltr'><strong>terra</strong></span> 
     </span>
    </p>
   </div>
   <div class='ocr_carea' id='block_1_25' title="bbox 356 2300 1954 2367">
    <p class='ocr_par' dir='ltr' id='par_1_25' title="bbox 356 2300 1954 2367">
     <span class='ocr_line' id='line_1_25' title="bbox 356 2300 1954 2367; baseline 0.002 -12"><span class='ocrx_word' id='word_1_147' title='bbox 356 2312 461 2366; x_wconf 64' lang='lat' dir='ltr'><strong>est,</strong></span> <span class='ocrx_word' id='word_1_148' title='bbox 511 2302 612 2356; x_wconf 82' lang='lat' dir='ltr'><strong>hoc</strong></span> <span class='ocrx_word' id='word_1_149' title='bbox 640 2310 722 2355; x_wconf 91' lang='lat' dir='ltr'><strong>est</strong></span> <span class='ocrx_word' id='word_1_150' title='bbox 752 2301 803 2354; x_wconf 91' lang='lat' dir='ltr'><strong>in</strong></span> <span class='ocrx_word' id='word_1_151' title='bbox 850 2300 1126 2367; x_wconf 76' lang='lat' dir='ltr'><strong>lateribus,</strong></span> <span class='ocrx_word' id='word_1_152' title='bbox 1169 2310 1354 2357; x_wconf 88' lang='lat' dir='ltr'><strong>etnon</strong></span> <span class='ocrx_word' id='word_1_153' title='bbox 1382 2314 1465 2357; x_wconf 89' lang='lat' dir='ltr'><strong>est</strong></span> <span class='ocrx_word' id='word_1_154' title='bbox 1504 2304 1717 2359; x_wconf 79' lang='grc' dir='ltr'>Ιιιιιηιις.</span> <span class='ocrx_word' id='word_1_155' title='bbox 1752 2304 1954 2358; x_wconf 88' lang='lat' dir='ltr'><strong>llnmus</strong></span> 
     </span>
    </p>
   </div>
   <div class='ocr_carea' id='block_1_26' title="bbox 356 2390 1954 2458">
    <p class='ocr_par' dir='ltr' id='par_1_26' title="bbox 356 2390 1954 2458">
     <span class='ocr_line' id='line_1_26' title="bbox 356 2390 1954 2458; baseline 0.003 -14"><span class='ocrx_word' id='word_1_156' title='bbox 356 2404 539 2447; x_wconf 82' lang='lat' dir='ltr'><strong>autem</strong></span> <span class='ocrx_word' id='word_1_157' title='bbox 578 2400 719 2445; x_wconf 83' lang='lat' dir='ltr'><strong>terra</strong></span> <span class='ocrx_word' id='word_1_158' title='bbox 749 2390 965 2444; x_wconf 86' lang='lat' dir='ltr'><strong>humida</strong></span> <span class='ocrx_word' id='word_1_159' title='bbox 998 2399 1100 2458; x_wconf 84' lang='lat' dir='ltr'><strong>est,</strong></span> <span class='ocrx_word' id='word_1_160' title='bbox 1146 2392 1291 2446; x_wconf 89' lang='lat' dir='ltr'><strong>etab</strong></span> <span class='ocrx_word' id='word_1_161' title='bbox 1323 2394 1545 2448; x_wconf 86' lang='lat' dir='ltr'><strong>humore</strong></span> <span class='ocrx_word' id='word_1_162' title='bbox 1576 2405 1781 2458; x_wconf 83' lang='lat' dir='ltr'><strong>vocata,</strong></span> <span class='ocrx_word' id='word_1_163' title='bbox 1812 2395 1954 2449; x_wconf 89' lang='lat' dir='ltr'><strong>sicut</strong></span> 
     </span>
    </p>
   </div>
   <div class='ocr_carea' id='block_1_27' title="bbox 355 2481 1950 2551">
    <p class='ocr_par' dir='ltr' id='par_1_27' title="bbox 355 2481 1950 2551">
     <span class='ocr_line' id='line_1_27' title="bbox 355 2481 1950 2551; baseline 0.002 -13"><span class='ocrx_word' id='word_1_164' title='bbox 355 2496 416 2538; x_wconf 87' lang='lat' dir='ltr'><strong>et</strong></span> <span class='ocrx_word' id='word_1_165' title='bbox 444 2493 609 2547; x_wconf 89' lang='lat' dir='ltr'><strong>terra,</strong></span> <span class='ocrx_word' id='word_1_166' title='bbox 634 2481 771 2551; x_wconf 90' lang='lat' dir='ltr'><strong>quod</strong></span> <span class='ocrx_word' id='word_1_167' title='bbox 790 2482 1014 2535; x_wconf 72' lang='lat' dir='ltr'><strong>naturali</strong></span> <span class='ocrx_word' id='word_1_168' title='bbox 1038 2482 1278 2537; x_wconf 80' lang='lat' dir='ltr'><strong>siccitate</strong></span> <span class='ocrx_word' id='word_1_169' title='bbox 1303 2493 1523 2547; x_wconf 88' lang='lat' dir='ltr'><strong>torreat,</strong></span> <span class='ocrx_word' id='word_1_170' title='bbox 1543 2486 1680 2539; x_wconf 86' lang='lat' dir='ltr'><strong>sicut</strong></span> <span class='ocrx_word' id='word_1_171' title='bbox 1698 2494 1752 2540; x_wconf 91' lang='lat' dir='ltr'><strong>ct</strong></span> <span class='ocrx_word' id='word_1_172' title='bbox 1772 2486 1950 2541; x_wconf 90' lang='lat' dir='ltr'><strong>tellus.</strong></span> 
     </span>
    </p>
   </div>
   <div class='ocr_carea' id='block_1_28' title="bbox 355 2572 1626 2645">
    <p class='ocr_par' dir='ltr' id='par_1_28' title="bbox 355 2572 1626 2645">
     <span class='ocr_line' id='line_1_28' title="bbox 355 2572 1626 2645; baseline 0.003 -19"><span class='ocrx_word' id='word_1_173' title='bbox 355 2574 502 2645; x_wconf 82' lang='lat' dir='ltr'><strong>quod</strong></span> <span class='ocrx_word' id='word_1_174' title='bbox 532 2574 731 2627; x_wconf 82' lang='lat' dir='ltr'><strong>fructus</strong></span> <span class='ocrx_word' id='word_1_175' title='bbox 762 2572 906 2644; x_wconf 74' lang='lat' dir='ltr'><strong>[Al.,</strong></span> <span class='ocrx_word' id='word_1_176' title='bbox 942 2572 1207 2644; x_wconf 75' lang='lat' dir='ltr'><strong>fructum]</strong></span> <span class='ocrx_word' id='word_1_177' title='bbox 1234 2576 1348 2643; x_wconf 85' lang='lat' dir='ltr'><strong>ejus</strong></span> <span class='ocrx_word' id='word_1_178' title='bbox 1373 2576 1626 2630; x_wconf 90' lang='lat' dir='ltr'><strong>tollimus.</strong></span> 
     </span>
    </p>
   </div>
   <div class='ocr_carea' id='block_1_29' title="bbox 432 2662 1951 2737">
    <p class='ocr_par' dir='ltr' id='par_1_29' title="bbox 432 2662 1951 2737">
     <span class='ocr_line' id='line_1_29' title="bbox 432 2662 1951 2737; baseline 0.002 -17"><span class='ocrx_word' id='word_1_179' title='bbox 432 2667 561 2720; x_wconf 78' lang='grc'><strong>555.</strong></span> <span class='ocrx_word' id='word_1_180' title='bbox 591 2665 731 2718; x_wconf 88' lang='lat' dir='ltr'><strong>Inter</strong></span> <span class='ocrx_word' id='word_1_181' title='bbox 763 2662 1175 2732; x_wconf 71' lang='lat' dir='ltr'><strong>Temperantia»:</strong></span> <span class='ocrx_word' id='word_1_182' title='bbox 1214 2673 1269 2719; x_wconf 88' lang='lat' dir='ltr'><strong>et</strong></span> <span class='ocrx_word' id='word_1_183' title='bbox 1293 2669 1709 2737; x_wconf 84' lang='lat' dir='ltr'><strong>temperationem</strong></span> <span class='ocrx_word' id='word_1_184' title='bbox 1740 2667 1816 2722; x_wconf 90' lang='lat' dir='ltr'><strong>sic</strong></span> <span class='ocrx_word' id='word_1_185' title='bbox 1842 2670 1951 2724; x_wconf 86' lang='lat' dir='ltr'><strong>dis-</strong></span> 
     </span>
    </p>
   </div>
   <div class='ocr_carea' id='block_1_30' title="bbox 352 2756 1950 2830">
    <p class='ocr_par' dir='ltr' id='par_1_30' title="bbox 352 2756 1950 2830">
     <span class='ocr_line' id='line_1_30' title="bbox 352 2756 1950 2830; baseline 0.004 -21"><span class='ocrx_word' id='word_1_186' title='bbox 352 2757 620 2820; x_wconf 86' lang='lat' dir='ltr'><strong>cernitur,</strong></span> <span class='ocrx_word' id='word_1_187' title='bbox 657 2764 714 2809; x_wconf 90' lang='lat' dir='ltr'><strong>ut</strong></span> <span class='ocrx_word' id='word_1_188' title='bbox 762 2756 1115 2824; x_wconf 86' lang='lat' dir='ltr'><strong>temperantia</strong></span> <span class='ocrx_word' id='word_1_189' title='bbox 1169 2758 1473 2811; x_wconf 80' lang='lat' dir='ltr'><strong>animorum</strong></span> <span class='ocrx_word' id='word_1_190' title='bbox 1508 2760 1599 2825; x_wconf 88' lang='lat' dir='ltr'><strong>sit,</strong></span> <span class='ocrx_word' id='word_1_191' title='bbox 1633 2762 1950 2830; x_wconf 77' lang='lat' dir='ltr'><strong>temperatio</strong></span> 
     </span>
    </p>
   </div>
   <div class='ocr_carea' id='block_1_31' title="bbox 352 2860 561 2900">
    <p class='ocr_par' dir='ltr' id='par_1_31' title="bbox 352 2860 561 2900">
     <span class='ocr_line' id='line_1_31' title="bbox 352 2860 561 2900; baseline -0.019 0"><span class='ocrx_word' id='word_1_192' title='bbox 352 2860 561 2900; x_wconf 86' lang='lat' dir='ltr'><strong>rerum.</strong></span> 
     </span>
    </p>
   </div>
   <div class='ocr_carea' id='block_1_32' title="bbox 425 2933 1946 3015">
    <p class='ocr_par' dir='ltr' id='par_1_32' title="bbox 425 2933 1946 3015">
     <span class='ocr_line' id='line_1_32' title="bbox 425 2933 1946 3015; baseline 0.003 -22"><span class='ocrx_word' id='word_1_193' title='bbox 425 2935 559 2993; x_wconf 67' lang='grc'><strong>554.</strong></span> <span class='ocrx_word' id='word_1_194' title='bbox 605 2933 749 2991; x_wconf 86' lang='lat' dir='ltr'><strong>Inter</strong></span> <span class='ocrx_word' id='word_1_195' title='bbox 796 2935 1074 2991; x_wconf 84' lang='lat' dir='ltr'><strong>Timentem</strong></span> <span class='ocrx_word' id='word_1_196' title='bbox 1102 2945 1155 2994; x_wconf 91' lang='lat' dir='ltr'><strong>et</strong></span> <span class='ocrx_word' id='word_1_197' title='bbox 1183 2938 1436 2993; x_wconf 79' lang='lat' dir='ltr'><strong>timidum.</strong></span> <span class='ocrx_word' id='word_1_198' title='bbox 1467 2940 1708 2996; x_wconf 76' lang='lat' dir='ltr'><strong>Timidus</strong></span> <span class='ocrx_word' id='word_1_199' title='bbox 1735 2952 1816 2997; x_wconf 90' lang='lat' dir='ltr'><strong>est</strong></span> <span class='ocrx_word' id='word_1_200' title='bbox 1855 2944 1946 3015; x_wconf 82' lang='lat' dir='ltr'><strong>qui</strong></span> 
     </span>
    </p>
   </div>
   <div class='ocr_carea' id='block_1_33' title="bbox 349 3030 1943 3103">
    <p class='ocr_par' dir='ltr' id='par_1_33' title="bbox 349 3030 1943 3103">
     <span class='ocr_line' id='line_1_33' title="bbox 349 3030 1943 3103; baseline 0.005 -19"><span class='ocrx_word' id='word_1_201' title='bbox 349 3045 573 3099; x_wconf 78' lang='lat' dir='ltr'><strong>semper</strong></span> <span class='ocrx_word' id='word_1_202' title='bbox 598 3031 770 3093; x_wconf 80' lang='lat' dir='ltr'><strong>timet,</strong></span> <span class='ocrx_word' id='word_1_203' title='bbox 797 3030 994 3086; x_wconf 89' lang='lat' dir='ltr'><strong>timens</strong></span> <span class='ocrx_word' id='word_1_204' title='bbox 1020 3033 1254 3102; x_wconf 87' lang='lat' dir='ltr'><strong>veroqni</strong></span> <span class='ocrx_word' id='word_1_205' title='bbox 1282 3034 1345 3086; x_wconf 88' lang='lat' dir='ltr'><strong>ad</strong></span> <span class='ocrx_word' id='word_1_206' title='bbox 1370 3042 1581 3103; x_wconf 88' lang='lat' dir='ltr'><strong>tempus</strong></span> <span class='ocrx_word' id='word_1_207' title='bbox 1608 3036 1855 3092; x_wconf 84' lang='lat' dir='ltr'><strong>formidat</strong></span> <span class='ocrx_word' id='word_1_208' title='bbox 1878 3055 1943 3094; x_wconf 79' lang='lat' dir='ltr'><strong>ex</strong></span> 
     </span>
    </p>
   </div>
   <div class='ocr_carea' id='block_1_34' title="bbox 2063 466 3557 549">
    <p class='ocr_par' dir='ltr' id='par_1_34' title="bbox 2063 466 3557 549">
     <span class='ocr_line' id='line_1_34' title="bbox 2063 466 3557 549; baseline 0.015 -31"><span class='ocrx_word' id='word_1_209' title='bbox 2063 466 2282 521; x_wconf 80' lang='lat' dir='ltr'><strong>abstulit</strong></span> <span class='ocrx_word' id='word_1_210' title='bbox 2313 470 2402 536; x_wconf 92' lang='lat' dir='ltr'><strong>qni</strong></span> <span class='ocrx_word' id='word_1_211' title='bbox 2426 471 2493 523; x_wconf 89' lang='lat' dir='ltr'><strong>ab</strong></span> <span class='ocrx_word' id='word_1_212' title='bbox 2519 471 2626 525; x_wconf 91' lang='lat' dir='ltr'><strong>alio</strong></span> <span class='ocrx_word' id='word_1_213' title='bbox 2652 474 2792 540; x_wconf 93' lang='lat' dir='ltr'><strong>tulit,</strong></span> <span class='ocrx_word' id='word_1_214' title='bbox 2822 478 3039 530; x_wconf 81' lang='lat' dir='ltr'><strong>sustulit</strong></span> <span class='ocrx_word' id='word_1_215' title='bbox 3058 480 3148 549; x_wconf 88' lang='lat' dir='ltr'><strong>qui</strong></span> <span class='ocrx_word' id='word_1_216' title='bbox 3171 496 3384 537; x_wconf 89' lang='lat' dir='ltr'><strong>sursum</strong></span> <span class='ocrx_word' id='word_1_217' title='bbox 3419 487 3557 540; x_wconf 86' lang='lat' dir='ltr'><strong>tulit.</strong></span> 
     </span>
    </p>
   </div>
   <div class='ocr_carea' id='block_1_35' title="bbox 2131 557 3654 648">
    <p class='ocr_par' dir='ltr' id='par_1_35' title="bbox 2131 557 3654 648">
     <span class='ocr_line' id='line_1_35' title="bbox 2131 557 3654 648; baseline 0.016 -37"><span class='ocrx_word' id='word_1_218' title='bbox 2131 557 2256 612; x_wconf 85' lang='grc'><strong>560.</strong></span> <span class='ocrx_word' id='word_1_219' title='bbox 2301 559 2440 613; x_wconf 83' lang='lat' dir='ltr'><strong>Inter</strong></span> <span class='ocrx_word' id='word_1_220' title='bbox 2479 560 2756 616; x_wconf 82' lang='lat' dir='ltr'><strong>Tumidum</strong></span> <span class='ocrx_word' id='word_1_221' title='bbox 2793 574 2848 620; x_wconf 88' lang='lat' dir='ltr'><strong>et</strong></span> <span class='ocrx_word' id='word_1_222' title='bbox 2894 570 3174 640; x_wconf 84' lang='lat' dir='ltr'><strong>turgidum.</strong></span> <span class='ocrx_word' id='word_1_223' title='bbox 3220 572 3415 629; x_wconf 79' lang='lat' dir='ltr'><strong>&#39;I‘uuiet</strong></span> <span class='ocrx_word' id='word_1_224' title='bbox 3456 591 3654 648; x_wconf 87' lang='lat' dir='ltr'><strong>corpus</strong></span> 
     </span>
    </p>
   </div>
   <div class='ocr_carea' id='block_1_36' title="bbox 2062 647 2779 719">
    <p class='ocr_par' dir='ltr' id='par_1_36' title="bbox 2062 647 2779 719">
     <span class='ocr_line' id='line_1_36' title="bbox 2062 647 2779 719; baseline 0.013 -20"><span class='ocrx_word' id='word_1_225' title='bbox 2062 647 2269 716; x_wconf 57' lang='grc' dir='ltr'><strong>πει-οιί.</strong></span> <span class='ocrx_word' id='word_1_226' title='bbox 2302 648 2502 719; x_wconf 85' lang='lat' dir='ltr'><strong>Turget</strong></span> <span class='ocrx_word' id='word_1_227' title='bbox 2529 653 2779 707; x_wconf 75' lang='lat' dir='ltr'><strong>cadaver.</strong></span> 
     </span>
    </p>
   </div>
   <div class='ocr_carea' id='block_1_37' title="bbox 2133 736 3650 816">
    <p class='ocr_par' dir='ltr' id='par_1_37' title="bbox 2133 736 3650 816">
     <span class='ocr_line' id='line_1_37' title="bbox 2133 736 3650 816; baseline 0.018 -28"><span class='ocrx_word' id='word_1_228' title='bbox 2133 737 2237 807; x_wconf 77' lang='lat'><strong>71</strong></span> <span class='ocrx_word' id='word_1_229' title='bbox 2294 736 2421 794; x_wconf 86' lang='grc'><strong>561.</strong></span> <span class='ocrx_word' id='word_1_230' title='bbox 2487 741 2631 796; x_wconf 88' lang='lat' dir='ltr'><strong>Inter</strong></span> <span class='ocrx_word' id='word_1_231' title='bbox 2677 743 2902 813; x_wconf 77' lang='lat' dir='ltr'><strong>Testor,</strong></span> <span class='ocrx_word' id='word_1_232' title='bbox 2955 760 3239 816; x_wconf 84' lang='lat' dir='ltr'><strong>contestor,</strong></span> <span class='ocrx_word' id='word_1_233' title='bbox 3300 764 3355 809; x_wconf 90' lang='lat' dir='ltr'><strong>et</strong></span> <span class='ocrx_word' id='word_1_234' title='bbox 3407 757 3650 816; x_wconf 70' lang='lat' dir='ltr'><strong>obtestor.</strong></span> 
     </span>
    </p>
   </div>
   <div class='ocr_carea' id='block_1_38' title="bbox 2063 828 3651 914">
    <p class='ocr_par' dir='ltr' id='par_1_38' title="bbox 2063 828 3651 914">
     <span class='ocr_line' id='line_1_38' title="bbox 2063 828 3651 914; baseline 0.016 -32"><span class='ocrx_word' id='word_1_235' title='bbox 2063 828 2255 884; x_wconf 85' lang='lat' dir='ltr'><strong>Testor</strong></span> <span class='ocrx_word' id='word_1_236' title='bbox 2311 847 2682 901; x_wconf 65' lang='lat' dir='ltr'><strong>smpenumero</strong></span> <span class='ocrx_word' id='word_1_237' title='bbox 2744 838 2810 890; x_wconf 89' lang='lat' dir='ltr'><strong>ad</strong></span> <span class='ocrx_word' id='word_1_238' title='bbox 2870 840 3243 909; x_wconf 65' lang='lat' dir='ltr'><strong>jusjurandum</strong></span> <span class='ocrx_word' id='word_1_239' title='bbox 3288 852 3545 914; x_wconf 86' lang='lat' dir='ltr'><strong>pertinet,</strong></span> <span class='ocrx_word' id='word_1_240' title='bbox 3593 865 3651 906; x_wconf 90' lang='lat' dir='ltr'><strong>ut</strong></span> 
     </span>
    </p>
   </div>
   <div class='ocr_carea' id='block_1_39' title="bbox 2068 921 3653 1011">
    <p class='ocr_par' dir='ltr' id='par_1_39' title="bbox 2068 921 3653 1011">
     <span class='ocr_line' id='line_1_39' title="bbox 2068 921 3653 1011; baseline 0.015 -38"><span class='ocrx_word' id='word_1_241' title='bbox 2068 921 2337 991; x_wconf 84' lang='lat' dir='ltr'><strong>Virgilius,</strong></span> <span class='ocrx_word' id='word_1_242' title='bbox 2368 940 2458 994; x_wconf 85' lang='lat' dir='ltr'><strong>per</strong></span> <span class='ocrx_word' id='word_1_243' title='bbox 2487 926 2658 980; x_wconf 79' lang='lat' dir='ltr'><strong>sidera</strong></span> <span class='ocrx_word' id='word_1_244' title='bbox 2689 937 2883 993; x_wconf 84' lang='lat' dir='ltr'><strong>testor;</strong></span> <span class='ocrx_word' id='word_1_245' title='bbox 2911 944 3186 988; x_wconf 89' lang='lat' dir='ltr'><strong>contestor</strong></span> <span class='ocrx_word' id='word_1_246' title='bbox 3214 946 3391 991; x_wconf 86' lang='lat' dir='ltr'><strong>autem</strong></span> <span class='ocrx_word' id='word_1_247' title='bbox 3425 940 3489 993; x_wconf 76' lang='lat' dir='ltr'><strong>ad</strong></span> <span class='ocrx_word' id='word_1_248' title='bbox 3510 940 3653 1011; x_wconf 84' lang='lat' dir='ltr'><strong>judi-</strong></span> 
     </span>
    </p>
   </div>
   <div class='ocr_carea' id='block_1_40' title="bbox 2066 1015 2913 1079">
    <p class='ocr_par' dir='ltr' id='par_1_40' title="bbox 2066 1015 2913 1079">
     <span class='ocr_line' id='line_1_40' title="bbox 2066 1015 2913 1079; baseline 0.007 -12"><span class='ocrx_word' id='word_1_249' title='bbox 2066 1027 2181 1079; x_wconf 88' lang='lat' dir='ltr'><strong>ces,</strong></span> <span class='ocrx_word' id='word_1_250' title='bbox 2206 1015 2449 1069; x_wconf 84' lang='lat' dir='ltr'><strong>obtestor</strong></span> <span class='ocrx_word' id='word_1_251' title='bbox 2468 1018 2532 1070; x_wconf 89' lang='lat' dir='ltr'><strong>ad</strong></span> <span class='ocrx_word' id='word_1_252' title='bbox 2556 1019 2913 1073; x_wconf 76' lang='lat' dir='ltr'><strong>adversarios.</strong></span> 
     </span>
    </p>
   </div>
   <div class='ocr_carea' id='block_1_41' title="bbox 2134 1104 3649 1188">
    <p class='ocr_par' dir='ltr' id='par_1_41' title="bbox 2134 1104 3649 1188">
     <span class='ocr_line' id='line_1_41' title="bbox 2134 1104 3649 1188; baseline 0.013 -31"><span class='ocrx_word' id='word_1_253' title='bbox 2134 1104 2259 1159; x_wconf 67' lang='lat'><strong>562.</strong></span> <span class='ocrx_word' id='word_1_254' title='bbox 2294 1106 2435 1161; x_wconf 86' lang='lat' dir='ltr'><strong>Inter</strong></span> <span class='ocrx_word' id='word_1_255' title='bbox 2476 1107 2645 1179; x_wconf 81' lang='lat' dir='ltr'><strong>Terga</strong></span> <span class='ocrx_word' id='word_1_256' title='bbox 2691 1120 2743 1164; x_wconf 92' lang='lat' dir='ltr'><strong>et</strong></span> <span class='ocrx_word' id='word_1_257' title='bbox 2791 1120 3013 1181; x_wconf 87' lang='lat' dir='ltr'><strong>tergora.</strong></span> <span class='ocrx_word' id='word_1_258' title='bbox 3043 1113 3215 1184; x_wconf 79' lang='lat' dir='ltr'><strong>Terga</strong></span> <span class='ocrx_word' id='word_1_259' title='bbox 3244 1127 3369 1173; x_wconf 90' lang='lat' dir='ltr'><strong>sunt</strong></span> <span class='ocrx_word' id='word_1_260' title='bbox 3396 1120 3649 1188; x_wconf 83' lang='lat' dir='ltr'><strong>hominis,</strong></span> 
     </span>
    </p>
   </div>
   <div class='ocr_carea' id='block_1_42' title="bbox 2060 1197 3648 1279">
    <p class='ocr_par' dir='ltr' id='par_1_42' title="bbox 2060 1197 3648 1279">
     <span class='ocr_line' id='line_1_42' title="bbox 2060 1197 3648 1279; baseline 0.011 -30"><span class='ocrx_word' id='word_1_261' title='bbox 2060 1197 2201 1265; x_wconf 89' lang='lat' dir='ltr'><strong>quod</strong></span> <span class='ocrx_word' id='word_1_262' title='bbox 2227 1197 2575 1267; x_wconf 84' lang='lat' dir='ltr'><strong>singulariter</strong></span> <span class='ocrx_word' id='word_1_263' title='bbox 2615 1210 2821 1269; x_wconf 80' lang='lat' dir='ltr'><strong>tergum</strong></span> <span class='ocrx_word' id='word_1_264' title='bbox 2855 1203 3008 1269; x_wconf 81' lang='lat' dir='ltr'><strong>facit;</strong></span> <span class='ocrx_word' id='word_1_265' title='bbox 3043 1214 3223 1275; x_wconf 82' lang='lat' dir='ltr'><strong>tergus</strong></span> <span class='ocrx_word' id='word_1_266' title='bbox 3249 1223 3378 1264; x_wconf 84' lang='lat' dir='ltr'><strong>vero</strong></span> <span class='ocrx_word' id='word_1_267' title='bbox 3408 1212 3648 1279; x_wconf 81' lang='lat' dir='ltr'><strong>quadru-</strong></span> 
     </span>
    </p>
   </div>
   <div class='ocr_carea' id='block_1_43' title="bbox 2061 1288 3587 1365">
    <p class='ocr_par' dir='ltr' id='par_1_43' title="bbox 2061 1288 3587 1365">
     <span class='ocr_line' id='line_1_43' title="bbox 2061 1288 3587 1365; baseline 0.011 -23"><span class='ocrx_word' id='word_1_268' title='bbox 2061 1288 2260 1359; x_wconf 87' lang='lat' dir='ltr'><strong>pedum</strong></span> <span class='ocrx_word' id='word_1_269' title='bbox 2284 1300 2388 1344; x_wconf 88' lang='lat' dir='ltr'><strong>est.</strong></span> <span class='ocrx_word' id='word_1_270' title='bbox 2424 1289 2577 1346; x_wconf 89' lang='lat' dir='ltr'><strong>Unde</strong></span> <span class='ocrx_word' id='word_1_271' title='bbox 2599 1294 2877 1361; x_wconf 85' lang='lat' dir='ltr'><strong>pluraliter</strong></span> <span class='ocrx_word' id='word_1_272' title='bbox 2907 1306 3114 1365; x_wconf 82' lang='lat' dir='ltr'><strong>tergora</strong></span> <span class='ocrx_word' id='word_1_273' title='bbox 3138 1299 3285 1354; x_wconf 88' lang='lat' dir='ltr'><strong>coria</strong></span> <span class='ocrx_word' id='word_1_274' title='bbox 3317 1303 3587 1359; x_wconf 85' lang='lat' dir='ltr'><strong>dicuntur.</strong></span> 
     </span>
    </p>
   </div>
   <div class='ocr_carea' id='block_1_44' title="bbox 2131 1380 3646 1451">
    <p class='ocr_par' dir='ltr' id='par_1_44' title="bbox 2131 1380 3646 1451">
     <span class='ocr_line' id='line_1_44' title="bbox 2131 1380 3646 1451; baseline 0.011 -16"><span class='ocrx_word' id='word_1_275' title='bbox 2131 1380 2257 1437; x_wconf 75' lang='lat'><strong>563.</strong></span> <span class='ocrx_word' id='word_1_276' title='bbox 2291 1382 2435 1436; x_wconf 69' lang='lat' dir='ltr'><strong>Inter</strong></span> <span class='ocrx_word' id='word_1_277' title='bbox 2459 1382 2757 1437; x_wconf 80' lang='lat' dir='ltr'><strong>Tumultum</strong></span> <span class='ocrx_word' id='word_1_278' title='bbox 2782 1397 2836 1440; x_wconf 88' lang='lat' dir='ltr'><strong>et</strong></span> <span class='ocrx_word' id='word_1_279' title='bbox 2867 1386 3079 1441; x_wconf 85' lang='lat' dir='ltr'><strong>bellum.</strong></span> <span class='ocrx_word' id='word_1_280' title='bbox 3114 1388 3319 1445; x_wconf 85' lang='lat' dir='ltr'><strong>Bellum</strong></span> <span class='ocrx_word' id='word_1_281' title='bbox 3356 1405 3438 1447; x_wconf 86' lang='lat' dir='ltr'><strong>est</strong></span> <span class='ocrx_word' id='word_1_282' title='bbox 3462 1408 3646 1451; x_wconf 79' lang='lat' dir='ltr'><strong>contra</strong></span> 
     </span>
    </p>
   </div>
   <div class='ocr_carea' id='block_1_45' title="bbox 2060 1470 3646 1552">
    <p class='ocr_par' dir='ltr' id='par_1_45' title="bbox 2060 1470 3646 1552">
     <span class='ocr_line' id='line_1_45' title="bbox 2060 1470 3646 1552; baseline 0.011 -29"><span class='ocrx_word' id='word_1_283' title='bbox 2060 1470 2240 1526; x_wconf 83' lang='lat' dir='ltr'><strong>hostes</strong></span> <span class='ocrx_word' id='word_1_284' title='bbox 2286 1482 2565 1539; x_wconf 78' lang='lat' dir='ltr'><strong>exortum,</strong></span> <span class='ocrx_word' id='word_1_285' title='bbox 2599 1476 2857 1530; x_wconf 86' lang='lat' dir='ltr'><strong>tumultus</strong></span> <span class='ocrx_word' id='word_1_286' title='bbox 2899 1492 3027 1531; x_wconf 90' lang='lat' dir='ltr'><strong>vero</strong></span> <span class='ocrx_word' id='word_1_287' title='bbox 3057 1477 3351 1535; x_wconf 81' lang='lat' dir='ltr'><strong>domestica</strong></span> <span class='ocrx_word' id='word_1_288' title='bbox 3398 1487 3646 1552; x_wconf 84' lang='lat' dir='ltr'><strong>appella-</strong></span> 
     </span>
    </p>
   </div>
   <div class='ocr_carea' id='block_1_46' title="bbox 2061 1560 3649 1636">
    <p class='ocr_par' dir='ltr' id='par_1_46' title="bbox 2061 1560 3649 1636">
     <span class='ocr_line' id='line_1_46' title="bbox 2061 1560 3649 1636; baseline 0.008 -23"><span class='ocrx_word' id='word_1_289' title='bbox 2061 1560 2207 1614; x_wconf 91' lang='lat' dir='ltr'><strong>tione</strong></span> <span class='ocrx_word' id='word_1_290' title='bbox 2227 1561 2551 1616; x_wconf 89' lang='lat' dir='ltr'><strong>concitatns.</strong></span> <span class='ocrx_word' id='word_1_291' title='bbox 2580 1562 2674 1616; x_wconf 93' lang='lat' dir='ltr'><strong>llic</strong></span> <span class='ocrx_word' id='word_1_292' title='bbox 2715 1573 2768 1616; x_wconf 93' lang='lat' dir='ltr'><strong>et</strong></span> <span class='ocrx_word' id='word_1_293' title='bbox 2791 1564 2984 1619; x_wconf 84' lang='lat' dir='ltr'><strong>seditio</strong></span> <span class='ocrx_word' id='word_1_294' title='bbox 3016 1578 3371 1636; x_wconf 81' lang='lat' dir='ltr'><strong>nuncupatur.</strong></span> <span class='ocrx_word' id='word_1_295' title='bbox 3400 1570 3531 1624; x_wconf 84' lang='lat' dir='ltr'><strong>Nam</strong></span> <span class='ocrx_word' id='word_1_296' title='bbox 3562 1588 3649 1626; x_wconf 86' lang='lat' dir='ltr'><strong>se-</strong></span> 
     </span>
    </p>
   </div>
   <div class='ocr_carea' id='block_1_47' title="bbox 2058 1649 3645 1727">
    <p class='ocr_par' dir='ltr' id='par_1_47' title="bbox 2058 1649 3645 1727">
     <span class='ocr_line' id='line_1_47' title="bbox 2058 1649 3645 1727; baseline 0.008 -24"><span class='ocrx_word' id='word_1_297' title='bbox 2058 1649 2192 1704; x_wconf 88' lang='lat' dir='ltr'><strong>ditio</strong></span> <span class='ocrx_word' id='word_1_298' title='bbox 2213 1661 2295 1705; x_wconf 75' lang='grc' dir='ltr'><strong>εει</strong></span> <span class='ocrx_word' id='word_1_299' title='bbox 2314 1651 2571 1706; x_wconf 85' lang='lat' dir='ltr'><strong>discessio</strong></span> <span class='ocrx_word' id='word_1_300' title='bbox 2595 1651 2615 1723; x_wconf 62' lang='grc' dir='ltr'><strong>ι</strong></span> <span class='ocrx_word' id='word_1_301' title='bbox 2635 1651 2746 1717; x_wconf 84' lang='grc' dir='ltr'>Αι..</span> <span class='ocrx_word' id='word_1_302' title='bbox 2763 1653 3066 1727; x_wconf 75' lang='lat' dir='ltr'><strong>dissensio]</strong></span> <span class='ocrx_word' id='word_1_303' title='bbox 3091 1657 3308 1712; x_wconf 82' lang='lat' dir='ltr'><strong>civium.</strong></span> <span class='ocrx_word' id='word_1_304' title='bbox 3326 1659 3478 1726; x_wconf 85' lang='lat' dir='ltr'><strong>Quod</strong></span> <span class='ocrx_word' id='word_1_305' title='bbox 3501 1663 3645 1717; x_wconf 77' lang='lat' dir='ltr'><strong>enim</strong></span> 
     </span>
    </p>
   </div>
   <div class='ocr_carea' id='block_1_48' title="bbox 1992 1743 3648 1822">
    <p class='ocr_par' dir='ltr' id='par_1_48' title="bbox 1992 1743 3648 1822">
     <span class='ocr_line' id='line_1_48' title="bbox 1992 1743 3648 1822; baseline 0.009 -28"><span class='ocrx_word' id='word_1_306' title='bbox 1992 1752 2037 1810; x_wconf 80' lang='grc' dir='ltr'><strong>Β</strong></span> <span class='ocrx_word' id='word_1_307' title='bbox 2063 1755 2305 1797; x_wconf 87' lang='lat' dir='ltr'><strong>seorsum</strong></span> <span class='ocrx_word' id='word_1_308' title='bbox 2328 1743 2414 1797; x_wconf 88' lang='lat' dir='ltr'><strong>alii</strong></span> <span class='ocrx_word' id='word_1_309' title='bbox 2448 1744 2513 1797; x_wconf 88' lang='lat' dir='ltr'><strong>ad</strong></span> <span class='ocrx_word' id='word_1_310' title='bbox 2538 1745 2671 1799; x_wconf 91' lang='lat' dir='ltr'><strong>alios</strong></span> <span class='ocrx_word' id='word_1_311' title='bbox 2688 1756 2838 1811; x_wconf 89' lang='lat' dir='ltr'><strong>eunt,</strong></span> <span class='ocrx_word' id='word_1_312' title='bbox 2865 1747 3057 1801; x_wconf 82' lang='lat' dir='ltr'><strong>seditio</strong></span> <span class='ocrx_word' id='word_1_313' title='bbox 3082 1750 3297 1804; x_wconf 86' lang='lat' dir='ltr'><strong>dicitur.</strong></span> <span class='ocrx_word' id='word_1_314' title='bbox 3325 1753 3427 1807; x_wconf 91' lang='lat' dir='ltr'><strong>Alii</strong></span> <span class='ocrx_word' id='word_1_315' title='bbox 3460 1763 3648 1822; x_wconf 88' lang='lat' dir='ltr'><strong>putant</strong></span> 
     </span>
    </p>
   </div>
   <div class='ocr_carea' id='block_1_49' title="bbox 2063 1836 3645 1904">
    <p class='ocr_par' dir='ltr' id='par_1_49' title="bbox 2063 1836 3645 1904">
     <span class='ocr_line' id='line_1_49' title="bbox 2063 1836 3645 1904; baseline 0.01 -16"><span class='ocrx_word' id='word_1_316' title='bbox 2063 1844 2281 1902; x_wconf 87' lang='lat' dir='ltr'><strong>pr0pter</strong></span> <span class='ocrx_word' id='word_1_317' title='bbox 2325 1836 2716 1891; x_wconf 89' lang='lat' dir='ltr'><strong>dissensionem</strong></span> <span class='ocrx_word' id='word_1_318' title='bbox 2760 1840 3061 1893; x_wconf 77' lang='lat' dir='ltr'><strong>animorum</strong></span> <span class='ocrx_word' id='word_1_319' title='bbox 3105 1843 3426 1900; x_wconf 89' lang='lat' dir='ltr'><strong>seditionem</strong></span> <span class='ocrx_word' id='word_1_320' title='bbox 3468 1852 3645 1904; x_wconf 88' lang='lat' dir='ltr'><strong>vocari</strong></span> 
     </span>
    </p>
   </div>
   <div class='ocr_carea' id='block_1_50' title="bbox 2059 1922 3482 1999">
    <p class='ocr_par' dir='ltr' id='par_1_50' title="bbox 2059 1922 3482 1999">
     <span class='ocr_line' id='line_1_50' title="bbox 2059 1922 3482 1999; baseline 0.01 -22"><span class='ocrx_word' id='word_1_321' title='bbox 2059 1922 2075 1995; x_wconf 66' lang='grc' dir='ltr'>ί</span> <span class='ocrx_word' id='word_1_322' title='bbox 2108 1927 2219 1990; x_wconf 76' lang='grc' dir='ltr'><strong>ΑΙ..</strong></span> <span class='ocrx_word' id='word_1_323' title='bbox 2250 1927 2555 1999; x_wconf 83' lang='lat' dir='ltr'><strong>vocatam],</strong></span> <span class='ocrx_word' id='word_1_324' title='bbox 2587 1946 2743 1996; x_wconf 86' lang='lat' dir='ltr'><strong>quam</strong></span> <span class='ocrx_word' id='word_1_325' title='bbox 2776 1931 2946 1985; x_wconf 68' lang='lat' dir='ltr'><strong>Graeci</strong></span> <span class='ocrx_word' id='word_1_326' title='bbox 2979 1933 3233 1988; x_wconf 62' lang='lat' dir='ltr'><strong>diastasin</strong></span> <span class='ocrx_word' id='word_1_327' title='bbox 3268 1950 3482 1992; x_wconf 84' lang='lat' dir='ltr'><strong>vocant.</strong></span> 
     </span>
    </p>
   </div>
   <div class='ocr_carea' id='block_1_51' title="bbox 2128 2016 3646 2089">
    <p class='ocr_par' dir='ltr' id='par_1_51' title="bbox 2128 2016 3646 2089">
     <span class='ocr_line' id='line_1_51' title="bbox 2128 2016 3646 2089; baseline 0.01 -17"><span class='ocrx_word' id='word_1_328' title='bbox 2128 2016 2256 2072; x_wconf 75' lang='grc'><strong>564.</strong></span> <span class='ocrx_word' id='word_1_329' title='bbox 2291 2020 2432 2073; x_wconf 88' lang='lat' dir='ltr'><strong>Inter</strong></span> <span class='ocrx_word' id='word_1_330' title='bbox 2464 2019 2746 2074; x_wconf 86' lang='lat' dir='ltr'><strong>Turbidum</strong></span> <span class='ocrx_word' id='word_1_331' title='bbox 2769 2031 2822 2076; x_wconf 91' lang='lat' dir='ltr'><strong>ct</strong></span> <span class='ocrx_word' id='word_1_332' title='bbox 2853 2023 3221 2079; x_wconf 87' lang='lat' dir='ltr'><strong>turbulentum.</strong></span> <span class='ocrx_word' id='word_1_333' title='bbox 3255 2028 3296 2081; x_wconf 89' lang='grc' dir='ltr'>Τ</span> <span class='ocrx_word' id='word_1_334' title='bbox 3302 2031 3547 2084; x_wconf 88' lang='lat' dir='ltr'><strong>urbidutu</strong></span> <span class='ocrx_word' id='word_1_335' title='bbox 3578 2034 3646 2089; x_wconf 89' lang='lat' dir='ltr'><strong>de</strong></span> 
     </span>
    </p>
   </div>
   <div class='ocr_carea' id='block_1_52' title="bbox 2059 2109 2877 2173">
    <p class='ocr_par' dir='ltr' id='par_1_52' title="bbox 2059 2109 2877 2173">
     <span class='ocr_line' id='line_1_52' title="bbox 2059 2109 2877 2173; baseline 0.005 -12"><span class='ocrx_word' id='word_1_336' title='bbox 2059 2117 2246 2162; x_wconf 86' lang='lat' dir='ltr'><strong>natura</strong></span> <span class='ocrx_word' id='word_1_337' title='bbox 2275 2117 2380 2173; x_wconf 90' lang='lat' dir='ltr'><strong>est,</strong></span> <span class='ocrx_word' id='word_1_338' title='bbox 2410 2109 2775 2165; x_wconf 84' lang='lat' dir='ltr'><strong>turbulentum</strong></span> <span class='ocrx_word' id='word_1_339' title='bbox 2799 2111 2877 2165; x_wconf 85' lang='lat' dir='ltr'><strong>fit.</strong></span> 
     </span>
    </p>
   </div>
   <div class='ocr_carea' id='block_1_53' title="bbox 2126 2197 3641 2270">
    <p class='ocr_par' dir='ltr' id='par_1_53' title="bbox 2126 2197 3641 2270">
     <span class='ocr_line' id='line_1_53' title="bbox 2126 2197 3641 2270; baseline 0.009 -18"><span class='ocrx_word' id='word_1_340' title='bbox 2126 2197 2253 2252; x_wconf 87' lang='grc'><strong>565.</strong></span> <span class='ocrx_word' id='word_1_341' title='bbox 2286 2199 2428 2254; x_wconf 86' lang='lat' dir='ltr'><strong>Inter</strong></span> <span class='ocrx_word' id='word_1_342' title='bbox 2452 2200 2756 2267; x_wconf 76' lang='lat' dir='ltr'><strong>Terrenum,</strong></span> <span class='ocrx_word' id='word_1_343' title='bbox 2786 2212 3038 2270; x_wconf 79' lang='lat' dir='ltr'><strong>terrestre,</strong></span> <span class='ocrx_word' id='word_1_344' title='bbox 3064 2214 3119 2259; x_wconf 89' lang='lat' dir='ltr'><strong>et</strong></span> <span class='ocrx_word' id='word_1_345' title='bbox 3142 2214 3417 2262; x_wconf 83' lang='lat' dir='ltr'><strong>terrosum.</strong></span> <span class='ocrx_word' id='word_1_346' title='bbox 3446 2209 3641 2265; x_wconf 85' lang='lat' dir='ltr'><strong>Terre-</strong></span> 
     </span>
    </p>
   </div>
   <div class='ocr_carea' id='block_1_54' title="bbox 2057 2292 3637 2366">
    <p class='ocr_par' dir='ltr' id='par_1_54' title="bbox 2057 2292 3637 2366">
     <span class='ocr_line' id='line_1_54' title="bbox 2057 2292 3637 2366; baseline 0.009 -22"><span class='ocrx_word' id='word_1_347' title='bbox 2057 2306 2182 2345; x_wconf 89' lang='lat' dir='ltr'><strong>num</strong></span> <span class='ocrx_word' id='word_1_348' title='bbox 2199 2306 2335 2361; x_wconf 84' lang='lat' dir='ltr'><strong>opus</strong></span> <span class='ocrx_word' id='word_1_349' title='bbox 2351 2292 2597 2360; x_wconf 87' lang='lat' dir='ltr'><strong>dicimus,</strong></span> <span class='ocrx_word' id='word_1_350' title='bbox 2617 2303 2889 2360; x_wconf 87' lang='lat' dir='ltr'><strong>terrestre,</strong></span> <span class='ocrx_word' id='word_1_351' title='bbox 2916 2305 2974 2348; x_wconf 92' lang='lat' dir='ltr'><strong>ut</strong></span> <span class='ocrx_word' id='word_1_352' title='bbox 2997 2298 3347 2366; x_wconf 87' lang='lat' dir='ltr'><strong>maritimum,</strong></span> <span class='ocrx_word' id='word_1_353' title='bbox 3374 2311 3637 2358; x_wconf 87' lang='lat' dir='ltr'><strong>terrosum</strong></span> 
     </span>
    </p>
   </div>
   <div class='ocr_carea' id='block_1_55' title="bbox 2058 2385 2996 2455">
    <p class='ocr_par' dir='ltr' id='par_1_55' title="bbox 2058 2385 2996 2455">
     <span class='ocr_line' id='line_1_55' title="bbox 2058 2385 2996 2455; baseline 0.005 -19"><span class='ocrx_word' id='word_1_354' title='bbox 2058 2399 2183 2439; x_wconf 84' lang='lat' dir='ltr'><strong>vero</strong></span> <span class='ocrx_word' id='word_1_355' title='bbox 2214 2385 2469 2440; x_wconf 81' lang='lat' dir='ltr'><strong>frumenti</strong></span> <span class='ocrx_word' id='word_1_356' title='bbox 2491 2401 2657 2455; x_wconf 87' lang='lat' dir='ltr'><strong>genus</strong></span> <span class='ocrx_word' id='word_1_357' title='bbox 2679 2401 2996 2442; x_wconf 89' lang='lat' dir='ltr'><strong>arenosum.-</strong></span> 
     </span>
    </p>
   </div>
   <div class='ocr_carea' id='block_1_56' title="bbox 2124 2477 3642 2554">
    <p class='ocr_par' dir='ltr' id='par_1_56' title="bbox 2124 2477 3642 2554">
     <span class='ocr_line' id='line_1_56' title="bbox 2124 2477 3642 2554; baseline 0.007 -24"><span class='ocrx_word' id='word_1_358' title='bbox 2124 2478 2251 2531; x_wconf 84' lang='lat'><strong>566.</strong></span> <span class='ocrx_word' id='word_1_359' title='bbox 2287 2477 2429 2531; x_wconf 90' lang='lat' dir='ltr'><strong>Inter</strong></span> <span class='ocrx_word' id='word_1_360' title='bbox 2459 2478 2600 2531; x_wconf 86' lang='lat' dir='ltr'><strong>Tuus</strong></span> <span class='ocrx_word' id='word_1_361' title='bbox 2630 2487 2685 2533; x_wconf 89' lang='lat' dir='ltr'><strong>et</strong></span> <span class='ocrx_word' id='word_1_362' title='bbox 2720 2487 2822 2533; x_wconf 86' lang='lat' dir='ltr'><strong>tus.</strong></span> <span class='ocrx_word' id='word_1_363' title='bbox 2873 2479 3019 2534; x_wconf 85' lang='lat' dir='ltr'><strong>Tuus</strong></span> <span class='ocrx_word' id='word_1_364' title='bbox 3062 2495 3355 2549; x_wconf 72' lang='lat' dir='ltr'><strong>proiiomcn</strong></span> <span class='ocrx_word' id='word_1_365' title='bbox 3402 2495 3506 2554; x_wconf 74' lang='lat' dir='ltr'><strong>est,</strong></span> <span class='ocrx_word' id='word_1_366' title='bbox 3558 2498 3642 2542; x_wconf 92' lang='lat' dir='ltr'><strong>tus</strong></span> 
     </span>
    </p>
   </div>
   <div class='ocr_carea' id='block_1_57' title="bbox 2054 2570 2562 2637">
    <p class='ocr_par' dir='ltr' id='par_1_57' title="bbox 2054 2570 2562 2637">
     <span class='ocr_line' id='line_1_57' title="bbox 2054 2570 2562 2637; baseline 0.004 -17"><span class='ocrx_word' id='word_1_367' title='bbox 2054 2582 2183 2622; x_wconf 87' lang='lat' dir='ltr'><strong>vero</strong></span> <span class='ocrx_word' id='word_1_368' title='bbox 2211 2570 2562 2637; x_wconf 82' lang='lat' dir='ltr'><strong>pigmentum.</strong></span> 
     </span>
    </p>
   </div>
   <div class='ocr_carea' id='block_1_58' title="bbox 2127 2658 3638 2731">
    <p class='ocr_par' dir='ltr' id='par_1_58' title="bbox 2127 2658 3638 2731">
     <span class='ocr_line' id='line_1_58' title="bbox 2127 2658 3638 2731; baseline 0.008 -19"><span class='ocrx_word' id='word_1_369' title='bbox 2127 2658 2265 2712; x_wconf 84' lang='lat' dir='ltr'><strong>Inter</strong></span> <span class='ocrx_word' id='word_1_370' title='bbox 2307 2658 2472 2711; x_wconf 84' lang='lat' dir='ltr'><strong>Tuum</strong></span> <span class='ocrx_word' id='word_1_371' title='bbox 2521 2672 2575 2712; x_wconf 90' lang='lat' dir='ltr'><strong>et</strong></span> <span class='ocrx_word' id='word_1_372' title='bbox 2632 2662 2761 2713; x_wconf 85' lang='lat' dir='ltr'><strong>tum.</strong></span> <span class='ocrx_word' id='word_1_373' title='bbox 2814 2660 2947 2715; x_wconf 89' lang='lat' dir='ltr'><strong>Tum</strong></span> <span class='ocrx_word' id='word_1_374' title='bbox 2997 2662 3307 2719; x_wconf 80' lang='lat' dir='ltr'><strong>adverbium</strong></span> <span class='ocrx_word' id='word_1_375' title='bbox 3355 2676 3457 2731; x_wconf 90' lang='lat' dir='ltr'><strong>est,</strong></span> <span class='ocrx_word' id='word_1_376' title='bbox 3492 2677 3638 2724; x_wconf 86' lang='lat' dir='ltr'><strong>tuum</strong></span> 
     </span>
    </p>
   </div>
   <div class='ocr_carea' id='block_1_59' title="bbox 2052 2766 2374 2820">
    <p class='ocr_par' dir='ltr' id='par_1_59' title="bbox 2052 2766 2374 2820">
     <span class='ocr_line' id='line_1_59' title="bbox 2052 2766 2374 2820; baseline 0 -16"><span class='ocrx_word' id='word_1_377' title='bbox 2052 2766 2374 2820; x_wconf 83' lang='lat' dir='ltr'><strong>pronomen.</strong></span> 
     </span>
    </p>
   </div>
   <div class='ocr_carea' id='block_1_60' title="bbox 2121 2838 3638 2914">
    <p class='ocr_par' dir='ltr' id='par_1_60' title="bbox 2121 2838 3638 2914">
     <span class='ocr_line' id='line_1_60' title="bbox 2121 2838 3638 2914; baseline 0.005 -18"><span class='ocrx_word' id='word_1_378' title='bbox 2121 2838 2249 2896; x_wconf 85' lang='lat'><strong>567.</strong></span> <span class='ocrx_word' id='word_1_379' title='bbox 2282 2842 2428 2895; x_wconf 85' lang='lat' dir='ltr'><strong>Inter</strong></span> <span class='ocrx_word' id='word_1_380' title='bbox 2459 2840 2709 2909; x_wconf 83' lang='lat' dir='ltr'><strong>Tempore</strong></span> <span class='ocrx_word' id='word_1_381' title='bbox 2737 2853 2789 2897; x_wconf 89' lang='lat' dir='ltr'><strong>et</strong></span> <span class='ocrx_word' id='word_1_382' title='bbox 2817 2846 3053 2914; x_wconf 80' lang='lat' dir='ltr'><strong>tempori.</strong></span> <span class='ocrx_word' id='word_1_383' title='bbox 3085 2846 3369 2914; x_wconf 83' lang='lat' dir='ltr'><strong>Tempore,</strong></span> <span class='ocrx_word' id='word_1_384' title='bbox 3404 2849 3638 2904; x_wconf 85' lang='lat' dir='ltr'><strong>ablativo</strong></span> 
     </span>
    </p>
   </div>
   <div class='ocr_carea' id='block_1_61' title="bbox 2051 2933 2918 3003">
    <p class='ocr_par' dir='ltr' id='par_1_61' title="bbox 2051 2933 2918 3003">
     <span class='ocr_line' id='line_1_61' title="bbox 2051 2933 2918 3003; baseline 0.002 -14"><span class='ocrx_word' id='word_1_385' title='bbox 2051 2949 2197 3000; x_wconf 80' lang='lat' dir='ltr'><strong>caSu,</strong></span> <span class='ocrx_word' id='word_1_386' title='bbox 2229 2934 2451 3003; x_wconf 89' lang='lat' dir='ltr'><strong>tempori</strong></span> <span class='ocrx_word' id='word_1_387' title='bbox 2480 2933 2787 2989; x_wconf 84' lang='lat' dir='ltr'><strong>adverbium</strong></span> <span class='ocrx_word' id='word_1_388' title='bbox 2816 2947 2918 2992; x_wconf 89' lang='lat' dir='ltr'><strong>est.</strong></span> 
     </span>
    </p>
   </div>
   <div class='ocr_carea' id='block_1_62' title="bbox 2122 3030 3640 3089">
    <p class='ocr_par' dir='ltr' id='par_1_62' title="bbox 2122 3030 3640 3089">
     <span class='ocr_line' id='line_1_62' title="bbox 2122 3030 3640 3089; baseline -0.001 0"><span class='ocrx_word' id='word_1_389' title='bbox 2122 3032 2248 3089; x_wconf 79' lang='lat'><strong>568.</strong></span> <span class='ocrx_word' id='word_1_390' title='bbox 2282 3033 2420 3086; x_wconf 91' lang='lat' dir='ltr'><strong>Inter</strong></span> <span class='ocrx_word' id='word_1_391' title='bbox 2445 3030 2746 3087; x_wconf 66' lang='lat' dir='ltr'><strong>Tristitiam.</strong></span> <span class='ocrx_word' id='word_1_392' title='bbox 2780 3041 2832 3084; x_wconf 89' lang='lat' dir='ltr'><strong>et</strong></span> <span class='ocrx_word' id='word_1_393' title='bbox 2862 3031 3168 3084; x_wconf 72' lang='lat' dir='ltr'><strong>mmsiitiam.</strong></span> <span class='ocrx_word' id='word_1_394' title='bbox 3196 3032 3441 3087; x_wconf 64' lang='lat' dir='ltr'><strong>ilmstitia</strong></span> <span class='ocrx_word' id='word_1_395' title='bbox 3461 3034 3640 3089; x_wconf 88' lang='lat' dir='ltr'><strong>cordis</strong></span> 
     </span>
    </p>
   </div>
   <div class='ocr_carea' id='block_1_63' title="bbox 349 3115 3633 3197">
    <p class='ocr_par' dir='ltr' id='par_1_63' title="bbox 349 3115 3633 3197">
     <span class='ocr_line' id='line_1_63' title="bbox 349 3115 3633 3197; baseline 0.001 -22"><span class='ocrx_word' id='word_1_396' title='bbox 349 3121 667 3175; x_wconf 82' lang='lat' dir='ltr'><strong>causa.&#39;l‘alt</strong></span> <span class='ocrx_word' id='word_1_397' title='bbox 694 3121 966 3176; x_wconf 90' lang='lat' dir='ltr'><strong>intellectu</strong></span> <span class='ocrx_word' id='word_1_398' title='bbox 988 3122 1620 3192; x_wconf 83' lang='lat' dir='ltr'><strong>distinguunturpavidus</strong></span> <span class='ocrx_word' id='word_1_399' title='bbox 1638 3136 1692 3181; x_wconf 90' lang='lat' dir='ltr'><strong>et</strong></span> <span class='ocrx_word' id='word_1_400' title='bbox 1716 3143 1941 3197; x_wconf 78' lang='lat' dir='ltr'><strong>pavens,</strong></span> <span class='ocrx_word' id='word_1_401' title='bbox 1973 3115 2019 3178; x_wconf 90' lang='lat' dir='ltr'><strong>C</strong></span> <span class='ocrx_word' id='word_1_402' title='bbox 2050 3133 2155 3190; x_wconf 86' lang='lat' dir='ltr'><strong>est,</strong></span> <span class='ocrx_word' id='word_1_403' title='bbox 2199 3124 2415 3178; x_wconf 89' lang='lat' dir='ltr'><strong>tristitia</strong></span> <span class='ocrx_word' id='word_1_404' title='bbox 2464 3123 2670 3177; x_wconf 89' lang='lat' dir='ltr'><strong>vultus.</strong></span> <span class='ocrx_word' id='word_1_405' title='bbox 2720 3121 2963 3175; x_wconf 75' lang='lat' dir='ltr'><strong>Mmsuuu</strong></span> <span class='ocrx_word' id='word_1_406' title='bbox 3010 3137 3137 3191; x_wconf 86' lang='lat' dir='ltr'><strong>ergo</strong></span> <span class='ocrx_word' id='word_1_407' title='bbox 3181 3122 3266 3177; x_wconf 85' lang='lat' dir='ltr'><strong>vel</strong></span> <span class='ocrx_word' id='word_1_408' title='bbox 3318 3137 3633 3179; x_wconf 62' lang='lat' dir='ltr'><strong>manentem</strong></span> 
     </span>
    </p>
   </div>
   <div class='ocr_carea' id='block_1_64' title="bbox 350 3212 1944 3285">
    <p class='ocr_par' dir='ltr' id='par_1_64' title="bbox 350 3212 1944 3285">
     <span class='ocr_line' id='line_1_64' title="bbox 350 3212 1944 3285; baseline 0.006 -20"><span class='ocrx_word' id='word_1_409' title='bbox 350 3215 611 3281; x_wconf 88' lang='lat' dir='ltr'><strong>providus</strong></span> <span class='ocrx_word' id='word_1_410' title='bbox 645 3222 697 3268; x_wconf 92' lang='lat' dir='ltr'><strong>et</strong></span> <span class='ocrx_word' id='word_1_411' title='bbox 743 3212 1046 3281; x_wconf 86' lang='lat' dir='ltr'><strong>providens,</strong></span> <span class='ocrx_word' id='word_1_412' title='bbox 1091 3215 1350 3282; x_wconf 89' lang='lat' dir='ltr'><strong>superbus</strong></span> <span class='ocrx_word' id='word_1_413' title='bbox 1371 3223 1423 3268; x_wconf 88' lang='lat' dir='ltr'><strong>et</strong></span> <span class='ocrx_word' id='word_1_414' title='bbox 1461 3215 1792 3285; x_wconf 86' lang='lat' dir='ltr'><strong>superbiens,</strong></span> <span class='ocrx_word' id='word_1_415' title='bbox 1832 3223 1944 3274; x_wconf 87' lang='lat' dir='ltr'><strong>lan-</strong></span> 
     </span>
    </p>
   </div>
   <div class='ocr_carea' id='block_1_65' title="bbox 345 3303 1941 3374">
    <p class='ocr_par' dir='ltr' id='par_1_65' title="bbox 345 3303 1941 3374">
     <span class='ocr_line' id='line_1_65' title="bbox 345 3303 1941 3374; baseline 0.007 -18"><span class='ocrx_word' id='word_1_416' title='bbox 345 3304 545 3373; x_wconf 81' lang='lat' dir='ltr'><strong>guidus</strong></span> <span class='ocrx_word' id='word_1_417' title='bbox 590 3314 644 3358; x_wconf 89' lang='lat' dir='ltr'><strong>et</strong></span> <span class='ocrx_word' id='word_1_418' title='bbox 680 3304 956 3373; x_wconf 88' lang='lat' dir='ltr'><strong>languens,</strong></span> <span class='ocrx_word' id='word_1_419' title='bbox 985 3303 1299 3360; x_wconf 88' lang='lat' dir='ltr'><strong>furibundus</strong></span> <span class='ocrx_word' id='word_1_420' title='bbox 1327 3316 1382 3361; x_wconf 89' lang='lat' dir='ltr'><strong>et</strong></span> <span class='ocrx_word' id='word_1_421' title='bbox 1412 3305 1618 3374; x_wconf 91' lang='lat' dir='ltr'><strong>furens,</strong></span> <span class='ocrx_word' id='word_1_422' title='bbox 1650 3320 1704 3365; x_wconf 87' lang='lat' dir='ltr'><strong>et</strong></span> <span class='ocrx_word' id='word_1_423' title='bbox 1745 3321 1941 3367; x_wconf 71' lang='lat' dir='ltr'><strong>ctetera</strong></span> 
     </span>
    </p>
   </div>
   <div class='ocr_carea' id='block_1_66' title="bbox 344 3394 568 3449">
    <p class='ocr_par' dir='ltr' id='par_1_66' title="bbox 344 3394 568 3449">
     <span class='ocr_line' id='line_1_66' title="bbox 344 3394 568 3449; baseline 0 0"><span class='ocrx_word' id='word_1_424' title='bbox 344 3394 568 3449; x_wconf 82' lang='lat' dir='ltr'><strong>similia.</strong></span> 
     </span>
    </p>
   </div>
   <div class='ocr_carea' id='block_1_67' title="bbox 421 3483 1942 3551">
    <p class='ocr_par' dir='ltr' id='par_1_67' title="bbox 421 3483 1942 3551">
     <span class='ocr_line' id='line_1_67' title="bbox 421 3483 1942 3551; baseline 0.008 -12"><span class='ocrx_word' id='word_1_425' title='bbox 421 3485 552 3540; x_wconf 80' lang='grc'><strong>555.</strong></span> <span class='ocrx_word' id='word_1_426' title='bbox 586 3485 726 3540; x_wconf 86' lang='lat' dir='ltr'><strong>Inter</strong></span> <span class='ocrx_word' id='word_1_427' title='bbox 750 3483 1049 3539; x_wconf 83' lang='lat' dir='ltr'><strong>Tremulum</strong></span> <span class='ocrx_word' id='word_1_428' title='bbox 1092 3495 1145 3541; x_wconf 91' lang='lat' dir='ltr'><strong>et</strong></span> <span class='ocrx_word' id='word_1_429' title='bbox 1185 3494 1502 3543; x_wconf 85' lang='lat' dir='ltr'><strong>trementem.</strong></span> <span class='ocrx_word' id='word_1_430' title='bbox 1545 3488 1831 3548; x_wconf 86' lang='lat' dir='ltr'><strong>Tremulus</strong></span> <span class='ocrx_word' id='word_1_431' title='bbox 1859 3504 1942 3551; x_wconf 90' lang='lat' dir='ltr'><strong>est</strong></span> 
     </span>
    </p>
   </div>
   <div class='ocr_carea' id='block_1_68' title="bbox 352 3588 1135 3648">
    <p class='ocr_par' dir='ltr' id='par_1_68' title="bbox 352 3588 1135 3648">
     <span class='ocr_line' id='line_1_68' title="bbox 352 3588 1135 3648; baseline -0.001 -16"><span class='ocrx_word' id='word_1_432' title='bbox 352 3591 573 3644; x_wconf 77' lang='lat' dir='ltr'><strong>natura,</strong></span> <span class='ocrx_word' id='word_1_433' title='bbox 608 3588 845 3634; x_wconf 89' lang='lat' dir='ltr'><strong>tremens</strong></span> <span class='ocrx_word' id='word_1_434' title='bbox 878 3588 1135 3648; x_wconf 89' lang='lat' dir='ltr'><strong>tempore.</strong></span> 
     </span>
    </p>
   </div>
   <div class='ocr_carea' id='block_1_69' title="bbox 418 3672 1941 3736">
    <p class='ocr_par' dir='ltr' id='par_1_69' title="bbox 418 3672 1941 3736">
     <span class='ocr_line' id='line_1_69' title="bbox 418 3672 1941 3736; baseline 0.007 -10"><span class='ocrx_word' id='word_1_435' title='bbox 418 3672 549 3726; x_wconf 67' lang='lat'><strong>52.6.</strong></span> <span class='ocrx_word' id='word_1_436' title='bbox 607 3672 747 3729; x_wconf 88' lang='lat' dir='ltr'><strong>Inter</strong></span> <span class='ocrx_word' id='word_1_437' title='bbox 803 3673 1155 3729; x_wconf 87' lang='lat' dir='ltr'><strong>Temeritatem</strong></span> <span class='ocrx_word' id='word_1_438' title='bbox 1193 3684 1251 3730; x_wconf 86' lang='lat' dir='ltr'><strong>et</strong></span> <span class='ocrx_word' id='word_1_439' title='bbox 1305 3677 1598 3732; x_wconf 83' lang='lat' dir='ltr'><strong>audaciam.</strong></span> <span class='ocrx_word' id='word_1_440' title='bbox 1644 3678 1941 3736; x_wconf 86' lang='lat' dir='ltr'><strong>Temeritas</strong></span> 
     </span>
    </p>
   </div>
   <div class='ocr_carea' id='block_1_70' title="bbox 346 3765 1739 3838">
    <p class='ocr_par' dir='ltr' id='par_1_70' title="bbox 346 3765 1739 3838">
     <span class='ocr_line' id='line_1_70' title="bbox 346 3765 1739 3838; baseline 0.005 -19"><span class='ocrx_word' id='word_1_441' title='bbox 346 3769 469 3821; x_wconf 85' lang='lat' dir='ltr'><strong>sine</strong></span> <span class='ocrx_word' id='word_1_442' title='bbox 499 3766 729 3820; x_wconf 89' lang='lat' dir='ltr'><strong>consilio</strong></span> <span class='ocrx_word' id='word_1_443' title='bbox 754 3765 985 3833; x_wconf 86' lang='lat' dir='ltr'><strong>dicitur;</strong></span> <span class='ocrx_word' id='word_1_444' title='bbox 1007 3766 1254 3832; x_wconf 85' lang='lat' dir='ltr'><strong>audacia,</strong></span> <span class='ocrx_word' id='word_1_445' title='bbox 1284 3776 1405 3838; x_wconf 86' lang='lat' dir='ltr'><strong>post</strong></span> <span class='ocrx_word' id='word_1_446' title='bbox 1430 3770 1739 3826; x_wconf 84' lang='lat' dir='ltr'><strong>consilium.</strong></span> 
     </span>
    </p>
   </div>
   <div class='ocr_carea' id='block_1_71' title="bbox 418 3859 1935 3934">
    <p class='ocr_par' dir='ltr' id='par_1_71' title="bbox 418 3859 1935 3934">
     <span class='ocr_line' id='line_1_71' title="bbox 418 3859 1935 3934; baseline 0.004 -19"><span class='ocrx_word' id='word_1_447' title='bbox 418 3860 550 3915; x_wconf 84' lang='grc'><strong>557.</strong></span> <span class='ocrx_word' id='word_1_448' title='bbox 583 3860 723 3915; x_wconf 89' lang='lat' dir='ltr'><strong>Inter</strong></span> <span class='ocrx_word' id='word_1_449' title='bbox 747 3859 877 3914; x_wconf 88' lang='lat' dir='ltr'><strong>Tum</strong></span> <span class='ocrx_word' id='word_1_450' title='bbox 906 3870 962 3916; x_wconf 88' lang='lat' dir='ltr'><strong>et</strong></span> <span class='ocrx_word' id='word_1_451' title='bbox 998 3870 1137 3916; x_wconf 88' lang='lat' dir='ltr'><strong>tunc.</strong></span> <span class='ocrx_word' id='word_1_452' title='bbox 1166 3862 1303 3917; x_wconf 86' lang='lat' dir='ltr'><strong>Tum</strong></span> <span class='ocrx_word' id='word_1_453' title='bbox 1329 3864 1585 3934; x_wconf 87' lang='lat' dir='ltr'><strong>temporis</strong></span> <span class='ocrx_word' id='word_1_454' title='bbox 1622 3875 1706 3921; x_wconf 89' lang='lat' dir='ltr'><strong>est</strong></span> <span class='ocrx_word' id='word_1_455' title='bbox 1733 3868 1935 3934; x_wconf 80' lang='lat' dir='ltr'><strong>futuri;</strong></span> 
     </span>
    </p>
   </div>
   <div class='ocr_carea' id='block_1_72' title="bbox 348 3955 811 4025">
    <p class='ocr_par' dir='ltr' id='par_1_72' title="bbox 348 3955 811 4025">
     <span class='ocr_line' id='line_1_72' title="bbox 348 3955 811 4025; baseline -0.006 -14"><span class='ocrx_word' id='word_1_456' title='bbox 348 3969 499 4020; x_wconf 85' lang='lat' dir='ltr'><strong>tunc,</strong></span> <span class='ocrx_word' id='word_1_457' title='bbox 533 3955 811 4025; x_wconf 36' lang='lat' dir='ltr'><strong>pra‘teriti.</strong></span> 
     </span>
    </p>
   </div>
   <div class='ocr_carea' id='block_1_73' title="bbox 420 4032 1936 4107">
    <p class='ocr_par' dir='ltr' id='par_1_73' title="bbox 420 4032 1936 4107">
     <span class='ocr_line' id='line_1_73' title="bbox 420 4032 1936 4107; baseline 0.004 -6"><span class='ocrx_word' id='word_1_458' title='bbox 420 4048 547 4101; x_wconf 83' lang='grc'><strong>558.</strong></span> <span class='ocrx_word' id='word_1_459' title='bbox 580 4047 726 4103; x_wconf 91' lang='lat' dir='ltr'><strong>Inter</strong></span> <span class='ocrx_word' id='word_1_460' title='bbox 769 4047 1014 4102; x_wconf 85' lang='lat' dir='ltr'><strong>Tribuere</strong></span> <span class='ocrx_word' id='word_1_461' title='bbox 1050 4058 1105 4103; x_wconf 90' lang='lat' dir='ltr'><strong>et</strong></span> <span class='ocrx_word' id='word_1_462' title='bbox 1153 4032 1451 4104; x_wconf 86' lang='lat' dir='ltr'><strong>attribuere.</strong></span> <span class='ocrx_word' id='word_1_463' title='bbox 1483 4049 1790 4105; x_wconf 87' lang='lat' dir='ltr'><strong>Tribuimus</strong></span> <span class='ocrx_word' id='word_1_464' title='bbox 1816 4068 1936 4107; x_wconf 91' lang='lat' dir='ltr'><strong>cum</strong></span> 
     </span>
    </p>
   </div>
   <div class='ocr_carea' id='block_1_74' title="bbox 341 4139 1938 4217">
    <p class='ocr_par' dir='ltr' id='par_1_74' title="bbox 341 4139 1938 4217">
     <span class='ocr_line' id='line_1_74' title="bbox 341 4139 1938 4217; baseline 0.003 -21"><span class='ocrx_word' id='word_1_465' title='bbox 341 4142 545 4212; x_wconf 86' lang='lat' dir='ltr'><strong>aliquid</strong></span> <span class='ocrx_word' id='word_1_466' title='bbox 568 4142 856 4206; x_wconf 88' lang='lat' dir='ltr'><strong>donamus,</strong></span> <span class='ocrx_word' id='word_1_467' title='bbox 879 4139 1241 4206; x_wconf 88' lang='lat' dir='ltr'><strong>attribuimus,</strong></span> <span class='ocrx_word' id='word_1_468' title='bbox 1264 4141 1391 4196; x_wconf 90' lang='lat' dir='ltr'><strong>dum</strong></span> <span class='ocrx_word' id='word_1_469' title='bbox 1415 4141 1631 4199; x_wconf 87' lang='lat' dir='ltr'><strong>ordines</strong></span> <span class='ocrx_word' id='word_1_470' title='bbox 1652 4144 1938 4217; x_wconf 79' lang='lat' dir='ltr'><strong>officiaque</strong></span> 
     </span>
    </p>
   </div>
   <div class='ocr_carea' id='block_1_75' title="bbox 341 4235 744 4291">
    <p class='ocr_par' dir='ltr' id='par_1_75' title="bbox 341 4235 744 4291">
     <span class='ocr_line' id='line_1_75' title="bbox 341 4235 744 4291; baseline 0 0"><span class='ocrx_word' id='word_1_471' title='bbox 341 4235 744 4291; x_wconf 76' lang='lat' dir='ltr'><strong>distribuimus.</strong></span> 
     </span>
    </p>
   </div>
   <div class='ocr_carea' id='block_1_76' title="bbox 416 4349 927 4416">
    <p class='ocr_par' dir='ltr' id='par_1_76' title="bbox 416 4349 927 4416">
     <span class='ocr_line' id='line_1_76' title="bbox 416 4349 927 4416; baseline -0.004 -13"><span class='ocrx_word' id='word_1_472' title='bbox 416 4352 550 4407; x_wconf 71' lang='grc'><strong>515.</strong></span> <span class='ocrx_word' id='word_1_473' title='bbox 578 4349 714 4405; x_wconf 76' lang='lat' dir='ltr'><strong>Vide</strong></span> <span class='ocrx_word' id='word_1_474' title='bbox 743 4363 927 4416; x_wconf 89' lang='lat' dir='ltr'><strong>supra.</strong></span> 
     </span>
    </p>
   </div>
   <div class='ocr_carea' id='block_1_77' title="bbox 418 4417 1484 4475">
    <p class='ocr_par' dir='ltr' id='par_1_77' title="bbox 418 4417 1484 4475">
     <span class='ocr_line' id='line_1_77' title="bbox 418 4417 1484 4475; baseline -0.003 -1"><span class='ocrx_word' id='word_1_475' title='bbox 418 4418 545 4475; x_wconf 70' lang='grc'><strong>547.</strong></span> <span class='ocrx_word' id='word_1_476' title='bbox 571 4421 648 4475; x_wconf 81' lang='lat' dir='ltr'><strong>Ex</strong></span> <span class='ocrx_word' id='word_1_477' title='bbox 673 4419 810 4475; x_wconf 84' lang='lat' dir='ltr'><strong>Non.</strong></span> <span class='ocrx_word' id='word_1_478' title='bbox 838 4420 1046 4474; x_wconf 87' lang='lat' dir='ltr'><strong>videtur</strong></span> <span class='ocrx_word' id='word_1_479' title='bbox 1070 4418 1195 4473; x_wconf 93' lang='lat' dir='ltr'><strong>dict.</strong></span> <span class='ocrx_word' id='word_1_480' title='bbox 1229 4417 1484 4472; x_wconf 85' lang='lat' dir='ltr'><strong>Sartores.</strong></span> 
     </span>
    </p>
   </div>
   <div class='ocr_carea' id='block_1_78' title="bbox 415 4488 1933 4560">
    <p class='ocr_par' dir='ltr' id='par_1_78' title="bbox 415 4488 1933 4560">
     <span class='ocr_line' id='line_1_78' title="bbox 415 4488 1933 4560; baseline 0.001 -12"><span class='ocrx_word' id='word_1_481' title='bbox 415 4492 897 4548; x_wconf 84' lang='lat' dir='ltr'><strong>-——Sarcinatorem.</strong></span> <span class='ocrx_word' id='word_1_482' title='bbox 911 4489 972 4545; x_wconf 88' lang='lat' dir='ltr'><strong>C.</strong></span> <span class='ocrx_word' id='word_1_483' title='bbox 991 4489 1208 4555; x_wconf 76' lang='lat' dir='ltr'><strong>Fronto,</strong></span> <span class='ocrx_word' id='word_1_484' title='bbox 1224 4488 1566 4557; x_wconf 76' lang='lat' dir='ltr'><strong>Surcinatrix,</strong></span> <span class='ocrx_word' id='word_1_485' title='bbox 1581 4507 1696 4560; x_wconf 74' lang='lat' dir='ltr'><strong>qua:</strong></span> <span class='ocrx_word' id='word_1_486' title='bbox 1706 4494 1933 4549; x_wconf 83' lang='lat' dir='ltr'><strong>sarcinas</strong></span> 
     </span>
    </p>
   </div>
   <div class='ocr_carea' id='block_1_79' title="bbox 340 4572 530 4619">
    <p class='ocr_par' dir='ltr' id='par_1_79' title="bbox 340 4572 530 4619">
     <span class='ocr_line' id='line_1_79' title="bbox 340 4572 530 4619; baseline -0.016 0"><span class='ocrx_word' id='word_1_487' title='bbox 340 4584 390 4619; x_wconf 71' lang='lat' dir='ltr'><strong>st</strong></span> <span class='ocrx_word' id='word_1_488' title='bbox 397 4572 530 4616; x_wconf 82' lang='lat' dir='ltr'><strong>rvat.</strong></span> 
     </span>
    </p>
   </div>
   <div class='ocr_carea' id='block_1_80' title="bbox 418 4630 1934 4703">
    <p class='ocr_par' dir='ltr' id='par_1_80' title="bbox 418 4630 1934 4703">
     <span class='ocr_line' id='line_1_80' title="bbox 418 4630 1934 4703; baseline 0.001 -16"><span class='ocrx_word' id='word_1_489' title='bbox 418 4633 565 4688; x_wconf 77' lang='lat' dir='ltr'><strong>Ibid.</strong></span> <span class='ocrx_word' id='word_1_490' title='bbox 602 4630 796 4703; x_wconf 13' lang='lat' dir='ltr'><strong>,Sartor</strong></span> <span class='ocrx_word' id='word_1_491' title='bbox 822 4646 926 4685; x_wconf 93' lang='lat' dir='ltr'><strong>non</strong></span> <span class='ocrx_word' id='word_1_492' title='bbox 953 4632 1124 4686; x_wconf 89' lang='lat' dir='ltr'><strong>solum</strong></span> <span class='ocrx_word' id='word_1_493' title='bbox 1146 4632 1410 4703; x_wconf 83' lang='lat' dir='ltr'><strong>accipitur</strong></span> <span class='ocrx_word' id='word_1_494' title='bbox 1433 4646 1528 4699; x_wconf 90' lang='lat' dir='ltr'><strong>pro</strong></span> <span class='ocrx_word' id='word_1_495' title='bbox 1549 4647 1615 4687; x_wconf 87' lang='lat' dir='ltr'><strong>eo</strong></span> <span class='ocrx_word' id='word_1_496' title='bbox 1652 4634 1740 4703; x_wconf 90' lang='lat' dir='ltr'><strong>qui</strong></span> <span class='ocrx_word' id='word_1_497' title='bbox 1780 4638 1934 4689; x_wconf 84' lang='lat' dir='ltr'><strong>sarrit</strong></span> 
     </span>
    </p>
   </div>
   <div class='ocr_carea' id='block_1_81' title="bbox 340 4702 1929 4775">
    <p class='ocr_par' dir='ltr' id='par_1_81' title="bbox 340 4702 1929 4775">
     <span class='ocr_line' id='line_1_81' title="bbox 340 4702 1929 4775; baseline 0.001 -16"><span class='ocrx_word' id='word_1_498' title='bbox 340 4720 533 4775; x_wconf 65' lang='lat' dir='ltr'><strong>agrum</strong></span> <span class='ocrx_word' id='word_1_499' title='bbox 553 4743 570 4769; x_wconf 92' lang='lat'><strong>,</strong></span> <span class='ocrx_word' id='word_1_500' title='bbox 598 4702 700 4756; x_wconf 91' lang='lat' dir='ltr'><strong>hoc</strong></span> <span class='ocrx_word' id='word_1_501' title='bbox 728 4711 838 4768; x_wconf 86' lang='lat' dir='ltr'><strong>est,</strong></span> <span class='ocrx_word' id='word_1_502' title='bbox 862 4703 961 4775; x_wconf 88' lang='lat' dir='ltr'><strong>qui</strong></span> <span class='ocrx_word' id='word_1_503' title='bbox 983 4702 1194 4775; x_wconf 85' lang='lat' dir='ltr'><strong>sarculo</strong></span> <span class='ocrx_word' id='word_1_504' title='bbox 1225 4703 1438 4775; x_wconf 8' lang='lat' dir='ltr'><strong>herbas?</strong></span> <span class='ocrx_word' id='word_1_505' title='bbox 1460 4702 1681 4758; x_wconf 82' lang='lat' dir='ltr'><strong>inutiles</strong></span> <span class='ocrx_word' id='word_1_506' title='bbox 1715 4706 1929 4773; x_wconf 79' lang='lat' dir='ltr'><strong>evellit,</strong></span> 
     </span>
    </p>
   </div>
   <div class='ocr_carea' id='block_1_82' title="bbox 339 4773 1586 4842">
    <p class='ocr_par' dir='ltr' id='par_1_82' title="bbox 339 4773 1586 4842">
     <span class='ocr_line' id='line_1_82' title="bbox 339 4773 1586 4842; baseline -0.006 -11"><span class='ocrx_word' id='word_1_507' title='bbox 339 4773 434 4831; x_wconf 60' lang='lat' dir='ltr'><strong>se:</strong></span> <span class='ocrx_word' id='word_1_508' title='bbox 465 4776 630 4828; x_wconf 85' lang='lat' dir='ltr'><strong>etiam</strong></span> <span class='ocrx_word' id='word_1_509' title='bbox 663 4788 758 4842; x_wconf 88' lang='lat' dir='ltr'><strong>pro</strong></span> <span class='ocrx_word' id='word_1_510' title='bbox 784 4788 848 4826; x_wconf 86' lang='lat' dir='ltr'><strong>en</strong></span> <span class='ocrx_word' id='word_1_511' title='bbox 879 4774 966 4840; x_wconf 88' lang='lat' dir='ltr'><strong>qui</strong></span> <span class='ocrx_word' id='word_1_512' title='bbox 994 4773 1150 4827; x_wconf 87' lang='lat' dir='ltr'><strong>sarcit</strong></span> <span class='ocrx_word' id='word_1_513' title='bbox 1176 4783 1371 4826; x_wconf 57' lang='lat' dir='ltr'><strong>vestes.</strong></span> <span class='ocrx_word' id='word_1_514' title='bbox 1415 4774 1586 4826; x_wconf 76' lang='lat' dir='ltr'><strong>Anav.</strong></span> 
     </span>
    </p>
   </div>
   <div class='ocr_carea' id='block_1_83' title="bbox 418 4843 1930 4911">
    <p class='ocr_par' dir='ltr' id='par_1_83' title="bbox 418 4843 1930 4911">
     <span class='ocr_line' id='line_1_83' title="bbox 418 4843 1930 4911; baseline 0.003 -14"><span class='ocrx_word' id='word_1_515' title='bbox 418 4845 547 4900; x_wconf 82' lang='grc'><strong>550.</strong></span> <span class='ocrx_word' id='word_1_516' title='bbox 578 4843 899 4911; x_wconf 71' lang='lat' dir='ltr'><strong>luterpretcs</strong></span> <span class='ocrx_word' id='word_1_517' title='bbox 918 4843 1156 4897; x_wconf 85' lang='lat' dir='ltr'><strong>Terentii</strong></span> <span class='ocrx_word' id='word_1_518' title='bbox 1192 4856 1294 4896; x_wconf 87' lang='lat' dir='ltr'><strong>act.</strong></span> <span class='ocrx_word' id='word_1_519' title='bbox 1322 4857 1403 4909; x_wconf 88' lang='grc' dir='ltr'>ιιι,</span> <span class='ocrx_word' id='word_1_520' title='bbox 1430 4858 1575 4897; x_wconf 90' lang='lat' dir='ltr'><strong>scen.</strong></span> <span class='ocrx_word' id='word_1_521' title='bbox 1605 4845 1658 4908; x_wconf 87' lang='lat'><strong>5,</strong></span> <span class='ocrx_word' id='word_1_522' title='bbox 1689 4844 1930 4901; x_wconf 86' lang='lat' dir='ltr'><strong>Ennucb.</strong></span> 
     </span>
    </p>
   </div>
   <div class='ocr_carea' id='block_1_84' title="bbox 345 4914 1928 4982">
    <p class='ocr_par' dir='ltr' id='par_1_84' title="bbox 345 4914 1928 4982">
     <span class='ocr_line' id='line_1_84' title="bbox 345 4914 1928 4982; baseline 0.002 -14"><span class='ocrx_word' id='word_1_523' title='bbox 345 4917 567 4969; x_wconf 79' lang='lat' dir='ltr'><strong>Statura</strong></span> <span class='ocrx_word' id='word_1_524' title='bbox 596 4915 800 4981; x_wconf 80' lang='lat' dir='ltr'><strong>corpori</strong></span> <span class='ocrx_word' id='word_1_525' title='bbox 844 4915 1134 4980; x_wconf 84' lang='lat' dir='ltr'><strong>ascribitur,</strong></span> <span class='ocrx_word' id='word_1_526' title='bbox 1159 4923 1319 4967; x_wconf 85' lang='lat' dir='ltr'><strong>status</strong></span> <span class='ocrx_word' id='word_1_527' title='bbox 1350 4916 1416 4965; x_wconf 88' lang='lat' dir='ltr'><strong>ad</strong></span> <span class='ocrx_word' id='word_1_528' title='bbox 1436 4914 1664 4967; x_wconf 83' lang='lat' dir='ltr'><strong>habitum</strong></span> <span class='ocrx_word' id='word_1_529' title='bbox 1691 4921 1928 4982; x_wconf 70' lang='lat' dir='ltr'><strong>refertur.</strong></span> 
     </span>
    </p>
   </div>
   <div class='ocr_carea' id='block_1_85' title="bbox 341 4984 1932 5058">
    <p class='ocr_par' dir='ltr' id='par_1_85' title="bbox 341 4984 1932 5058">
     <span class='ocr_line' id='line_1_85' title="bbox 341 4984 1932 5058; baseline 0.001 -19"><span class='ocrx_word' id='word_1_530' title='bbox 341 4985 671 5054; x_wconf 76' lang='lat' dir='ltr'><strong>Ergostatus</strong></span> <span class='ocrx_word' id='word_1_531' title='bbox 691 4994 772 5038; x_wconf 86' lang='lat' dir='ltr'><strong>est</strong></span> <span class='ocrx_word' id='word_1_532' title='bbox 794 4992 1016 5058; x_wconf 63' lang='lat' dir='ltr'><strong>axium,</strong></span> <span class='ocrx_word' id='word_1_533' title='bbox 1032 4995 1231 5037; x_wconf 86' lang='lat' dir='ltr'><strong>statura</strong></span> <span class='ocrx_word' id='word_1_534' title='bbox 1258 4984 1529 5058; x_wconf 72' lang='lat' dir='ltr'><strong>longitudo</strong></span> <span class='ocrx_word' id='word_1_535' title='bbox 1544 4987 1811 5053; x_wconf 69' lang='lat' dir='ltr'><strong>corporis:</strong></span> <span class='ocrx_word' id='word_1_536' title='bbox 1838 5004 1932 5052; x_wconf 83' lang='lat' dir='ltr'><strong>pro</strong></span> 
     </span>
    </p>
   </div>
   <div class='ocr_carea' id='block_1_86' title="bbox 341 5054 1926 5123">
    <p class='ocr_par' dir='ltr' id='par_1_86' title="bbox 341 5054 1926 5123">
     <span class='ocr_line' id='line_1_86' title="bbox 341 5054 1926 5123; baseline 0.004 -17"><span class='ocrx_word' id='word_1_537' title='bbox 341 5058 675 5122; x_wconf 71' lang='lat' dir='ltr'><strong>qutrstionem</strong></span> <span class='ocrx_word' id='word_1_538' title='bbox 693 5054 893 5117; x_wconf 84' lang='lat' dir='ltr'><strong>autem,</strong></span> <span class='ocrx_word' id='word_1_539' title='bbox 912 5054 1099 5107; x_wconf 57' lang='lat' dir='ltr'><strong>&quot;malim</strong></span> <span class='ocrx_word' id='word_1_540' title='bbox 1123 5054 1438 5120; x_wconf 76' lang='lat' dir='ltr'><strong>qumstionis,</strong></span> <span class='ocrx_word' id='word_1_541' title='bbox 1462 5066 1551 5107; x_wconf 90' lang='lat' dir='ltr'><strong>aut</strong></span> <span class='ocrx_word' id='word_1_542' title='bbox 1568 5058 1926 5123; x_wconf 78' lang='lat' dir='ltr'><strong>qutestionum.</strong></span> 
     </span>
    </p>
   </div>
   <div class='ocr_carea' id='block_1_87' title="bbox 343 5124 1931 5198">
    <p class='ocr_par' dir='ltr' id='par_1_87' title="bbox 343 5124 1931 5198">
     <span class='ocr_line' id='line_1_87' title="bbox 343 5124 1931 5198; baseline -0.002 -15"><span class='ocrx_word' id='word_1_543' title='bbox 343 5130 522 5183; x_wconf 83' lang='lat' dir='ltr'><strong>Porro</strong></span> <span class='ocrx_word' id='word_1_544' title='bbox 547 5124 813 5198; x_wconf 88' lang='lat' dir='ltr'><strong>dictiones</strong></span> <span class='ocrx_word' id='word_1_545' title='bbox 833 5125 1087 5198; x_wconf 70' lang='lat' dir='ltr'><strong>scenicam</strong></span> <span class='ocrx_word' id='word_1_546' title='bbox 1120 5136 1302 5179; x_wconf 78' lang='lat' dir='ltr'><strong>vestem</strong></span> <span class='ocrx_word' id='word_1_547' title='bbox 1341 5127 1475 5179; x_wconf 77' lang='lat' dir='ltr'><strong>forte</strong></span> <span class='ocrx_word' id='word_1_548' title='bbox 1504 5128 1552 5178; x_wconf 88' lang='lat' dir='ltr'><strong>in</strong></span> <span class='ocrx_word' id='word_1_549' title='bbox 1581 5136 1770 5198; x_wconf 85' lang='grc' dir='ltr'><strong>σχῆμα</strong></span> <span class='ocrx_word' id='word_1_550' title='bbox 1790 5144 1931 5180; x_wconf 89' lang='lat' dir='ltr'><strong>con-</strong></span> 
     </span>
    </p>
   </div>
   <div class='ocr_carea' id='block_1_88' title="bbox 345 5196 1931 5264">
    <p class='ocr_par' dir='ltr' id='par_1_88' title="bbox 345 5196 1931 5264">
     <span class='ocr_line' id='line_1_88' title="bbox 345 5196 1931 5264; baseline -0.001 -12"><span class='ocrx_word' id='word_1_551' title='bbox 345 5199 646 5260; x_wconf 64' lang='lat' dir='ltr'><strong>trahenda),</strong></span> <span class='ocrx_word' id='word_1_552' title='bbox 689 5196 1048 5263; x_wconf 82' lang='lat' dir='ltr'><strong>legendosque</strong></span> <span class='ocrx_word' id='word_1_553' title='bbox 1078 5196 1224 5249; x_wconf 74' lang='lat' dir='ltr'><strong>locus</strong></span> <span class='ocrx_word' id='word_1_554' title='bbox 1250 5212 1263 5247; x_wconf 91' lang='lat'>:</span> <span class='ocrx_word' id='word_1_555' title='bbox 1301 5204 1488 5249; x_wconf 84' lang='lat' dir='ltr'><strong>statum</strong></span> <span class='ocrx_word' id='word_1_556' title='bbox 1514 5196 1828 5264; x_wconf 76' lang='lat' dir='ltr'><strong>quwstionis,</strong></span> <span class='ocrx_word' id='word_1_557' title='bbox 1855 5201 1931 5252; x_wconf 85' lang='lat' dir='ltr'><strong>vel</strong></span> 
     </span>
    </p>
   </div>
   <div class='ocr_carea' id='block_1_89' title="bbox 343 5265 1923 5333">
    <p class='ocr_par' dir='ltr' id='par_1_89' title="bbox 343 5265 1923 5333">
     <span class='ocr_line' id='line_1_89' title="bbox 343 5265 1923 5333; baseline 0 -12"><span class='ocrx_word' id='word_1_558' title='bbox 343 5265 551 5321; x_wconf 59' lang='lat' dir='ltr'><strong>schema</strong></span> <span class='ocrx_word' id='word_1_559' title='bbox 569 5284 584 5327; x_wconf 85' lang='lat'><strong><em>;</em></strong></span> <span class='ocrx_word' id='word_1_560' title='bbox 613 5276 720 5330; x_wconf 79' lang='lat' dir='ltr'><strong>aut,</strong></span> <span class='ocrx_word' id='word_1_561' title='bbox 737 5275 927 5318; x_wconf 84' lang='lat' dir='ltr'><strong>statum</strong></span> <span class='ocrx_word' id='word_1_562' title='bbox 945 5266 1255 5333; x_wconf 78' lang='lat' dir='ltr'><strong>quwstionis,</strong></span> <span class='ocrx_word' id='word_1_563' title='bbox 1270 5266 1346 5319; x_wconf 87' lang='lat' dir='ltr'><strong>vel</strong></span> <span class='ocrx_word' id='word_1_564' title='bbox 1362 5267 1585 5330; x_wconf 79' lang='lat' dir='ltr'><strong>schema,</strong></span> <span class='ocrx_word' id='word_1_565' title='bbox 1602 5270 1705 5320; x_wconf 84' lang='lat' dir='ltr'><strong>sive</strong></span> <span class='ocrx_word' id='word_1_566' title='bbox 1720 5277 1923 5322; x_wconf 89' lang='lat' dir='ltr'><strong>vestem.</strong></span> 
     </span>
    </p>
   </div>
   <div class='ocr_carea' id='block_1_90' title="bbox 346 5337 1925 5395">
    <p class='ocr_par' dir='ltr' id='par_1_90' title="bbox 346 5337 1925 5395">
     <span class='ocr_line' id='line_1_90' title="bbox 346 5337 1925 5395; baseline 0.001 -2"><span class='ocrx_word' id='word_1_567' title='bbox 346 5340 473 5393; x_wconf 77' lang='lat' dir='ltr'><strong>\‘id.</strong></span> <span class='ocrx_word' id='word_1_568' title='bbox 508 5342 708 5393; x_wconf 79' lang='lat' dir='ltr'><strong>Ascon.</strong></span> <span class='ocrx_word' id='word_1_569' title='bbox 750 5337 985 5394; x_wconf 71' lang='lat' dir='ltr'><strong>Pzedian.</strong></span> <span class='ocrx_word' id='word_1_570' title='bbox 1013 5339 1064 5391; x_wconf 94' lang='lat' dir='ltr'><strong>in</strong></span> <span class='ocrx_word' id='word_1_571' title='bbox 1105 5352 1159 5390; x_wconf 88' lang='lat' dir='ltr'><strong>tn</strong></span> <span class='ocrx_word' id='word_1_572' title='bbox 1190 5338 1428 5393; x_wconf 88' lang='lat' dir='ltr'><strong>Uratiou.</strong></span> <span class='ocrx_word' id='word_1_573' title='bbox 1462 5348 1652 5391; x_wconf 90' lang='lat' dir='ltr'><strong>contra</strong></span> <span class='ocrx_word' id='word_1_574' title='bbox 1686 5338 1925 5395; x_wconf 82' lang='lat' dir='ltr'><strong>Verrem.</strong></span> 
     </span>
    </p>
   </div>
   <div class='ocr_carea' id='block_1_91' title="bbox 415 5406 1927 5479">
    <p class='ocr_par' dir='ltr' id='par_1_91' title="bbox 415 5406 1927 5479">
     <span class='ocr_line' id='line_1_91' title="bbox 415 5406 1927 5479; baseline -0.002 -15"><span class='ocrx_word' id='word_1_575' title='bbox 415 5408 546 5464; x_wconf 81' lang='grc'><strong>551.</strong></span> <span class='ocrx_word' id='word_1_576' title='bbox 581 5408 718 5474; x_wconf 86' lang='lat' dir='ltr'><strong>Quid</strong></span> <span class='ocrx_word' id='word_1_577' title='bbox 742 5408 789 5461; x_wconf 91' lang='lat' dir='ltr'><strong>si</strong></span> <span class='ocrx_word' id='word_1_578' title='bbox 814 5408 1072 5476; x_wconf 83' lang='lat' dir='ltr'><strong>legamus,</strong></span> <span class='ocrx_word' id='word_1_579' title='bbox 1106 5406 1248 5462; x_wconf 82' lang='lat' dir='ltr'><strong>Inter</strong></span> <span class='ocrx_word' id='word_1_580' title='bbox 1280 5409 1586 5471; x_wconf 83' lang='lat' dir='ltr'><strong>scripturam</strong></span> <span class='ocrx_word' id='word_1_581' title='bbox 1617 5419 1664 5462; x_wconf 89' lang='lat' dir='ltr'><strong>et</strong></span> <span class='ocrx_word' id='word_1_582' title='bbox 1685 5410 1927 5479; x_wconf 87' lang='lat' dir='ltr'><strong>scriptio-</strong></span> 
     </span>
    </p>
   </div>
   <div class='ocr_carea' id='block_1_92' title="bbox 342 5478 1856 5549">
    <p class='ocr_par' dir='ltr' id='par_1_92' title="bbox 342 5478 1856 5549">
     <span class='ocr_line' id='line_1_92' title="bbox 342 5478 1856 5549; baseline -0.002 -15"><span class='ocrx_word' id='word_1_583' title='bbox 342 5498 457 5534; x_wconf 70' lang='lat' dir='ltr'><strong>nem</strong></span> <span class='ocrx_word' id='word_1_584' title='bbox 482 5498 499 5533; x_wconf 92' lang='lat'><em>:</em></span> <span class='ocrx_word' id='word_1_585' title='bbox 524 5479 750 5548; x_wconf 86' lang='lat' dir='ltr'><strong>Scriptio</strong></span> <span class='ocrx_word' id='word_1_586' title='bbox 768 5478 833 5549; x_wconf 15' lang='lat' dir='ltr'><strong>Ain</strong></span> <span class='ocrx_word' id='word_1_587' title='bbox 856 5494 1024 5546; x_wconf 86' lang='lat' dir='ltr'><strong>opere,</strong></span> <span class='ocrx_word' id='word_1_588' title='bbox 1055 5480 1389 5549; x_wconf 83' lang='lat' dir='ltr'><strong>scripturain</strong></span> <span class='ocrx_word' id='word_1_589' title='bbox 1418 5479 1628 5545; x_wconf 77' lang='lat' dir='ltr'><strong>allectu,</strong></span> <span class='ocrx_word' id='word_1_590' title='bbox 1658 5478 1723 5533; x_wconf 86' lang='lat' dir='ltr'><strong>V.</strong></span> <span class='ocrx_word' id='word_1_591' title='bbox 1754 5478 1805 5549; x_wconf 87' lang='lat' dir='ltr'><strong>p.</strong></span> <span class='ocrx_word' id='word_1_592' title='bbox 1833 5480 1856 5531; x_wconf 89' lang='lat'><strong>?</strong></span> 
     </span>
    </p>
   </div>
   <div class='ocr_carea' id='block_1_93' title="bbox 418 5547 1921 5620">
    <p class='ocr_par' dir='ltr' id='par_1_93' title="bbox 418 5547 1921 5620">
     <span class='ocr_line' id='line_1_93' title="bbox 418 5547 1921 5620; baseline -0.001 -15"><span class='ocrx_word' id='word_1_593' title='bbox 418 5551 545 5606; x_wconf 74' lang='grc'><strong>552.</strong></span> <span class='ocrx_word' id='word_1_594' title='bbox 571 5547 869 5620; x_wconf 80' lang='lat' dir='ltr'><strong>Etymolog.</strong></span> <span class='ocrx_word' id='word_1_595' title='bbox 906 5550 999 5603; x_wconf 89' lang='lat' dir='ltr'><strong>lib.</strong></span> <span class='ocrx_word' id='word_1_596' title='bbox 1051 5563 1123 5614; x_wconf 81' lang='lat' dir='ltr'><strong>tv,</strong></span> <span class='ocrx_word' id='word_1_597' title='bbox 1158 5547 1280 5619; x_wconf 87' lang='lat' dir='ltr'><strong>cap.</strong></span> <span class='ocrx_word' id='word_1_598' title='bbox 1311 5548 1363 5603; x_wconf 88' lang='grc'><strong>5.</strong></span> <span class='ocrx_word' id='word_1_599' title='bbox 1414 5550 1563 5604; x_wconf 83' lang='lat' dir='ltr'><strong>Varr.</strong></span> <span class='ocrx_word' id='word_1_600' title='bbox 1596 5565 1645 5603; x_wconf 86' lang='grc' dir='ltr'>ιν</span> <span class='ocrx_word' id='word_1_601' title='bbox 1676 5547 1921 5620; x_wconf 73' lang='lat' dir='ltr'><strong>deLiug.</strong></span> 
     </span>
    </p>
   </div>
   <div class='ocr_carea' id='block_1_94' title="bbox 345 5619 851 5682">
    <p class='ocr_par' dir='ltr' id='par_1_94' title="bbox 345 5619 851 5682">
     <span class='ocr_line' id='line_1_94' title="bbox 345 5619 851 5682; baseline -0.012 -4"><span class='ocrx_word' id='word_1_602' title='bbox 345 5624 491 5682; x_wconf 83' lang='lat' dir='ltr'><strong>Lat..</strong></span> <span class='ocrx_word' id='word_1_603' title='bbox 513 5619 648 5675; x_wconf 84' lang='lat' dir='ltr'><strong>dict.</strong></span> <span class='ocrx_word' id='word_1_604' title='bbox 667 5619 851 5672; x_wconf 90' lang='lat' dir='ltr'><strong>Terra.</strong></span> 
     </span>
    </p>
   </div>
   <div class='ocr_carea' id='block_1_95' title="bbox 416 5688 1753 5759">
    <p class='ocr_par' dir='ltr' id='par_1_95' title="bbox 416 5688 1753 5759">
     <span class='ocr_line' id='line_1_95' title="bbox 416 5688 1753 5759; baseline 0.001 -15"><span class='ocrx_word' id='word_1_605' title='bbox 416 5690 543 5748; x_wconf 80' lang='lat'><strong>555.</strong></span> <span class='ocrx_word' id='word_1_606' title='bbox 578 5693 652 5746; x_wconf 77' lang='lat' dir='ltr'><strong>Ex</strong></span> <span class='ocrx_word' id='word_1_607' title='bbox 677 5691 873 5759; x_wconf 65' lang='lat' dir='ltr'><strong>Agrat.</strong></span> <span class='ocrx_word' id='word_1_608' title='bbox 898 5689 987 5756; x_wconf 88' lang='lat' dir='ltr'><strong>qui</strong></span> <span class='ocrx_word' id='word_1_609' title='bbox 1016 5688 1159 5744; x_wconf 87' lang='lat' dir='ltr'><strong>addit</strong></span> <span class='ocrx_word' id='word_1_610' title='bbox 1186 5691 1451 5758; x_wconf 79' lang='lat' dir='ltr'><strong>temperies</strong></span> <span class='ocrx_word' id='word_1_611' title='bbox 1474 5703 1753 5746; x_wconf 77' lang='lat' dir='ltr'><strong>ventorum.</strong></span> 
     </span>
    </p>
   </div>
   <div class='ocr_carea' id='block_1_96' title="bbox 416 5760 1923 5833">
    <p class='ocr_par' dir='ltr' id='par_1_96' title="bbox 416 5760 1923 5833">
     <span class='ocr_line' id='line_1_96' title="bbox 416 5760 1923 5833; baseline -0.003 -14"><span class='ocrx_word' id='word_1_612' title='bbox 416 5762 539 5820; x_wconf 56' lang='lat'><strong>55$.</strong></span> <span class='ocrx_word' id='word_1_613' title='bbox 572 5764 645 5817; x_wconf 76' lang='lat' dir='ltr'><strong>Ex</strong></span> <span class='ocrx_word' id='word_1_614' title='bbox 675 5762 827 5816; x_wconf 79' lang='lat' dir='ltr'><strong>Serv.</strong></span> <span class='ocrx_word' id='word_1_615' title='bbox 863 5762 929 5814; x_wconf 90' lang='lat' dir='ltr'><strong>ad</strong></span> <span class='ocrx_word' id='word_1_616' title='bbox 960 5760 1037 5814; x_wconf 65' lang='lat' dir='ltr'><strong>ill.</strong></span> <span class='ocrx_word' id='word_1_617' title='bbox 1090 5760 1271 5830; x_wconf 87' lang='lat' dir='ltr'><strong>Eclog.</strong></span> <span class='ocrx_word' id='word_1_618' title='bbox 1314 5761 1366 5826; x_wconf 88' lang='lat'><strong>7,</strong></span> <span class='ocrx_word' id='word_1_619' title='bbox 1397 5761 1706 5833; x_wconf 74' lang='lat' dir='ltr'><strong>Timidirque</strong></span> <span class='ocrx_word' id='word_1_620' title='bbox 1745 5779 1923 5831; x_wconf 70' lang='lat' dir='ltr'><strong>super-</strong></span> 
     </span>
    </p>
   </div>
   <div class='ocr_carea' id='block_1_97' title="bbox 2052 3210 3634 3281">
    <p class='ocr_par' dir='ltr' id='par_1_97' title="bbox 2052 3210 3634 3281">
     <span class='ocr_line' id='line_1_97' title="bbox 2052 3210 3634 3281; baseline -0.001 -11"><span class='ocrx_word' id='word_1_621' title='bbox 2052 3217 2237 3271; x_wconf 88' lang='lat' dir='ltr'><strong>animo</strong></span> <span class='ocrx_word' id='word_1_622' title='bbox 2263 3214 2512 3280; x_wconf 85' lang='lat' dir='ltr'><strong>dicimus,</strong></span> <span class='ocrx_word' id='word_1_623' title='bbox 2544 3213 2748 3268; x_wconf 89' lang='lat' dir='ltr'><strong>tristem</strong></span> <span class='ocrx_word' id='word_1_624' title='bbox 2781 3220 3013 3281; x_wconf 88' lang='lat' dir='ltr'><strong>aspectu.</strong></span> <span class='ocrx_word' id='word_1_625' title='bbox 3046 3210 3177 3267; x_wconf 86' lang='lat' dir='ltr'><strong>Item</strong></span> <span class='ocrx_word' id='word_1_626' title='bbox 3216 3215 3465 3269; x_wconf 59' lang='lat' dir='ltr'><strong>iniustitia</strong></span> <span class='ocrx_word' id='word_1_627' title='bbox 3498 3226 3634 3268; x_wconf 85' lang='lat' dir='ltr'><strong>tcnt-</strong></span> 
     </span>
    </p>
   </div>
   <div class='ocr_carea' id='block_1_98' title="bbox 2053 3304 3629 3376">
    <p class='ocr_par' dir='ltr' id='par_1_98' title="bbox 2053 3304 3629 3376">
     <span class='ocr_line' id='line_1_98' title="bbox 2053 3304 3629 3376; baseline 0 -15"><span class='ocrx_word' id='word_1_628' title='bbox 2053 3306 2197 3376; x_wconf 88' lang='lat' dir='ltr'><strong>poris</strong></span> <span class='ocrx_word' id='word_1_629' title='bbox 2225 3315 2328 3369; x_wconf 91' lang='lat' dir='ltr'><strong>est,</strong></span> <span class='ocrx_word' id='word_1_630' title='bbox 2351 3314 2406 3361; x_wconf 90' lang='lat' dir='ltr'><strong>et</strong></span> <span class='ocrx_word' id='word_1_631' title='bbox 2434 3305 2494 3359; x_wconf 85' lang='lat' dir='ltr'><strong>ﬁt</strong></span> <span class='ocrx_word' id='word_1_632' title='bbox 2518 3304 2803 3372; x_wconf 85' lang='lat' dir='ltr'><strong>aliquando</strong></span> <span class='ocrx_word' id='word_1_633' title='bbox 2822 3318 2885 3359; x_wconf 78' lang='lat' dir='ltr'><strong>es</strong></span> <span class='ocrx_word' id='word_1_634' title='bbox 2928 3305 3109 3373; x_wconf 87' lang='lat' dir='ltr'><strong>aliquo</strong></span> <span class='ocrx_word' id='word_1_635' title='bbox 3136 3304 3397 3359; x_wconf 76' lang='lat' dir='ltr'><strong>accidenti</strong></span> <span class='ocrx_word' id='word_1_636' title='bbox 3420 3307 3629 3361; x_wconf 86' lang='lat' dir='ltr'><strong>dolore.</strong></span> 
     </span>
    </p>
   </div>
   <div class='ocr_carea' id='block_1_99' title="bbox 2049 3394 3382 3462">
    <p class='ocr_par' dir='ltr' id='par_1_99' title="bbox 2049 3394 3382 3462">
     <span class='ocr_line' id='line_1_99' title="bbox 2049 3394 3382 3462; baseline -0.002 -10"><span class='ocrx_word' id='word_1_637' title='bbox 2049 3396 2290 3452; x_wconf 82' lang='lat' dir='ltr'><strong>Tristitia</strong></span> <span class='ocrx_word' id='word_1_638' title='bbox 2314 3411 2466 3460; x_wconf 83' lang='lat' dir='ltr'><strong>vero,</strong></span> <span class='ocrx_word' id='word_1_639' title='bbox 2498 3394 2681 3449; x_wconf 87' lang='lat' dir='ltr'><strong>vitium</strong></span> <span class='ocrx_word' id='word_1_640' title='bbox 2706 3401 2911 3448; x_wconf 70' lang='lat' dir='ltr'><strong>natura:</strong></span> <span class='ocrx_word' id='word_1_641' title='bbox 2939 3401 3255 3462; x_wconf 86' lang='lat' dir='ltr'><strong>perpetuum</strong></span> <span class='ocrx_word' id='word_1_642' title='bbox 3278 3404 3382 3450; x_wconf 89' lang='lat' dir='ltr'><strong>est.</strong></span> 
     </span>
    </p>
   </div>
   <div class='ocr_carea' id='block_1_100' title="bbox 2663 3502 3027 3560">
    <p class='ocr_par' dir='ltr' id='par_1_100' title="bbox 2663 3502 3027 3560">
     <span class='ocr_line' id='line_1_100' title="bbox 2663 3502 3027 3560; baseline 0.003 -1"><span class='ocrx_word' id='word_1_643' title='bbox 2663 3505 2738 3560; x_wconf 89' lang='lat' dir='ltr'><strong>De</strong></span> <span class='ocrx_word' id='word_1_644' title='bbox 2762 3505 2934 3559; x_wconf 85' lang='lat' dir='ltr'><strong>littera</strong></span> <span class='ocrx_word' id='word_1_645' title='bbox 2962 3502 3027 3560; x_wconf 76' lang='grc' dir='ltr'><strong>ν.</strong></span> 
     </span>
    </p>
   </div>
   <div class='ocr_carea' id='block_1_101' title="bbox 2116 3595 3636 3666">
    <p class='ocr_par' dir='ltr' id='par_1_101' title="bbox 2116 3595 3636 3666">
     <span class='ocr_line' id='line_1_101' title="bbox 2116 3595 3636 3666; baseline -0.011 -12"><span class='ocrx_word' id='word_1_646' title='bbox 2116 3599 2242 3654; x_wconf 78' lang='grc'><strong>569.</strong></span> <span class='ocrx_word' id='word_1_647' title='bbox 2271 3598 2413 3653; x_wconf 91' lang='lat' dir='ltr'><strong>Inter</strong></span> <span class='ocrx_word' id='word_1_648' title='bbox 2440 3596 2601 3651; x_wconf 82' lang='lat' dir='ltr'><strong>Vetus</strong></span> <span class='ocrx_word' id='word_1_649' title='bbox 2630 3604 2685 3651; x_wconf 91' lang='lat' dir='ltr'><strong>et</strong></span> <span class='ocrx_word' id='word_1_650' title='bbox 2713 3598 3004 3666; x_wconf 84' lang='lat' dir='ltr'><strong>antiquum.</strong></span> <span class='ocrx_word' id='word_1_651' title='bbox 3049 3595 3212 3652; x_wconf 76' lang='lat' dir='ltr'><strong>Vetus</strong></span> <span class='ocrx_word' id='word_1_652' title='bbox 3237 3596 3391 3652; x_wconf 71' lang='lat' dir='ltr'><strong>annis</strong></span> <span class='ocrx_word' id='word_1_653' title='bbox 3415 3612 3636 3655; x_wconf 71' lang='grc' dir='ltr'><strong>ειηιηιο.</strong></span> 
     </span>
    </p>
   </div>
   <div class='ocr_carea' id='block_1_102' title="bbox 2046 3687 2782 3758">
    <p class='ocr_par' dir='ltr' id='par_1_102' title="bbox 2046 3687 2782 3758">
     <span class='ocr_line' id='line_1_102' title="bbox 2046 3687 2782 3758; baseline -0.008 -11"><span class='ocrx_word' id='word_1_654' title='bbox 2046 3703 2217 3757; x_wconf 90' lang='lat' dir='ltr'><strong>ratur,</strong></span> <span class='ocrx_word' id='word_1_655' title='bbox 2244 3690 2517 3758; x_wconf 87' lang='lat' dir='ltr'><strong>antiquum</strong></span> <span class='ocrx_word' id='word_1_656' title='bbox 2547 3687 2782 3742; x_wconf 65' lang='lat' dir='ltr'><strong>saeculis.</strong></span> 
     </span>
    </p>
   </div>
   <div class='ocr_carea' id='block_1_103' title="bbox 2115 3777 3633 3854">
    <p class='ocr_par' dir='ltr' id='par_1_103' title="bbox 2115 3777 3633 3854">
     <span class='ocr_line' id='line_1_103' title="bbox 2115 3777 3633 3854; baseline -0.002 -18"><span class='ocrx_word' id='word_1_657' title='bbox 2115 3784 2223 3854; x_wconf 71' lang='lat'><strong>72</strong></span> <span class='ocrx_word' id='word_1_658' title='bbox 2252 3781 2378 3836; x_wconf 89' lang='grc'><strong>570.</strong></span> <span class='ocrx_word' id='word_1_659' title='bbox 2404 3780 2546 3835; x_wconf 89' lang='lat' dir='ltr'><strong>Inter</strong></span> <span class='ocrx_word' id='word_1_660' title='bbox 2580 3777 2832 3832; x_wconf 76' lang='lat' dir='ltr'><strong>Virtutem</strong></span> <span class='ocrx_word' id='word_1_661' title='bbox 2874 3787 2928 3831; x_wconf 89' lang='lat' dir='ltr'><strong>et</strong></span> <span class='ocrx_word' id='word_1_662' title='bbox 2967 3777 3343 3847; x_wconf 76' lang='lat' dir='ltr'><strong>fortitudinem.</strong></span> <span class='ocrx_word' id='word_1_663' title='bbox 3384 3777 3559 3833; x_wconf 81' lang='lat' dir='ltr'><strong>Virtus</strong></span> <span class='ocrx_word' id='word_1_664' title='bbox 3580 3780 3633 3833; x_wconf 88' lang='lat' dir='ltr'><strong>in</strong></span> 
     </span>
    </p>
   </div>
   <div class='ocr_carea' id='block_1_104' title="bbox 2042 3866 3634 3941">
    <p class='ocr_par' dir='ltr' id='par_1_104' title="bbox 2042 3866 3634 3941">
     <span class='ocr_line' id='line_1_104' title="bbox 2042 3866 3634 3941; baseline -0.006 -13"><span class='ocrx_word' id='word_1_665' title='bbox 2042 3874 2203 3929; x_wconf 90' lang='lat' dir='ltr'><strong>animi</strong></span> <span class='ocrx_word' id='word_1_666' title='bbox 2252 3873 2435 3941; x_wconf 79' lang='lat' dir='ltr'><strong>vigore</strong></span> <span class='ocrx_word' id='word_1_667' title='bbox 2483 3880 2538 3925; x_wconf 90' lang='lat' dir='ltr'><strong>et</strong></span> <span class='ocrx_word' id='word_1_668' title='bbox 2571 3868 2754 3923; x_wconf 86' lang='lat' dir='ltr'><strong>habitu</strong></span> <span class='ocrx_word' id='word_1_669' title='bbox 2798 3876 2903 3934; x_wconf 85' lang='lat' dir='ltr'><strong>est,</strong></span> <span class='ocrx_word' id='word_1_670' title='bbox 2934 3866 3088 3935; x_wconf 86' lang='lat' dir='ltr'><strong>cujus</strong></span> <span class='ocrx_word' id='word_1_671' title='bbox 3126 3881 3249 3936; x_wconf 81' lang='lat' dir='ltr'><strong>pars</strong></span> <span class='ocrx_word' id='word_1_672' title='bbox 3271 3878 3353 3922; x_wconf 88' lang='lat' dir='ltr'><strong>est</strong></span> <span class='ocrx_word' id='word_1_673' title='bbox 3377 3868 3634 3923; x_wconf 87' lang='lat' dir='ltr'><strong>fortitudo</strong></span> 
     </span>
    </p>
   </div>
   <div class='ocr_carea' id='block_1_105' title="bbox 2044 3954 3634 4025">
    <p class='ocr_par' dir='ltr' id='par_1_105' title="bbox 2044 3954 3634 4025">
     <span class='ocr_line' id='line_1_105' title="bbox 2044 3954 3634 4025; baseline -0.004 -6"><span class='ocrx_word' id='word_1_674' title='bbox 2044 3962 2263 4019; x_wconf 87' lang='lat' dir='ltr'><strong>mentis.</strong></span> <span class='ocrx_word' id='word_1_675' title='bbox 2306 3959 2438 4025; x_wconf 66' lang='lat' dir='ltr'><strong>Quae</strong></span> <span class='ocrx_word' id='word_1_676' title='bbox 2483 3972 2549 4013; x_wconf 78' lang='lat' dir='ltr'><strong>ex</strong></span> <span class='ocrx_word' id='word_1_677' title='bbox 2579 3966 2808 4025; x_wconf 88' lang='lat' dir='ltr'><strong>quatuor</strong></span> <span class='ocrx_word' id='word_1_678' title='bbox 2842 3954 3128 4008; x_wconf 87' lang='lat' dir='ltr'><strong>virtutibus</strong></span> <span class='ocrx_word' id='word_1_679' title='bbox 3159 3970 3261 4009; x_wconf 87' lang='lat' dir='ltr'><strong>una</strong></span> <span class='ocrx_word' id='word_1_680' title='bbox 3290 3964 3396 4024; x_wconf 90' lang='lat' dir='ltr'><strong>est,</strong></span> <span class='ocrx_word' id='word_1_681' title='bbox 3431 3955 3554 4010; x_wconf 86' lang='lat' dir='ltr'><strong>licet</strong></span> <span class='ocrx_word' id='word_1_682' title='bbox 3575 3969 3634 4012; x_wconf 87' lang='lat' dir='ltr'><strong>et</strong></span> 
     </span>
    </p>
   </div>
   <div class='ocr_carea' id='block_1_106' title="bbox 2042 4046 3034 4125">
    <p class='ocr_par' dir='ltr' id='par_1_106' title="bbox 2042 4046 3034 4125">
     <span class='ocr_line' id='line_1_106' title="bbox 2042 4046 3034 4125; baseline -0.014 -14"><span class='ocrx_word' id='word_1_683' title='bbox 2042 4054 2287 4125; x_wconf 87' lang='lat' dir='ltr'><strong>corporis</strong></span> <span class='ocrx_word' id='word_1_684' title='bbox 2318 4051 2482 4107; x_wconf 86' lang='lat' dir='ltr'><strong>robur</strong></span> <span class='ocrx_word' id='word_1_685' title='bbox 2509 4046 2762 4103; x_wconf 84' lang='lat' dir='ltr'><strong>fortitudo</strong></span> <span class='ocrx_word' id='word_1_686' title='bbox 2791 4058 3034 4101; x_wconf 87' lang='lat' dir='ltr'><strong>vocetur.</strong></span> 
     </span>
    </p>
   </div>
   <div class='ocr_carea' id='block_1_107' title="bbox 2113 4137 3632 4205">
    <p class='ocr_par' dir='ltr' id='par_1_107' title="bbox 2113 4137 3632 4205">
     <span class='ocr_line' id='line_1_107' title="bbox 2113 4137 3632 4205; baseline -0.005 -4"><span class='ocrx_word' id='word_1_687' title='bbox 2113 4147 2241 4205; x_wconf 84' lang='grc'><strong>571.</strong></span> <span class='ocrx_word' id='word_1_688' title='bbox 2290 4144 2437 4199; x_wconf 90' lang='lat' dir='ltr'><strong>inter</strong></span> <span class='ocrx_word' id='word_1_689' title='bbox 2498 4139 2774 4194; x_wconf 79' lang='lat' dir='ltr'><strong>Vecordem</strong></span> <span class='ocrx_word' id='word_1_690' title='bbox 2825 4146 2881 4193; x_wconf 91' lang='lat' dir='ltr'><strong>et</strong></span> <span class='ocrx_word' id='word_1_691' title='bbox 2922 4151 3199 4191; x_wconf 80' lang='lat' dir='ltr'><strong>vesamum.</strong></span> <span class='ocrx_word' id='word_1_692' title='bbox 3256 4137 3456 4194; x_wconf 82' lang='lat' dir='ltr'><strong>Vccors</strong></span> <span class='ocrx_word' id='word_1_693' title='bbox 3504 4139 3632 4194; x_wconf 90' lang='lat' dir='ltr'><strong>mali</strong></span> 
     </span>
    </p>
   </div>
   <div class='ocr_carea' id='block_1_108' title="bbox 2040 4227 3626 4304">
    <p class='ocr_par' dir='ltr' id='par_1_108' title="bbox 2040 4227 3626 4304">
     <span class='ocr_line' id='line_1_108' title="bbox 2040 4227 3626 4304; baseline -0.005 -10"><span class='ocrx_word' id='word_1_694' title='bbox 2040 4240 2242 4304; x_wconf 73' lang='lat' dir='ltr'><strong>cordis,</strong></span> <span class='ocrx_word' id='word_1_695' title='bbox 2273 4236 2413 4291; x_wconf 89' lang='lat' dir='ltr'><strong>sicut</strong></span> <span class='ocrx_word' id='word_1_696' title='bbox 2442 4247 2673 4288; x_wconf 86' lang='lat' dir='ltr'><strong>vesanus</strong></span> <span class='ocrx_word' id='word_1_697' title='bbox 2697 4244 2801 4285; x_wconf 90' lang='lat' dir='ltr'><strong>nun</strong></span> <span class='ocrx_word' id='word_1_698' title='bbox 2825 4228 2993 4299; x_wconf 87' lang='lat' dir='ltr'><strong>probe</strong></span> <span class='ocrx_word' id='word_1_699' title='bbox 3015 4227 3036 4301; x_wconf 91' lang='lat'><strong>[</strong></span> <span class='ocrx_word' id='word_1_700' title='bbox 3055 4229 3138 4283; x_wconf 87' lang='lat' dir='ltr'><strong>Al.</strong></span> <span class='ocrx_word' id='word_1_701' title='bbox 3168 4230 3417 4302; x_wconf 84' lang='lat' dir='ltr'><strong>preprie]</strong></span> <span class='ocrx_word' id='word_1_702' title='bbox 3441 4248 3626 4288; x_wconf 87' lang='lat' dir='ltr'><strong>sanus.</strong></span> 
     </span>
    </p>
   </div>
   <div class='ocr_carea' id='block_1_109' title="bbox 1963 4348 2386 4421">
    <p class='ocr_par' dir='ltr' id='par_1_109' title="bbox 1963 4348 2386 4421">
     <span class='ocr_line' id='line_1_109' title="bbox 1963 4348 2386 4421; baseline -0.012 -15"><span class='ocrx_word' id='word_1_703' title='bbox 1963 4360 2015 4421; x_wconf 78' lang='grc' dir='ltr'><strong><em>υ</em></strong></span> <span class='ocrx_word' id='word_1_704' title='bbox 2042 4353 2176 4408; x_wconf 81' lang='lat' dir='ltr'><strong>venit</strong></span> <span class='ocrx_word' id='word_1_705' title='bbox 2208 4348 2386 4421; x_wconf 64' lang='lat' dir='ltr'><strong>.Egle.</strong></span> 
     </span>
    </p>
   </div>
   <div class='ocr_carea' id='block_1_110' title="bbox 2114 4418 2602 4486">
    <p class='ocr_par' dir='ltr' id='par_1_110' title="bbox 2114 4418 2602 4486">
     <span class='ocr_line' id='line_1_110' title="bbox 2114 4418 2602 4486; baseline -0.01 -12"><span class='ocrx_word' id='word_1_706' title='bbox 2114 4421 2239 4474; x_wconf 70' lang='lat'><strong>5?;6.</strong></span> <span class='ocrx_word' id='word_1_707' title='bbox 2271 4418 2400 4472; x_wconf 69' lang='lat' dir='ltr'><strong>Vade</strong></span> <span class='ocrx_word' id='word_1_708' title='bbox 2420 4430 2602 4486; x_wconf 89' lang='lat' dir='ltr'><strong>supra.</strong></span> 
     </span>
    </p>
   </div>
   <div class='ocr_carea' id='block_1_111' title="bbox 2110 4485 3627 4555">
    <p class='ocr_par' dir='ltr' id='par_1_111' title="bbox 2110 4485 3627 4555">
     <span class='ocr_line' id='line_1_111' title="bbox 2110 4485 3627 4555; baseline -0.004 -9"><span class='ocrx_word' id='word_1_709' title='bbox 2110 4491 2234 4545; x_wconf 88' lang='grc'><strong>557.</strong></span> <span class='ocrx_word' id='word_1_710' title='bbox 2263 4489 2347 4543; x_wconf 82' lang='lat' dir='ltr'><strong>Al.</strong></span> <span class='ocrx_word' id='word_1_711' title='bbox 2379 4485 2509 4541; x_wconf 86' lang='lat' dir='ltr'><strong>Tum</strong></span> <span class='ocrx_word' id='word_1_712' title='bbox 2548 4485 2789 4554; x_wconf 84' lang='lat' dir='ltr'><strong>temporis</strong></span> <span class='ocrx_word' id='word_1_713' title='bbox 2817 4491 2890 4538; x_wconf 84' lang='lat' dir='ltr'><strong>est</strong></span> <span class='ocrx_word' id='word_1_714' title='bbox 2919 4485 3202 4553; x_wconf 79' lang='lat' dir='ltr'><strong>prteseutis,</strong></span> <span class='ocrx_word' id='word_1_715' title='bbox 3238 4492 3357 4538; x_wconf 86' lang='lat' dir='ltr'><strong>tunc</strong></span> <span class='ocrx_word' id='word_1_716' title='bbox 3383 4486 3627 4555; x_wconf 72' lang='lat' dir='ltr'><strong>temporis</strong></span> 
     </span>
    </p>
   </div>
   <div class='ocr_carea' id='block_1_112' title="bbox 2067 4565 2325 4616">
    <p class='ocr_par' dir='ltr' id='par_1_112' title="bbox 2067 4565 2325 4616">
     <span class='ocr_line' id='line_1_112' title="bbox 2067 4565 2325 4616; baseline -0.019 0"><span class='ocrx_word' id='word_1_717' title='bbox 2067 4565 2201 4616; x_wconf 84' lang='lat' dir='ltr'><strong>uturi</strong></span> <span class='ocrx_word' id='word_1_718' title='bbox 2230 4569 2325 4615; x_wconf 85' lang='lat' dir='ltr'><strong>est.</strong></span> 
     </span>
    </p>
   </div>
   <div class='ocr_carea' id='block_1_113' title="bbox 2040 4565 3520 4688">
    <p class='ocr_par' dir='ltr' id='par_1_113' title="bbox 2040 4565 3520 4688">
     <span class='ocr_line' id='line_1_113' title="bbox 2040 4565 3474 4636; baseline -0.008 -20"><span class='ocrx_word' id='word_1_719' title='bbox 2040 4565 2201 4634; x_wconf 81' lang='lat' dir='ltr'><strong>futuri</strong></span> <span class='ocrx_word' id='word_1_720' title='bbox 2230 4569 2325 4615; x_wconf 85' lang='lat' dir='ltr'><strong>est.</strong></span> <span class='ocrx_word' id='word_1_721' title='bbox 3464 4626 3474 4636; x_wconf 43' lang='lat'><em>.</em></span> 
     </span>
     <span class='ocr_line' id='line_1_114' title="bbox 2108 4622 3520 4688; baseline -0.006 0"><span class='ocrx_word' id='word_1_722' title='bbox 2108 4632 2238 4688; x_wconf 85' lang='grc'><strong>561.</strong></span> <span class='ocrx_word' id='word_1_723' title='bbox 2262 4631 2352 4685; x_wconf 90' lang='lat' dir='ltr'><strong>Sic</strong></span> <span class='ocrx_word' id='word_1_724' title='bbox 2371 4626 2526 4682; x_wconf 87' lang='lat' dir='ltr'><strong>Serv.</strong></span> <span class='ocrx_word' id='word_1_725' title='bbox 2555 4626 2620 4680; x_wconf 90' lang='lat' dir='ltr'><strong>ad</strong></span> <span class='ocrx_word' id='word_1_726' title='bbox 2654 4625 2731 4680; x_wconf 93' lang='lat' dir='ltr'><strong>ill.</strong></span> <span class='ocrx_word' id='word_1_727' title='bbox 2758 4639 2797 4677; x_wconf 86' lang='grc' dir='ltr'><strong>ιι</strong></span> <span class='ocrx_word' id='word_1_728' title='bbox 2826 4622 2975 4688; x_wconf 63' lang='lat' dir='ltr'><strong>Ain,</strong></span> <span class='ocrx_word' id='word_1_729' title='bbox 3003 4624 3183 4680; x_wconf 86' lang='lat' dir='ltr'><strong>Testor</strong></span> <span class='ocrx_word' id='word_1_730' title='bbox 3207 4643 3393 4680; x_wconf 87' lang='lat' dir='ltr'><strong>numen</strong></span> <span class='ocrx_word' id='word_1_731' title='bbox 3423 4635 3520 4680; x_wconf 69' lang='lat' dir='ltr'><strong>ait.</strong></span> 
     </span>
    </p>
   </div>
   <div class='ocr_carea' id='block_1_114' title="bbox 2108 4694 3631 4757">
    <p class='ocr_par' dir='ltr' id='par_1_114' title="bbox 2108 4694 3631 4757">
     <span class='ocr_line' id='line_1_115' title="bbox 2108 4694 3631 4757; baseline -0.006 0"><span class='ocrx_word' id='word_1_732' title='bbox 2108 4703 2245 4757; x_wconf 83' lang='lat' dir='ltr'><strong>Ibid.</strong></span> <span class='ocrx_word' id='word_1_733' title='bbox 2270 4701 2324 4755; x_wconf 92' lang='lat' dir='ltr'><strong>lu</strong></span> <span class='ocrx_word' id='word_1_734' title='bbox 2348 4697 2615 4752; x_wconf 82' lang='lat' dir='ltr'><strong>nonnullis</strong></span> <span class='ocrx_word' id='word_1_735' title='bbox 2637 4696 2762 4749; x_wconf 77' lang='lat' dir='ltr'><strong>Mss.</strong></span> <span class='ocrx_word' id='word_1_736' title='bbox 2790 4706 2873 4748; x_wconf 83' lang='lat' dir='ltr'><strong>est</strong></span> <span class='ocrx_word' id='word_1_737' title='bbox 2902 4710 2917 4749; x_wconf 91' lang='lat'><strong>:</strong></span> <span class='ocrx_word' id='word_1_738' title='bbox 2945 4694 2969 4746; x_wconf 86' lang='grc' dir='ltr'><strong><em>Ι</em></strong></span> <span class='ocrx_word' id='word_1_739' title='bbox 2977 4704 3089 4749; x_wconf 85' lang='lat' dir='ltr'><strong>nter</strong></span> <span class='ocrx_word' id='word_1_740' title='bbox 3122 4697 3397 4750; x_wconf 88' lang='lat' dir='ltr'><strong>contestari</strong></span> <span class='ocrx_word' id='word_1_741' title='bbox 3416 4703 3465 4749; x_wconf 90' lang='lat' dir='ltr'><strong>et</strong></span> <span class='ocrx_word' id='word_1_742' title='bbox 3491 4696 3631 4749; x_wconf 81' lang='lat' dir='ltr'><strong>obte-</strong></span> 
     </span>
    </p>
   </div>
   <div class='ocr_carea' id='block_1_115' title="bbox 2037 4768 3618 4836">
    <p class='ocr_par' dir='ltr' id='par_1_115' title="bbox 2037 4768 3618 4836">
     <span class='ocr_line' id='line_1_116' title="bbox 2037 4768 3618 4836; baseline -0.006 -8"><span class='ocrx_word' id='word_1_743' title='bbox 2037 4776 2163 4828; x_wconf 86' lang='lat' dir='ltr'><strong>stari</strong></span> <span class='ocrx_word' id='word_1_744' title='bbox 2200 4775 2294 4825; x_wconf 89' lang='lat' dir='ltr'><strong>hoc</strong></span> <span class='ocrx_word' id='word_1_745' title='bbox 2327 4772 2568 4831; x_wconf 84' lang='lat' dir='ltr'><strong>interest,</strong></span> <span class='ocrx_word' id='word_1_746' title='bbox 2610 4768 2747 4836; x_wconf 88' lang='lat' dir='ltr'><strong>quod</strong></span> <span class='ocrx_word' id='word_1_747' title='bbox 2786 4776 3130 4820; x_wconf 84' lang='lat' dir='ltr'><strong>contestamur</strong></span> <span class='ocrx_word' id='word_1_748' title='bbox 3168 4769 3236 4820; x_wconf 85' lang='lat' dir='ltr'><strong>ad</strong></span> <span class='ocrx_word' id='word_1_749' title='bbox 3267 4770 3618 4829; x_wconf 82' lang='lat' dir='ltr'><strong>adversarios,</strong></span> 
     </span>
    </p>
   </div>
   <div class='ocr_carea' id='block_1_116' title="bbox 2034 4841 2782 4900">
    <p class='ocr_par' dir='ltr' id='par_1_116' title="bbox 2034 4841 2782 4900">
     <span class='ocr_line' id='line_1_117' title="bbox 2034 4841 2782 4900; baseline -0.016 0"><span class='ocrx_word' id='word_1_750' title='bbox 2034 4847 2343 4900; x_wconf 86' lang='lat' dir='ltr'><strong>obtestamur</strong></span> <span class='ocrx_word' id='word_1_751' title='bbox 2364 4841 2575 4893; x_wconf 80' lang='lat' dir='ltr'><strong>anticos.</strong></span> <span class='ocrx_word' id='word_1_752' title='bbox 2611 4844 2782 4892; x_wconf 71' lang='lat' dir='ltr'><strong>Anav.</strong></span> 
     </span>
    </p>
   </div>
   <div class='ocr_carea' id='block_1_117' title="bbox 2104 4907 3620 4977">
    <p class='ocr_par' dir='ltr' id='par_1_117' title="bbox 2104 4907 3620 4977">
     <span class='ocr_line' id='line_1_118' title="bbox 2104 4907 3620 4977; baseline -0.006 -8"><span class='ocrx_word' id='word_1_753' title='bbox 2104 4913 2230 4969; x_wconf 73' lang='lat'><strong>56)..</strong></span> <span class='ocrx_word' id='word_1_754' title='bbox 2253 4911 2428 4966; x_wconf 78' lang='lat' dir='ltr'><strong>Caris.</strong></span> <span class='ocrx_word' id='word_1_755' title='bbox 2459 4909 2702 4963; x_wconf 88' lang='lat' dir='ltr'><strong>brevius:</strong></span> <span class='ocrx_word' id='word_1_756' title='bbox 2722 4908 2943 4977; x_wconf 87' lang='lat' dir='ltr'><strong>Tergum</strong></span> <span class='ocrx_word' id='word_1_757' title='bbox 2967 4907 3207 4965; x_wconf 74' lang='lat' dir='ltr'><strong>hominis,</strong></span> <span class='ocrx_word' id='word_1_758' title='bbox 3227 4917 3398 4977; x_wconf 84' lang='lat' dir='ltr'><strong>tergus</strong></span> <span class='ocrx_word' id='word_1_759' title='bbox 3423 4908 3620 4973; x_wconf 81' lang='lat' dir='ltr'><strong>pecoris</strong></span> 
     </span>
    </p>
   </div>
   <div class='ocr_carea' id='block_1_118' title="bbox 2036 4977 3615 5047">
    <p class='ocr_par' dir='ltr' id='par_1_118' title="bbox 2036 4977 3615 5047">
     <span class='ocr_line' id='line_1_119' title="bbox 2036 4977 3615 5047; baseline -0.005 -8"><span class='ocrx_word' id='word_1_760' title='bbox 2036 4988 2346 5042; x_wconf 78' lang='lat' dir='ltr'><strong>nominatur.</strong></span> <span class='ocrx_word' id='word_1_761' title='bbox 2379 4982 2493 5035; x_wconf 78' lang='grc' dir='ltr'><strong>νὶιΙ.</strong></span> <span class='ocrx_word' id='word_1_762' title='bbox 2522 4982 2676 5034; x_wconf 85' lang='lat' dir='ltr'><strong>Serv.</strong></span> <span class='ocrx_word' id='word_1_763' title='bbox 2697 4978 2766 5033; x_wconf 87' lang='lat' dir='ltr'><strong>ad</strong></span> <span class='ocrx_word' id='word_1_764' title='bbox 2787 4978 2910 5033; x_wconf 80' lang='lat' dir='ltr'><strong>IIIINI</strong></span> <span class='ocrx_word' id='word_1_765' title='bbox 2936 4977 3091 5045; x_wconf 64' lang='lat' dir='ltr'><strong>Ern,</strong></span> <span class='ocrx_word' id='word_1_766' title='bbox 3114 4979 3339 5047; x_wconf 83' lang='lat' dir='ltr'><strong>&#39;l&#39;ergora</strong></span> <span class='ocrx_word' id='word_1_767' title='bbox 3359 4978 3615 5043; x_wconf 73' lang='lat' dir='ltr'><strong>diripiunt</strong></span> 
     </span>
    </p>
   </div>
   <div class='ocr_carea' id='block_1_119' title="bbox 2034 5048 3617 5118">
    <p class='ocr_par' dir='ltr' id='par_1_119' title="bbox 2034 5048 3617 5118">
     <span class='ocr_line' id='line_1_120' title="bbox 2034 5048 3617 5118; baseline -0.004 -8"><span class='ocrx_word' id='word_1_768' title='bbox 2034 5059 2206 5112; x_wconf 87' lang='lat' dir='ltr'><strong>costis.</strong></span> <span class='ocrx_word' id='word_1_769' title='bbox 2246 5056 2369 5110; x_wconf 79' lang='lat'><strong>593.</strong></span> <span class='ocrx_word' id='word_1_770' title='bbox 2420 5051 2690 5105; x_wconf 85' lang='lat' dir='ltr'><strong>Tumultus</strong></span> <span class='ocrx_word' id='word_1_771' title='bbox 2722 5049 2990 5118; x_wconf 83' lang='lat' dir='ltr'><strong>propriam</strong></span> <span class='ocrx_word' id='word_1_772' title='bbox 3020 5048 3467 5118; x_wconf 59' lang='lat' dir='ltr'><strong>signiﬁcationem</strong></span> <span class='ocrx_word' id='word_1_773' title='bbox 3496 5049 3617 5103; x_wconf 88' lang='lat' dir='ltr'><strong>vide</strong></span> 
     </span>
    </p>
   </div>
   <div class='ocr_carea' id='block_1_120' title="bbox 2032 5118 3615 5196">
    <p class='ocr_par' dir='ltr' id='par_1_120' title="bbox 2032 5118 3615 5196">
     <span class='ocr_line' id='line_1_121' title="bbox 2032 5118 3615 5196; baseline -0.005 -15"><span class='ocrx_word' id='word_1_774' title='bbox 2032 5128 2173 5196; x_wconf 90' lang='lat' dir='ltr'><strong>apud</strong></span> <span class='ocrx_word' id='word_1_775' title='bbox 2218 5127 2371 5181; x_wconf 84' lang='lat' dir='ltr'><strong>Serv.</strong></span> <span class='ocrx_word' id='word_1_776' title='bbox 2402 5124 2466 5196; x_wconf 77' lang='lat' dir='ltr'><strong>ad</strong></span> <span class='ocrx_word' id='word_1_777' title='bbox 2517 5121 2592 5174; x_wconf 91' lang='lat' dir='ltr'><strong>ill.</strong></span> <span class='ocrx_word' id='word_1_778' title='bbox 2625 5136 2638 5173; x_wconf 91' lang='grc' dir='ltr'><strong>ι</strong></span> <span class='ocrx_word' id='word_1_779' title='bbox 2665 5120 2817 5185; x_wconf 62' lang='grc' dir='ltr'>[Ειιη</span> <span class='ocrx_word' id='word_1_780' title='bbox 2850 5118 2917 5173; x_wconf 87' lang='lat' dir='ltr'><strong>Ut</strong></span> <span class='ocrx_word' id='word_1_781' title='bbox 2949 5121 3067 5172; x_wconf 84' lang='lat' dir='ltr'><strong>belli</strong></span> <span class='ocrx_word' id='word_1_782' title='bbox 3101 5122 3322 5188; x_wconf 84' lang='lat' dir='ltr'><strong>signum,</strong></span> <span class='ocrx_word' id='word_1_783' title='bbox 3361 5132 3475 5181; x_wconf 89' lang='lat' dir='ltr'><strong>vm,</strong></span> <span class='ocrx_word' id='word_1_784' title='bbox 3507 5129 3615 5173; x_wconf 84' lang='lat' dir='ltr'><strong>etc.</strong></span> 
     </span>
    </p>
   </div>
   <div class='ocr_carea' id='block_1_121' title="bbox 2036 5191 2970 5262">
    <p class='ocr_par' dir='ltr' id='par_1_121' title="bbox 2036 5191 2970 5262">
     <span class='ocr_line' id='line_1_122' title="bbox 2036 5191 2970 5262; baseline -0.009 -12"><span class='ocrx_word' id='word_1_785' title='bbox 2036 5191 2091 5251; x_wconf 82' lang='lat' dir='ltr'><strong>et</strong></span> <span class='ocrx_word' id='word_1_786' title='bbox 2122 5198 2275 5259; x_wconf 78' lang='lat' dir='ltr'><strong>illud,</strong></span> <span class='ocrx_word' id='word_1_787' title='bbox 2304 5208 2399 5257; x_wconf 85' lang='lat' dir='ltr'><strong>vn,</strong></span> <span class='ocrx_word' id='word_1_788' title='bbox 2432 5191 2553 5257; x_wconf 86' lang='lat' dir='ltr'><strong>Ipse</strong></span> <span class='ocrx_word' id='word_1_789' title='bbox 2583 5201 2727 5262; x_wconf 79' lang='lat' dir='ltr'><strong>vocnt</strong></span> <span class='ocrx_word' id='word_1_790' title='bbox 2749 5207 2970 5262; x_wconf 76' lang='lat' dir='ltr'><strong>pugnas.</strong></span> 
     </span>
    </p>
   </div>
   <div class='ocr_carea' id='block_1_122' title="bbox 2104 5256 3620 5329">
    <p class='ocr_par' dir='ltr' id='par_1_122' title="bbox 2104 5256 3620 5329">
     <span class='ocr_line' id='line_1_123' title="bbox 2104 5256 3620 5329; baseline -0.005 -8"><span class='ocrx_word' id='word_1_791' title='bbox 2104 5267 2242 5321; x_wconf 84' lang='lat' dir='ltr'><strong>Ibid.</strong></span> <span class='ocrx_word' id='word_1_792' title='bbox 2267 5256 2368 5319; x_wconf 34' lang='lat' dir='ltr'><strong>&#39;De</strong></span> <span class='ocrx_word' id='word_1_793' title='bbox 2390 5256 2611 5316; x_wconf 87' lang='lat' dir='ltr'><strong>tumultu</strong></span> <span class='ocrx_word' id='word_1_794' title='bbox 2636 5256 2801 5317; x_wconf 85' lang='lat' dir='ltr'><strong>fusius</strong></span> <span class='ocrx_word' id='word_1_795' title='bbox 2822 5256 2884 5315; x_wconf 79' lang='lat' dir='ltr'><strong>in</strong></span> <span class='ocrx_word' id='word_1_796' title='bbox 2911 5256 3288 5329; x_wconf 80' lang='lat' dir='ltr'><strong>Etymologiis,</strong></span> <span class='ocrx_word' id='word_1_797' title='bbox 3322 5258 3415 5314; x_wconf 86' lang='lat' dir='ltr'><strong>lib.</strong></span> <span class='ocrx_word' id='word_1_798' title='bbox 3444 5273 3578 5313; x_wconf 77' lang='lat' dir='ltr'><strong>xvttt</strong></span> <span class='ocrx_word' id='word_1_799' title='bbox 3598 5296 3620 5325; x_wconf 79' lang='grc'><strong>.</strong></span> 
     </span>
    </p>
   </div>
   <div class='ocr_carea' id='block_1_123' title="bbox 2033 5338 2439 5394">
    <p class='ocr_par' dir='ltr' id='par_1_123' title="bbox 2033 5338 2439 5394">
     <span class='ocr_line' id='line_1_124' title="bbox 2033 5338 2439 5394; baseline -0.012 0"><span class='ocrx_word' id='word_1_800' title='bbox 2033 5354 2153 5394; x_wconf 83' lang='lat' dir='ltr'><strong>cao.</strong></span> <span class='ocrx_word' id='word_1_801' title='bbox 2191 5341 2239 5390; x_wconf 81' lang='lat' dir='ltr'><strong>t.</strong></span> <span class='ocrx_word' id='word_1_802' title='bbox 2266 5338 2439 5391; x_wconf 75' lang='grc' dir='ltr'><strong>Λιιεν.</strong></span> 
     </span>
    </p>
   </div>
   <div class='ocr_carea' id='block_1_124' title="bbox 2102 5356 3617 5472">
    <p class='ocr_par' dir='ltr' id='par_1_124' title="bbox 2102 5356 3617 5472">
     <span class='ocr_line' id='line_1_125' title="bbox 2102 5356 3617 5472; baseline -0.005 -9"><span class='ocrx_word' id='word_1_803' title='bbox 2259 5356 2474 5461; x_wconf 39' lang='lat' dir='ltr'><strong>lIlii-oon</strong></span> <span class='ocrx_word' id='word_1_804' title='bbox 2493 5415 2554 5458; x_wconf 81' lang='lat' dir='ltr'><strong>to</strong></span> <span class='ocrx_word' id='word_1_805' title='bbox 2579 5404 2686 5458; x_wconf 89' lang='lat' dir='ltr'><strong>sic:</strong></span> <span class='ocrx_word' id='word_1_806' title='bbox 2708 5403 2988 5469; x_wconf 80' lang='lat' dir='ltr'><strong>Antiquam</strong></span> <span class='ocrx_word' id='word_1_807' title='bbox 3018 5408 3113 5459; x_wconf 84' lang='lat' dir='ltr'><strong>est,</strong></span> <span class='ocrx_word' id='word_1_808' title='bbox 3136 5400 3272 5470; x_wconf 81' lang='lat' dir='ltr'><strong>quod</strong></span> <span class='ocrx_word' id='word_1_809' title='bbox 3293 5403 3505 5455; x_wconf 69' lang='lat' dir='ltr'><strong>excessit</strong></span> <span class='ocrx_word' id='word_1_810' title='bbox 3528 5419 3617 5472; x_wconf 85' lang='lat' dir='ltr'><strong>pa-</strong></span> 
     </span>
    </p>
   </div>
   <div class='ocr_carea' id='block_1_125' title="bbox 2032 5472 3615 5533">
    <p class='ocr_par' dir='ltr' id='par_1_125' title="bbox 2032 5472 3615 5533">
     <span class='ocr_line' id='line_1_126' title="bbox 2032 5472 3615 5533; baseline -0.004 -2"><span class='ocrx_word' id='word_1_811' title='bbox 2032 5489 2163 5533; x_wconf 83' lang='lat' dir='ltr'><strong>trum</strong></span> <span class='ocrx_word' id='word_1_812' title='bbox 2191 5480 2503 5531; x_wconf 85' lang='lat' dir='ltr'><strong>memoriam.</strong></span> <span class='ocrx_word' id='word_1_813' title='bbox 2547 5474 2696 5530; x_wconf 77' lang='lat' dir='ltr'><strong>Vetus</strong></span> <span class='ocrx_word' id='word_1_814' title='bbox 2718 5487 2969 5527; x_wconf 84' lang='lat' dir='ltr'><strong>annorum</strong></span> <span class='ocrx_word' id='word_1_815' title='bbox 2995 5472 3272 5526; x_wconf 85' lang='lat' dir='ltr'><strong>multorum</strong></span> <span class='ocrx_word' id='word_1_816' title='bbox 3297 5474 3450 5526; x_wconf 87' lang='lat' dir='ltr'><strong>sentit</strong></span> <span class='ocrx_word' id='word_1_817' title='bbox 3474 5473 3615 5525; x_wconf 87' lang='lat' dir='ltr'><strong>utili-</strong></span> 
     </span>
    </p>
   </div>
   <div class='ocr_carea' id='block_1_126' title="bbox 2031 5560 2205 5604">
    <p class='ocr_par' dir='ltr' id='par_1_126' title="bbox 2031 5560 2205 5604">
     <span class='ocr_line' id='line_1_127' title="bbox 2031 5560 2205 5604; baseline -0.023 0"><span class='ocrx_word' id='word_1_818' title='bbox 2031 5560 2205 5604; x_wconf 83' lang='lat' dir='ltr'><strong>tatem.</strong></span> 
     </span>
    </p>
   </div>
   <div class='ocr_carea' id='block_1_127' title="bbox 2101 5613 2919 5673">
    <p class='ocr_par' dir='ltr' id='par_1_127' title="bbox 2101 5613 2919 5673">
     <span class='ocr_line' id='line_1_128' title="bbox 2101 5613 2919 5673; baseline -0.007 0"><span class='ocrx_word' id='word_1_819' title='bbox 2101 5621 2225 5673; x_wconf 84' lang='grc'><strong>571.</strong></span> <span class='ocrx_word' id='word_1_820' title='bbox 2253 5617 2342 5673; x_wconf 91' lang='lat' dir='ltr'><strong>Sic</strong></span> <span class='ocrx_word' id='word_1_821' title='bbox 2371 5618 2515 5672; x_wconf 83' lang='lat' dir='ltr'><strong>Fest.</strong></span> <span class='ocrx_word' id='word_1_822' title='bbox 2542 5617 2669 5670; x_wconf 88' lang='lat' dir='ltr'><strong>dict.</strong></span> <span class='ocrx_word' id='word_1_823' title='bbox 2710 5613 2919 5669; x_wconf 85' lang='lat' dir='ltr'><strong>Vecors.</strong></span> 
     </span>
    </p>
   </div>
   <div class='ocr_carea' id='block_1_128' title="bbox 2100 5681 3609 5755">
    <p class='ocr_par' dir='ltr' id='par_1_128' title="bbox 2100 5681 3609 5755">
     <span class='ocr_line' id='line_1_129' title="bbox 2100 5681 3609 5755; baseline -0.007 -12"><span class='ocrx_word' id='word_1_824' title='bbox 2100 5688 2237 5743; x_wconf 82' lang='lat' dir='ltr'><strong>Ibid.</strong></span> <span class='ocrx_word' id='word_1_825' title='bbox 2275 5690 2347 5741; x_wconf 83' lang='lat' dir='ltr'><strong>De</strong></span> <span class='ocrx_word' id='word_1_826' title='bbox 2371 5689 2587 5742; x_wconf 84' lang='lat' dir='ltr'><strong>vocibus</strong></span> <span class='ocrx_word' id='word_1_827' title='bbox 2609 5702 2727 5755; x_wconf 60' lang='lat' dir='ltr'><strong>qua:</strong></span> <span class='ocrx_word' id='word_1_828' title='bbox 2747 5701 2810 5741; x_wconf 77' lang='lat' dir='ltr'><strong>ex</strong></span> <span class='ocrx_word' id='word_1_829' title='bbox 2834 5702 2891 5739; x_wconf 76' lang='lat' dir='ltr'><strong>tte</strong></span> <span class='ocrx_word' id='word_1_830' title='bbox 2911 5694 3329 5754; x_wconf 79' lang='lat' dir='ltr'><strong>eumponuntnr,</strong></span> <span class='ocrx_word' id='word_1_831' title='bbox 3354 5681 3609 5736; x_wconf 66' lang='lat' dir='ltr'><strong>videndus</strong></span> 
     </span>
    </p>
   </div>
   <div class='ocr_carea' id='block_1_129' title="bbox 2031 5756 3612 5827">
    <p class='ocr_par' dir='ltr' id='par_1_129' title="bbox 2031 5756 3612 5827">
     <span class='ocr_line' id='line_1_130' title="bbox 2031 5756 3612 5827; baseline -0.008 -12"><span class='ocrx_word' id='word_1_832' title='bbox 2031 5760 2259 5823; x_wconf 83' lang='lat' dir='ltr'><strong>Gellius,</strong></span> <span class='ocrx_word' id='word_1_833' title='bbox 2283 5759 2373 5813; x_wconf 88' lang='lat' dir='ltr'><strong>lib.</strong></span> <span class='ocrx_word' id='word_1_834' title='bbox 2399 5773 2594 5827; x_wconf 87' lang='lat' dir='ltr'><strong>v,cap.</strong></span> <span class='ocrx_word' id='word_1_835' title='bbox 2636 5756 2697 5811; x_wconf 71' lang='lat'><strong>12</strong></span> <span class='ocrx_word' id='word_1_836' title='bbox 2719 5798 2734 5825; x_wconf 94' lang='lat'><strong>,</strong></span> <span class='ocrx_word' id='word_1_837' title='bbox 2767 5770 2819 5813; x_wconf 91' lang='lat' dir='ltr'><strong>et</strong></span> <span class='ocrx_word' id='word_1_838' title='bbox 2850 5758 2939 5811; x_wconf 88' lang='lat' dir='ltr'><strong>lib.</strong></span> <span class='ocrx_word' id='word_1_839' title='bbox 2978 5772 3136 5821; x_wconf 59' lang='grc' dir='ltr'>χιιι,</span> <span class='ocrx_word' id='word_1_840' title='bbox 3169 5770 3286 5824; x_wconf 85' lang='lat' dir='ltr'><strong>cap.</strong></span> <span class='ocrx_word' id='word_1_841' title='bbox 3319 5756 3403 5808; x_wconf 82' lang='grc'><strong>15.</strong></span> <span class='ocrx_word' id='word_1_842' title='bbox 3444 5756 3612 5805; x_wconf 73' lang='lat' dir='ltr'><strong>Anu.</strong></span> 
     </span>
    </p>
   </div>
  </div>
