4108 6178
454 255 523 311 67
1490 246 1547 302 8.
1590 244 1831 299 ISIDOIII
1874 243 2310 299 HISPALENSIS
2350 242 2651 300 EPISCOI’I
3647 243 3710 300 63

523 364 651 422 572.
698 365 842 420 Inter
893 361 1227 415 Vclocitatem
1275 368 1331 413 et
1389 357 1716 411 celeritatem.
1772 356 2038 411 Velocitas
2062 369 2111 426 Α
2139 358 2308 426 gratia
2342 374 2354 407 :
2392 356 2516 409 Uter
2555 354 2685 422 vult,
2722 357 2889 410 veniat
2932 356 3003 410 ad
3052 372 3149 421 me,
3183 355 3232 409 id
3258 364 3359 421 est,
3387 356 3475 425 qui
3510 357 3623 411 vult
3648 360 3715 419 de

454 460 647 528 pedum
673 463 774 519 est,
806 453 1056 507 celeritas
1082 450 1407 503 animorum.

525 545 652 602 575.
680 547 818 599 Inter
849 542 1150 597 Vastitatem
1174 548 1227 593 et
1251 536 1627 591 vastitudinem.
1654 535 1887 591 Vastitas
1915 549 2034 588 cor-

454 641 601 708 poris
622 648 735 702 est;
770 636 1056 693 vastitudo,
1090 630 1346 684 solitudo.

529 727 655 784 574,
715 728 856 780 Inter
917 722 1240 792 Voluptatem
1292 728 1347 773 et
1392 718 1723 772 voluntatem.
1777 718 2034 771 Voluntas

458 830 542 875 est
562 817 881 873 desiderium
908 814 1138 866 nondum
1158 810 1363 877 adepta:
1387 811 1490 872 rei,
1526 809 1767 876 voluptas
1796 822 1925 861 vero
1957 807 2034 860 rei

457 911 666 977 atlepta:
693 904 996 968 delectatio,
1032 902 1113 953 vel
1148 901 1322 961 boum,
1352 900 1432 952 vel
1467 900 1645 951 malm.

524 1002 650 1057 575.
692 999 831 1051 Inter
865 995 1087 1049 Verbera
1129 1004 1185 1048 et
1219 992 1445 1062 flagella.
1484 991 1714 1044 Verbera
1760 989 2039 1057 quodlibet

449 1104 618 1160 genus
642 1087 972 1157 ﬂagellorum
1004 1095 1104 1146 est,
1138 1098 1258 1135 nam
1285 1081 1492 1151 ﬂagella
1519 1081 1729 1149 proprie
1764 1080 2032 1148 virgarum

448 1191 595 1243 sunt,
626 1192 679 1232 et
701 1180 840 1233 dicta
865 1190 931 1230 eo
960 1178 1100 1245 quod
1125 1174 1251 1227 ﬂatu
1280 1174 1548 1241 agitentur
1575 1182 1629 1225 et
1658 1180 1874 1224 sonent.

523 1271 648 1327 576.
684 1271 845 1327 Iuter_
875 1266 1234 1319 Valetudinem
1275 1273 1329 1316 et
1368 1263 1739 1330 inﬁrmitatem.
1778 1260 2037 1315 Valctudo

453 1379 705 1433 prospera
748 1376 868 1415 esse
917 1370 1089 1429 p0tcst
1131 1368 1187 1411 et
1232 1358 1477 1425 adversa,
1511 1354 1787 1409 inﬁrmitas
1825 1368 2038 1423 semper

463 1459 651 1510 infesta
680 1462 783 1508 est.

523 1548 649 1599 577.
692 1545 835 1598 Inter
879 1542 1081 1596 Vulnus
1126 1550 1180 1595 et
1226 1541 1393 1594 ulcus.
1424 1538 1631 1592 Vulnus
1683 1537 1749 1591 ad
1800 1536 2036 1590 animum

454 1641 704 1704 refertur,
733 1638 880 1691 ulcus
907 1635 973 1688 ad
993 1633 1231 1701 corporis
1256 1630 1527 1699 iniuriam.
1550 1629 1677 1681 Item
1705 1626 1897 1680 vulnus
1918 1641 2038 1680 cor-

455 1734 601 1801 poris
630 1745 815 1785 recens
850 1728 1023 1796 plaga,
1074 1727 1222 1779 ulcus
1261 1738 1389 1777 vero
1435 1722 1787 1775 inveteratum
1820 1719 2033 1773 vulnus.

525 1822 649 1877 578.
696 1821 835 1875 Inter
893 1817 1110 1871 Verbum
1155 1824 1210 1869 et
1256 1816 1573 1869 Sermonem.
1613 1812 1843 1867 Verbum
1879 1812 2036 1865 unius

455 1930 577 1982 pars
617 1912 875 1965 orationis
925 1918 1026 1973 est,
1075 1909 1228 1976 juxta
1267 1908 1663 1976 grammaticos.
1698 1905 1827 1959 Nam
1859 1919 2037 1958 sermo

458 2008 808 2077 plurimorum
846 2004 1130 2059 verborqu
1170 2004 1341 2055 oratio
1392 2010 1494 2055 est.
1546 2001 1735 2055 Sermo
1786 2010 1961 2054 autem
2007 2015 2037 2052 a

455 2099 684 2153 serendo
708 2097 906 2158 dictus,
939 2095 1079 2164 quod
1112 2108 1211 2146 nos
1238 2108 1357 2145 cum
1403 2092 1782 2160 praepositione
1808 2092 2039 2145 dicimus

455 2208 484 2246 a
514 2189 855 2246 disserendo.
889 2187 1023 2241 Ilinc
1052 2194 1106 2239 et
1132 2199 1309 2239 sermo
1341 2184 1509 2238 sancti
1545 2183 1728 2237 Hilarii
1771 2192 1825 2238 et
1860 2184 2039 2251 Augu-

455 2283 582 2338 Stini
614 2281 829 2341 dicitur,
859 2278 909 2331 id
940 2288 1022 2332 est
1049 2277 1301 2329 dissertio
1334 2274 1515 2327 Ililarii
1546 2285 1601 2328 et
1632 2274 1932 2343 Augustini.

527 2372 654 2426 579.
690 2371 833 2424 Inter
880 2368 1027 2422 Ultra
1049 2376 1104 2420 et
1139 2367 1287 2419 citra.
1329 2364 1475 2420 Ultra
1512 2365 1639 2419 illuc
1674 2368 1757 2419 vel
1785 2364 2042 2434 amplius,

458 2464 589 2517 citra
616 2462 719 2513 buc
739 2458 804 2513 ad
828 2471 948 2521 nos,
980 2457 1117 2509 intra
1151 2469 1268 2509 nos.

532 2553 640 2623 73
680 2552 803 2606 580.
869 2549 1009 2603 Inter
1054 2546 1244 2602 Ulcisci
1291 2556 1345 2601 et
1392 2546 1671 2600 vindicare.
1726 2543 2048 2601 Ulciscimur

462 2646 708 2715 injuriam
741 2644 970 2707 factam;
1002 2640 1353 2704 vindicamus,
1383 2654 1449 2693 ne
1481 2639 1591 2691 liat.

531 2735 659 2790 531.
693 2734 834 2787 Inter
871 2731 1073 2797 Videre,
1130 2732 1379 2801 aspicere,
1428 2737 1483 2783 et
1535 2729 1738 2782 intueri.
1788 2728 2043 2783 Videmus

465 2835 675 2888 natura,
705 2823 995 2890 aspicimus
1026 2822 1322 2887 voluntate,
1355 2822 1626 2876 intuemur
1650 2836 1799 2874 cura.

534 2915 659 2968 582.
692 2915 832 2968 Inter
862 2912 1090 2966 Vcneunt
1113 2922 1165 2967 et
1189 2913 1426 2967 vendunt.
1463 2910 1709 2967 Vendunt
1734 2912 1823 2981 qui
1845 2926 2046 2967 venun-

466 3009 613 3069 dant,
649 3013 881 3058 veneunt
908 3004 995 3073 qui
1029 3004 1349 3057 venduutur.

537 3096 661 3149 585.
696 3096 837 3149 Inter
881 3094 1025 3159 Volo,
1049 3103 1103 3148 et
1131 3102 1274 3162 opto,
1298 3095 1545 3163 etcupio.
1590 3092 1724 3149 Volo
1758 3091 1934 3150 minus
1965 3103 2047 3149 est

479 3203 636 3254 quam
671 3196 819 3255 opto,
845 3187 981 3254 Opto
1011 3185 1186 3238 minus
1217 3196 1298 3240 est
1325 3202 1482 3255 quam
1511 3186 1691 3256 cupio.

536 3297 662 3351 58‘.
690 3296 836 3350 Inter
900 3295 1072 3349 Unum
1111 3304 1166 3348 et
1210 3296 1437 3349 unicum.
1496 3294 1667 3362 Unus,
1718 3312 1781 3351 ex
1832 3296 2047 3363 multis;

467 3387 684 3453 unicus,
711 3387 859 3441 solus
888 3396 991 3440 est.
1025 3386 1182 3439 Solus
1206 3385 1385 3455 itaque
1408 3400 1546 3440 unus
1575 3394 1904 3451 numeratur,
1936 3386 2050 3440 uni-

468 3490 565 3530 cus
595 3477 731 3529 intra
758 3490 1039 3528 numerum
1067 3474 1265 3529 linitur.

536 3568 664 3621 585.
696 3567 839 3620 Inter
870 3565 1035 3619 Unum
1065 3576 1120 3619 et
1148 3566 1334 3619 solum.
1363 3564 1511 3620 Unus
1532 3565 1596 3620 ad
1620 3581 1899 3621 numerum
1934 3582 2052 3635 per-

470 3659 624 3721 tinet,
661 3658 805 3711 solus
834 3672 865 3711 e
896 3656 1076 3710 multis
1103 3656 1439 3724 intelligitur.

541 3772 664 3828 586.
722 3772 866 3825 Inter
925 3769 1052 3825 Uter
1102 3780 1158 3825 et
1213 3780 1411 3824 utrum.
1465 3770 1522 3826 Si
1575 3772 1722 3825 enim
1777 3771 2047 3828 dicimus:

473 3863 661 3918 Utrum
717 3865 827 3927 vis,
875 3862 1075 3932 eligere
1120 3861 1407 3932 signiﬁcat,
1457 3873 1547 3916 aut
1596 3863 1720 3927 hoc,
1764 3871 1856 3917 aut
1894 3864 2047 3917 illud.

473 3954 605 4011 Uter
663 3968 841 4010 autem
892 3954 1153 4023 accipitur
1203 3968 1302 4023 pro
1348 3954 1611 4021 personis,
1666 3954 1807 4009 sicut
1836 3995 1852 4021 ,
1901 3957 2049 4010 verbi

544 4151 667 4204 572.
707 4150 785 4203 Ex
831 4150 1027 4216 Agraet.
1073 4147 1159 4215 qui
1193 4146 1441 4215 amplius,
1486 4145 1745 4200 Velocitas
1781 4148 1969 4213 pedum
1998 4160 2047 4203 et

471 4236 761 4290 corporum.
785 4220 1013 4272 celeritas
1036 4220 1321 4290 animorum
1342 4228 1494 4285 atque
1518 4219 1789 4290 factorum.

545 4285 671 4345 574.
704 4291 901 4343 Fronto
952 4290 1220 4342 brevius.:
1263 4285 1515 4339 Voluntas
1554 4287 1688 4357 facta
1710 4287 1916 4357 gaudet,
1951 4306 2041 4343 vo-

477 4363 645 4429 luptas
674 4359 784 4427 fieri
817 4360 975 4419 cupit,
999 4375 1153 4426 quem
1183 4358 1368 4412 Isidor.
1394 4357 1539 4409 Velut
1568 4356 1872 4423 explicavit.

546 4430 670 4483 575.
701 4429 999 4499 Etytnolog.
1029 4430 1117 4482 lib.
1147 4445 1197 4489 v,
1227 4442 1342 4495 cap.
1364 4429 1533 4499 ultitn.

550 4528 619 4541 —-
651 4499 715 4553 Et
744 4496 898 4552 dicta.
932 4500 991 4553 C.
1030 4500 1101 4552 lix
1134 4499 1290 4551 Serv.
1324 4498 1387 4549 ad
1432 4498 1506 4549 ill.
1547 4512 1581 4548 II
1630 4496 1859 4564 Georg.;
1918 4497 2053 4551 Neve

479 4573 686 4642 ﬂagella
724 4586 920 4623 summa
952 4582 1079 4642 pete.
1114 4568 1421 4642 Etymolog.
1463 4567 1553 4620 lib.
1578 4582 1723 4642 _xvu,
1755 4582 1870 4642 cap.
1904 4572 1958 4627 5,
1995 4568 2048 4620 6.

548 4640 670 4694 577.
704 4642 993 4708 Agrmtius:
1016 4638 1174 4692 Ulcus
1196 4648 1266 4691 est
1290 4639 1422 4705 quod
1450 4638 1693 4697 nascitur,
1712 4638 1895 4689 vulnus
1916 4642 2049 4701 quod

478 4712 539 4763 ab
569 4713 672 4764 alio
694 4711 912 4777 infertur
952 4709 1017 4761 Et
1043 4710 1192 4761 Serv.
1216 4708 1370 4762 Ulcus
1397 4716 1524 4759 lecta
1548 4719 1591 4758 et
1616 4708 1873 4760 clausaest
1898 4710 2049 4759 mali-

479 4783 666 4851 gnitas,
699 4782 881 4832 vulnus
908 4779 1077 4851 hians,
1110 4789 1156 4831 et
1181 4789 1373 4847 patens.

550 4848 674 4906 578.
712 4850 1012 4919 Etymolog.
1048 4850 1140 4900 lib.
1170 4865 1222 4913 v,
1256 4862 1375 4912 cap.
1410 4848 1460 4919 ξ.

551 4919 673 4974 580.
701 4917 1101 4978 ΕκἚι-τιηῐοιιθ,
1135 4920 1223 4987 qui
1273 4918 1373 4970 ita:
1412 4917 1549 4969 Ultio
1584 4917 1801 4969 vindicat
1841 4918 2050 4988 factum,

480 4991 702 5043 vindicta
724 4993 800 5044 vel
831 4990 1100 5042 vindicatio
1122 4991 1297 5056 futura
1330 4988 1579 5053 prohibet.

554 5061 678 5115 58L
735 5061 811 5114 Ex
862 5061 1151 5122 Frontone,
1194 5059 1245 5111 in
1286 5074 1391 5124 quo
1419 5068 1591 5110 tamen
1623 5072 1717 5124 pro
1749 5057 1975 5123 aspicere
2002 5067 2056 5111 et

483 5132 779 5196 aspicimus,
804 5131 1000 5184 rectius
1027 5139 1108 5182 est
1137 5138 1364 5197 spectare
1383 5135 1438 5179 et
1454 5136 1759 5197 spectamus,
1781 5142 1901 5179 nam
1917 5131 2055 5197 aspio

486 5216 597 5251 cere
625 5217 687 5269 ea:
712 5201 1003 5269 improviso,
1037 5199 1175 5253 idem
1200 5209 1386 5269 auctor
1413 5197 1590 5250 ducet.

559 5268 682 5341 586.
710 5268 870 5341 _Lego
906 5271 1162 5341 eligopro
1191 5268 1396 5341 eligere.

560 5336 680 5390 587.
710 5339 785 5392 Es
807 5332 1170 5393 iServfadVilI.
1203 5355 1238 5392 Il
1262 5332 1393 5391 }En.
1419 5356 1429 5387 :
1464 5332 1615 5405 Festa
1630 5337 1853 5388 velamus
1877 5338 2058 5405 fronde

489 5425 578 5478 per
615 5406 822 5463 Urbem.
856 5409 975 5461 Vid.
1022 5410 1162 5463 Non.
1197 5407 1539 5478 dictionibus.
1574 5404 1733 5478 Alnter
1773 5404 1977 5478 Urbem,
2009 5418 2058 5459 et

492 5476 773 5531 Civitatem.
814 5478 899 5533 A1.
936 5478 1005 5531 Ut
1027 5480 1149 5534 urbe
1176 5479 1358 5533 mantia
1394 5476 1609 5529 civitatis
1640 5477 1909 5547 signiﬁcet,
1939 5478 2058 5529 ciri-

492 5558 595 5601 tate
627 5549 817 5601 incolas
843 5549 1000 5600 urbis.

563 5647 633 5658 —
666 5617 853 5673 Urbem
878 5628 1063 5671 autem.
1094 5618 1338 5688 Serv.iad
1365 5617 1440 5671 ill.
1472 5632 1485 5669 ι
1514 5617 1637 5677 Em,
1685 5614 1815 5669 Urbs
1850 5618 2057 5688 antiqua

496 5690 634 5757 fuit:
656 5699 707 5744 et
730 5689 918 5745 Donat.
951 5689 1014 5742 ad
1046 5688 1121 5743 ill.
1154 5704 1184 5742 v
1224 5687 1406 5742 Urbem
1432 5688 1661 5756 designat
1691 5696 1880 5741 aratro.

2141 447 2373 502 duobus.

2207 561 2334 617 587.
2366 562 2511 615 Inter
2543 561 2728 616 Urbem
2758 572 2811 616 et
2840 563 3475 631 civitatemitadistinguit
3501 564 3710 626 Cicera,

2138 663 2195 706 ut
2226 653 2410 707 urbem
2453 654 2644 706 moenia
2680 654 2909 705 civitatis
2950 654 3269 722 signiﬁcent,
3294 654 3488 706 civitas
3514 654 3716 705 incolas

2143 744 2313 797 urbis.
2344 744 2475 797 Nam
2517 744 2580 795 ad
2634 744 2955 797 Dolabellam
3010 744 3085 794 sic
3130 743 3345 810 scripsit
3390 760 3405 797 :
3456 743 3713 796 Liberasti

2140 838 2326 890 urbem
2358 852 2387 889 a
2418 834 2672 903 periculo,
2708 835 2971 888 civitatem
3018 852 3045 886 ει
3096 843 3261 887 metu.
3310 833 3506 889 Urbem
3538 846 3713 888 autem

2142 928 2209 981 ab
2238 930 2391 993 urlm,
2425 942 2580 997 quem
2618 938 2850 980 aratrum
2882 928 2963 981 \el
2987 927 3191 980 sulcum
3223 938 3430 982 veteres
3450 926 3716 993 dicebant,

2142 1028 2233 1071 aut
2288 1020 2353 1070 ab
2410 1020 2540 1071 orbe
2582 1019 2774 1070 dictam
2830 1028 3035 1083 putant,
3066 1016 3218 1085 cujus
3246 1016 3296 1071 in
3328 1032 3387 1071 se
3432 1018 3713 1084 imaginem

2141 1107 2436 1177 respublica
2467 1108 2788 1161 contineret.
2818 1109 2986 1160 Porro
3030 1107 3282 1173 Oppidum
3313 1106 3377 1160 ad
3413 1107 3717 1161 habitantes

2144 1198 2399 1268 pertinet,
2431 1198 2622 1252 civitas
2652 1198 2716 1251 ad
2749 1198 2914 1266 leges,
2947 1197 3075 1249 urbs
3103 1196 3168 1250 ad
3200 1205 3505 1265 utrumque.

2215 1291 2341 1347 588.
2368 1292 2513 1345 Inter
2558 1290 2744 1344 Virum
2784 1299 2838 1343 et
2868 1290 3139 1343 hominem.
3192 1288 3280 1341 Vir
3325 1304 3437 1341 mas
3482 1298 3582 1351 est,
3614 1304 3718 1341 non

2134 1383 2371 1448 femina;
2399 1382 2568 1435 Ilomo
2591 1396 2702 1435 mas
2729 1390 2830 1445 est,
2856 1390 2909 1433 et
2936 1380 3150 1434 femina.
3184 1378 3398 1432 Femina
3421 1388 3595 1430 autem
3621 1393 3719 1430 na-

2142 1475 2314 1529 turale
2343 1488 2539 1528 nomen
2584 1483 2688 1539 est,
2721 1472 2971 1541 generale
3019 1470 3230 1533 mulier,
3262 1470 3497 1538 speciale
3544 1469 3717 1538 virgo,

2142 1569 2226 1623 vel
2256 1580 2441 1637 nupta,
2466 1567 2547 1621 vel
2577 1582 2697 1633 qua:
2722 1565 2880 1621 etiam
2904 1565 3076 1618 relatis
3107 1566 3320 1617 nomina
3350 1562 3631 1617 accedunt.

2215 1680 2323 1752 74,
2348 1679 2473 1734 589.
2501 1678 2644 1732 Inter
2680 1677 2892 1733 Vultum
2921 1688 2971 1730 et
3003 1677 3203 1747 faciem.
3238 1673 3420 1728 Facies
3450 1684 3532 1729 est
3563 1681 3719 1727 natu-

2072 1757 2113 1814 Β
2142 1773 2269 1826 ralis
2292 1770 2401 1824 oris
2429 1769 2638 1823 habitus
2670 1768 3033 1833 immutabilis,
3066 1768 3243 1820 vultus
3277 1782 3400 1819 vero
3425 1781 3518 1834 pro
3545 1780 3719 1820 rerum

2141 1877 2205 1917 ac
2229 1871 2527 1929 temporum
2559 1862 2813 1930 qualitate
2844 1862 3019 1914 varius
3044 1870 3095 1913 et
3123 1860 3389 1914 mutabilis
3421 1858 3552 1932 [Al.,
3577 1873 3722 1913 cum-

2145 1951 2465 2025 mutabilis],
2515 1963 2570 2009 et
2618 1955 2907 2009 secundum
2957 1952 3293 2006 all'ectionetn
3351 1952 3511 2005 animi
3560 1952 3720 2005 modo

2144 2049 2317 2113 laetus,
2365 2048 2524 2102 modo
2569 2048 2755 2101 tristis.
2796 2047 2944 2101 Unde
2987 2056 3041 2100 et
3086 2045 3313 2099 vnltuosi
3360 2044 3604 2097 dicuntur
3636 2044 3721 2111 qui

2144 2143 2354 2196 vultum
2386 2156 2527 2211 saepe
2557 2150 2901 2196 commutant.
2936 2139 3117 2208 Itaque
3161 2139 3389 2192 Lucilius
3422 2138 3532 2190 hmc
3575 2137 3722 2205 ψιωί

2143 2233 2472 2303 distinguens
2512 2232 2628 2286 ait:
2665 2233 2791 2297 Qua
2822 2232 2997 2301 facies,
3054 2232 3140 2300 qui
3190 2230 3360 2282 vultus
3403 2229 3525 2279 viro.
3586 2226 3723 2279 Dici-

2146 2339 2264 2377 mus
2302 2332 2479 2378 autem
2530 2331 2586 2377 et
2623 2322 2828 2375 vultum
2880 2322 3000 2374 caeli
3043 2331 3097 2374 et
3135 2321 3334 2373 vultum
3380 2320 3562 2380 maris,
3600 2317 3722 2385 quia

2145 2424 2201 2469 et
2232 2429 2378 2467 mare
2426 2428 2569 2483 saepe
2627 2414 2679 2466 in
2736 2412 2913 2466 varios
2963 2420 3137 2464 motus
3185 2420 3460 2464 ventorum
3515 2409 3725 2462 ﬂatibus

2147 2513 2406 2571 mutitur,
2438 2514 2492 2558 et
2523 2504 2643 2557 εαξῐί
2678 2503 2852 2557 vultus
2893 2518 2957 2555 ex
3010 2502 3126 2555 luce
3166 2500 3218 2554 in
3264 2499 3530 2563 tenebras,
3563 2507 3615 2552 et
3656 2513 3718 2550 ex

2157 2612 2352 2653 sereno
2383 2598 2434 2649 in
2467 2596 2703 2648 nubilum
2760 2600 3121 2648 commutatur
3142 2633 3158 2658 ,
3187 2591 3328 2645 sicut
3366 2599 3419 2644 et
3450 2589 3723 2644 hominum

2149 2703 2269 2742 cum
2303 2688 2572 2742 mentibus
2603 2687 2800 2739 vultus.

2221 2801 2346 2856 590.
2382 2800 2524 2855 Inter
2573 2798 2833 2868 Virginem
2870 2806 2924 2851 et
2954 2798 3251 2868 viraginem.
3302 2794 3463 2863 Virgo
3492 2800 3574 2847 est
3605 2806 3724 2861 qua:

2150 2895 2322 2948 virum
2356 2893 2546 2956 nescit,
2576 2893 2756 2961 virago
2780 2902 2958 2945 autem
2986 2904 3107 2959 qua:
3134 2888 3302 2941 virum
3341 2886 3473 2956 agit,
3525 2886 3624 2940 hoc
3647 2894 3729 2937 est

2149 2999 2310 3053 opera
2339 2982 2511 3037 virilia
2547 2983 2690 3039 facit.
2742 2982 2853 3035 Non
2891 2991 3065 3035 autem
3107 2981 3277 3033 solum
3322 2978 3552 3048 virgines
3586 2976 3727 3027 vira~

2151 3076 2324 3146 gines,
2357 3074 2447 3126 sed
2473 3080 2527 3126 et
2553 3083 2819 3140 corrupta:
2858 3072 3131 3137 mulieres,
3160 3086 3277 3140 qua:
3306 3068 3476 3122 virilia
3507 3065 3725 3130 faciunt,

2152 3167 2417 3236 viragines
2446 3174 2594 3219 recte
2623 3164 2890 3218 dicuntur.

2222 3274 2347 3330 591.
2388 3274 2531 3328 Inter
2582 3272 2766 3327 Vivum
2818 3284 2871 3329 et
2912 3277 3175 3328 viventem.
3206 3270 3396 3325 Vivum
3428 3269 3495 3324 de
3526 3269 3731 3322 victuro

2152 3363 2412 3429 dicimus;
2446 3364 2735 3429 viventem,
2760 3364 2827 3417 de
2854 3363 3134 3417 morituro.

2228 3456 2354 3512 592.
2381 3455 2524 3508 Inter
2554 3453 2628 3507 Ve
2655 3462 2710 3507 et
2730 3472 2847 3523 que.
2874 3454 2951 3508 Ve
2978 3452 3275 3522 diSIingnit,
3306 3466 3409 3521 que
3433 3448 3728 3517 coniungit.

2228 3545 2353 3602 595.
2383 3546 2527 3599 Inter
2556 3544 2648 3599 Va:
2676 3555 2731 3598 et
2754 3562 2829 3599 ve.
2864 3545 2939 3599 Ve
2968 3545 3083 3599 sine
3106 3544 3454 3610 aconjunctio
3475 3541 3731 3611 conjunc-

2156 3639 2263 3692 tiva
2293 3646 2395 3691 est.
2434 3636 2525 3690 Vae
2554 3650 2674 3690 cum
2697 3655 2748 3703 a,
2779 3636 3079 3703 intet'jectio
3100 3634 3331 3689 dolentis
3354 3643 3457 3689 est.

2224 3754 2350 3810 594.
2384 3756 2525 3810 Inter
2578 3756 2765 3809 Vocem
2814 3764 2870 3808 et
2916 3752 3133 3807 Sonam.
3171 3750 3280 3803 Vox
3330 3757 3413 3803 est
3468 3747 3722 3809 hominis,

2157 3861 2325 3903 sonus
2348 3846 2662 3916 crepidinis.

2225 3962 2352 4019 595.
2414 3962 2557 4019 Inter
2596 3963 2815 4018 Uvidum
2864 3969 2919 4015 et
2955 3957 3249 4012 humidum.
3284 3955 3568 4009 Humidum
3619 3959 3732 4015 est,

2221 4186 2291 4196 -—
2313 4154 2554 4227 Aratrum
2575 4200 2588 4220 ,
2624 4156 2738 4227 vel._
2754 4156 2897 4227 Pars
2917 4156 3079 4227 aratri
3128 4167 3242 4227 non
3266 4161 3495 4227 aratrum
3516 4188 3531 4213 ,
3567 4163 3738 4227 neque

2146 4228 2349 4290 sulcus,
2376 4226 2469 4279 sed
2496 4230 2635 4291 quod
2662 4225 2838 4279 sulcus
2871 4224 2953 4289 lit,
2981 4224 3169 4277 melius
3192 4220 3597 4287 distiuctiusque
3622 4220 3737 4285 ipse

2150 4295 2242 4349 lib.
2278 4296 2574 4365 Etymolog.
2609 4310 2693 4359 xv,
2724 4310 2843 4362 cap.
2868 4296 2922 4347 2.

2074 4363 2126 4421 Ι)
2219 4395 2289 4405 -
2328 4360 2402 4419 Ab
2428 4360 2565 4418 orbe.
2600 4360 2843 4429 Servius,
2874 4365 2992 4418 loco
3007 4365 3192 4427 citato,
3218 4361 3280 4415 ab
3306 4360 3443 4427 orbe,
3475 4361 3615 4428 quod
3647 4374 3737 4410 an-

2156 4435 2316 4504 tiquae
2345 4439 2589 4489 civitates
2619 4437 2667 4488 in
2699 4436 2880 4489 orbem
2908 4436 3121 4488 ﬁebant.

2225 4498 2348 4560 588.
2375 4505 2468 4559 Vir
2489 4508 2669 4573 maris,
2688 4522 2789 4558 non
2812 4508 3048 4573 femina:
3070 4504 3243 4567 homo,
3268 4501 3421 4553 maris
3444 4507 3489 4553 et
3510 4498 3736 4568 femine.

2156 4576 2251 4629 Ms.
2278 4579 2555 4630 mendose.

2226 4646 2350 4701 589.
2384 4647 2457 4699 Ex
2484 4645 2749 4700 veteribus
2784 4644 3015 4699 Terentii
3048 4640 3451 4710 interpretibus,
3477 4639 3529 4693 in
3550 4637 3741 4705 quibus

2155 4725 2332 4768 tamen
2365 4732 2458 4781 pro
2492 4717 2668 4786 facies,
2706 4720 2873 4785 {arma
2912 4713 3172 4786 est._Vid.
3206 4712 3351 4786 Non;
3385 4710 3441 4762 d.
3485 4710 3663 4786 facies,
3686 4716 3740 4757 et

2156 4777 2502 4854 potissimum
2530 4777 2663 4839 dict.
2689 4777 2881 4850 vultus,
2912 4794 2967 4838 et
3000 4784 3179 4854 facies,
3225 4791 3280 4836 et
3318 4778 3471 4835 Serv.
3503 4779 3569 4832 ad
3610 4777 3689 4831 ill.
3725 4792 3737 4828 ι

2156 4856 2279 4911 Ᾱὲη.
2316 4856 2393 4909 Tu
2416 4858 2595 4924 faciem
2621 4857 2781 4911 illius.

2224 4955 2295 4966 -—
2326 4923 2580 4980 Vultuosi.
2614 4926 2773 4989 Nam,
2803 4923 2929 4978 dict.
2953 4923 3282 4977 Vultuosum.

2224 5024 2295 5037 --
2328 4996 2538 5049 Vultum
2565 4998 2740 5049 maris.
2774 4994 2989 5048 IEneid.
3020 5011 3087 5046 v:

2341 5107 2488 5155 Mene
2511 5105 2627 5154 salis
2649 5105 2819 5165 placidi
2844 5105 3029 5154 vultum
3054 5106 3326 5165 ﬂuctusque
3349 5104 3543 5164 quietos

2344 5167 2579 5227 Ignorare
2602 5167 2785 5228 jubes?

2232 5273 2294 5325 Et
2325 5272 2394 5325 ibi
2421 5271 2576 5326 Serv.

2230 5343 2355 5396 59L
2388 5344 2461 5395 Ex
2489 5342 2737 5409 Agrmtin.

2228 5412 2354 5466 592.
2382 5412 2515 5465 Cod.
2540 5406 2664 5467 Vat.
2690 5412 2828 5464 Inter
2873 5425 2976 5470 oua
3015 5417 3069 5461 et
3110 5422 3175 5460 vl
3212 5406 3304 5458 hoc
3341 5406 3578 5473 interest,
3610 5409 3745 5473 quod

2158 5495 2260 5552 o-n
2279 5483 2578 5552 conjunrlio
2602 5489 2675 5534 est
2695 5496 2813 5552 ,ve
2829 5480 3127 5552 disjunctio.
3162 5482 3333 5531 Ansv.

2231 5550 2355 5606 595.
2380 5550 2468 5607 Es
2492 5553 2645 5608 Serv.
2669 5551 2734 5603 ad
2767 5551 2842 5605 ill.
2869 5553 2935 5604 Ill
2962 5550 3142 5617 Eclog.

2376 5674 2561 5727 lividus
2592 5676 2795 5725 hiberna
2820 5673 2959 5721 venit
2979 5670 3041 5719 de
3068 5666 3246 5729 glande
3271 5664 3532 5718 Menalcas.
