4108 6178
337 276 401 328 £9
1500 270 2101 329 DIFFERENTIARUM
2144 274 2270 329 LIB.
2315 275 2381 330 II.
3525 281 3594 334 ’ἔο

336 390 463 457 quini
523 388 861 442 extrinsecus
915 386 1075 441 habet
1120 386 1318 453 aliquid
1370 387 1631 454 humoris,
1687 388 1899 441 uvidum
1930 396 1978 455 Α
2066 389 3587 463 005.InterUllametollam.Ullam,aliquam:ollam,vas.

337 496 454 533 vero
484 480 622 548 quod
654 480 1006 544 intrinsecus;
1033 479 1171 532 unde
1192 492 1245 532 et
1267 493 1381 532 uva;
1410 478 1590 549 dictae.

396 567 520 623 506.
574 568 719 623 Inter
765 567 942 621 Valles
986 574 1041 621 et
1083 569 1356 623 convalles.
1409 568 1590 623 Valles
1640 579 1765 623 sunt
1816 570 1913 623 tle-

336 674 508 729 pressa
536 662 651 714 loca
675 660 809 732 ML,
843 657 1002 730 colla]
1028 674 1371 729 camporum,
1418 659 1716 726 convalles,
1760 676 1912 713 mou-

338 752 458 804 tium
488 751 787 805 intervalla.

396 842 522 896 597.
577 841 717 894 Inter
769 838 973 893 Undam
1028 847 1082 894 et
1136 857 1347 910 aquam.
1407 839 1554 896 Unda
1604 855 1817 909 semper
1856 842 1906 893 in

332 944 470 988 motu
500 946 615 1001 est,
657 947 792 1001 aqua
835 948 960 985 vero
1009 933 1221 987 stativa.
1257 934 1421 986 Porro
1461 932 1658 986 imbres
1689 936 1907 985 nubium

331 1036 466 1093 sunt,
496 1027 682 1082 latices
703 1024 950 1081 foutimn.
976 1026 1104 1079 Nam
1136 1029 1267 1079 latex
1293 1028 1506 1095 proprie
1528 1026 1700 1094 liquor
1724 1025 1905 1090 fontis,

330 1133 377 1177 et
406 1122 582 1175 dictus
613 1122 751 1190 quod
786 1123 834 1174 in
853 1122 1000 1174 venis
1033 1132 1188 1175 terra:
1220 1122 1403 1175 lateat.

393 1209 518 1266 598.
555 1213 691 1265 Inter
722 1211 925 1275 Vicum,
953 1222 1004 1263 et
1033 1210 1196 1275 Viam,
1232 1220 1287 1264 et
1313 1214 1556 1283 plateam.
1582 1212 1695 1267 Vici
1722 1213 1908 1267 dicitn-

332 1314 405 1355 tur
434 1305 564 1371 ipsa:
591 1306 698 1375 75
718 1303 1073 1357 habitatiom-s
1098 1304 1145 1355 in
1176 1306 1426 1370 urbibus;
1450 1308 1547 1358 via:
1569 1317 1769 1370 autem,
1788 1324 1910 1375 spa-

329 1395 391 1446 tia
420 1405 644 1462 angusta
676 1410 795 1461 qute
824 1396 959 1448 inter
997 1398 1143 1448 vicos
1184 1404 1330 1460 sunt,
1372 1412 1595 1465 quarum
1625 1405 1908 1465 perpetuas

330 1493 382 1537 et
409 1484 627 1538 latiores
656 1484 860 1552 plateas
876 1500 1146 1539 vocamus.
1179 1486 1308 1540 Nam
1335 1488 1474 1556 plata
1490 1488 1639 1556 juxta
1661 1490 1903 1557 proprie-

329 1585 480 1629 tatem
516 1577 708 1643 linguze
736 1576 938 1631 Grtecm.
968 1593 998 1631 a
1033 1579 1313 1633 latitudine
1348 1596 1540 1635 nomen
1571 1583 1797 1650 accepit.

392 1666 520 1721 599.
561 1670 702 1721 Inter
739 1667 941 1721 Viridia
980 1679 1033 1723 et
1065 1673 1298 1725 virentia.
1342 1672 1537 1726 Viridia
1567 1684 1691 1727 sunt
1725 1675 1901 1745 ligna;

327 1758 547 1812 virentia
577 1769 702 1813 sunt
726 1761 918 1828 campi,
951 1762 1031 1815 vel
1061 1771 1206 1828 prata
1233 1762 1250 1834 [
1277 1764 1385 1830 AL,
1422 1762 1616 1835 prati

390 1846 517 1901 600.
554 1848 694 1900 Inter
730 1848 882 1902 Visus
915 1859 969 1903 et
1008 1852 1160 1905 visos.
1208 1851 1384 1916 Visos,
1424 1854 1700 1923 participia
1730 1853 1901 1919 dicta;

332 1937 500 1999 Visus,
529 1939 743 1991 nomina
772 1940 1112 2008 appellativa.

390 2031 514 2085 00L
554 2030 695 2084 Inter
738 2030 914 2083 Virum
961 2041 1014 2086 et
1045 2035 1202 2088 virus.
1239 2035 1452 2101 Virum,
1486 2035 1788 2103 hominem;
1828 2037 1906 2090 vi—

328 2137 431 2184 rus,
456 2136 727 2175 venenum
752 2123 902 2177 dicit.

393 2209 519 2263 602.
558 2210 697 2263 Inter
731 2209 864 2264 Vivit
892 2222 944 2266 et
971 2213 1111 2265 bibit.
1150 2211 1285 2267 Vivit
1309 2213 1376 2268 de
1406 2214 1534 2277 vita,
1554 2212 1693 2269 bibit
1720 2213 1787 2268 de
1811 2229 1905 2284 po-

331 2309 487 2352 tione.

390 2390 518 2445 605.
555 2390 693 2445 Inter
724 2391 958 2446 Vinctum
984 2402 1038 2448 et
1058 2393 1264 2447 victum.
1290 2394 1536 2460 Vinctus,
1571 2394 1899 2462 vinculatus;

326 2480 514 2545 victus,
549 2495 853 2550 superatus.

386 2568 514 2625 604.
549 2571 690 2626 Inter
726 2572 817 2625 Vis
847 2584 900 2628 et
931 2575 1023 2627 bis.
1057 2574 1169 2641 Vis,
1193 2591 1310 2646 quae
1339 2580 1405 2630 ad
1434 2578 1758 2633 voluntatem
1784 2595 1901 2648 per-

326 2660 479 2725 tinet;
518 2661 621 2726 b’s,
651 2664 855 2717 duabus
890 2665 1111 2720 vicibus.

386 2772 512 2846 596.
534 2772 938 2846 EtymologJib.
961 2793 1071 2841 xiv,
1087 2792 1204 2846 cap.
1225 2778 1276 2832 8.
1298 2778 1464 2844 Fest.,
1480 2780 1900 2837 dict.Convallis.

386 2843 511 2895 597.
552 2844 666 2916 μιν.
697 2860 787 2916 χιιι
815 2843 1288 2916 Ειγιιιοιοεηιτέιρ.
1312 2849 1401 2902 20.

386 2940 453 2951 -—
479 2916 522 2965 Α
550 2913 716 2982 lapsu.
749 2913 918 2975 Festi,
943 2913 1284 2972 διεμιαιεάε.

324 2983 516 3105 Ηῗὲιέ
553 2984 847 3054 Etymolog.
874 2988 966 3043 lib.
999 3004 1086 3054 xv,
1118 3005 1236 3058 cap.
1260 2989 1315 3055 2,
1334 2988 1462 3044 dict.
1502 2988 1680 3056 Vicus,
1706 3001 1755 3046 et
1777 2991 1905 3049 dict.

439 3071 464 3103 ε
521 3094 536 3105 .

387 3063 536 3178 ἕξξ.
554 3124 705 3196 Ragit
731 3127 828 3190 vel,
858 3136 983 3192 puto
1010 3129 1294 3196 glossema.
1322 3129 1454 3184 Vide
1480 3145 1692 3185 carmen
1716 3131 1904 3188 Ovidio

324 3195 642 3247 attributum
670 3198 735 3251 de
767 3198 930 3251 variis
957 3198 1263 3252 animalium
1298 3201 1535 3253 vooibus.

390 3262 527 3346 Ibid.
576 3265 653 3320 De
677 3271 851 3346 sonitu
883 3269 1565 3346 avniomvideAappentlicem
1592 3272 1654 3324 17
1687 3271 1750 3326 ad
1780 3274 1918 3345 Ety-‘

325 3337 583 3404 mologiat
605 3350 670 3390 ex
704 3340 815 3392 Cod
839 3352 901 3392 ce
934 3339 1171 3393 Palatino
1190 3338 1320 3393 251.
1354 3344 1524 3393 Ansv.

2081 482 2205 537 606.
2260 483 2399 537 Inter
2457 482 2661 535 Vallum
2688 493 2742 538 et
2790 501 3017 538 murum.
3063 485 3177 538 Non
3221 484 3361 553 quod
3412 500 3593 537 mur-ue

2013 574 2171 626 etiam
2200 574 2416 627 vallum.
2441 574 2574 626 Nam
2601 575 2784 641 utique
2811 576 2950 643 quod
2982 576 3174 628 vallum
3205 591 3388 629 murus
3417 586 3519 629 est.

2083 664 2207 717 0'07.
2240 665 2380 719 Inter
2416 664 2622 735 Vagire,
2653 667 2868 736 mugire,
2896 676 2950 721 et
2972 678 3189 721 etetera.
3224 668 3400 721 Infans
3425 668 3586 736 vagit,

2012 753 2109 806 bos
2142 756 2330 823 mugit,
2357 770 2526 824 equus
2550 756 2743 824 hinnit,
2772 756 2955 811 asinus
2987 758 3123 824 ragit
3149 759 3232 812 vel
3278 758 3418 811 rudit
3441 798 3457 822 ,
3508 759 3593 811 leo

2014 846 2176 914 rugit,
2207 846 2422 914 elephas
2446 846 2632 913 barrit,
2660 862 2747 901 sus
2774 848 3016 917 grunnit,
3040 850 3156 902 ovis
3180 850 3340 913 halat,
3365 863 3591 917 serpens

2010 936 2208 1001 sibilat,
2233 951 2360 989 rana
2384 947 2595 1001 coaxat,
2620 952 2818 990 corvus
2840 939 3086 1004 crocitat,
3111 953 3237 1007 grus
3266 948 3443 1002 arsat,
3474 940 3592 991 mil-

2012 1042 2109 1082 vus
2130 1029 2289 1097 jugit,
2318 1031 2468 1084 canis
2502 1031 2717 1095 baubat,
2748 1032 2828 1084 vel
2863 1032 3041 1094 latrat,
3084 1034 3269 1098 vulpes
3291 1034 3502 1100 gannit.

2084 1120 2206 1175 608.
2229 1120 2369 1175 Inter
2401 1121 2709 1190 Vesperescit
2738 1132 2792 1175 et
2820 1124 3138 1191 vesperascit.
3172 1120 3589 1189 \’e5perescit,id

2008 1218 2119 1274 est,
2152 1225 2274 1264 sero
2303 1213 2394 1276 lit;
2429 1214 2785 1279 vesperascit,
2818 1212 2899 1265 sol
2950 1211 3017 1264 ad
3048 1212 3302 1266 Occasum
3336 1211 3587 1264 declinat.

2079 1296 2202 1352 609.
2248 1300 2387 1353 Inter
2421 1298 2722 1370 Viperinum
2747 1309 2802 1353 et
2826 1300 3100 1369 vipereum.
3134 1298 3447 1366 Viperiuus,
3478 1297 3593 1366 pul-

2009 1385 2130 1451 lus;
2170 1388 2425 1455 Vipereus
2445 1429 2460 1455 ,
2489 1389 2553 1442 ad
2586 1389 2991 1443 similitudinem
3023 1389 3306 1459 serpentis.

2612 1502 2686 1556 De
2727 1504 2895 1557 littera
2935 1502 2997 1556 Ζ.

2080 1595 2205 1650 610.
2233 1594 2372 1649 Inter
2399 1594 2575 1649 Zelum
2602 1605 2658 1650 et
2686 1596 2949 1651 invidiam.
2976 1595 3138 1649 Zelus
3164 1593 3427 1649 interdum
3455 1604 3511 1647 et
3539 1593 3594 1648 in

2011 1687 2201 1742 bonam
2230 1697 2431 1756 partem
2457 1688 2624 1757 accipi
2651 1699 2856 1757 potest,
2881 1703 3000 1741 cum
3026 1688 3146 1757 quis
3173 1688 3360 1740 nititur
3384 1699 3445 1739 ea
3474 1701 3593 1753 qua:

1934 1768 1977 1826 Β
2008 1779 2227 1832 meliora
2259 1791 2383 1833 sunt
2413 1780 2651 1833 tetnulari
2679 1795 2695 1845 ;
2729 1779 2925 1833 invidia
2959 1794 3086 1831 vero
3106 1822 3120 1846 ,
3154 1789 3208 1833 ut
3237 1778 3436 1831 dictum
3466 1787 3551 1831 est
3573 1818 3589 1843 ,

2009 1870 2180 1925 aliena
2213 1870 2469 1925 felicitate
2499 1880 2798 1939 torquetur,
2832 1882 2883 1924 et
2928 1872 2979 1923 in
3024 1870 3288 1938 duplicem
3334 1868 3593 1923 scinditur

2009 1964 2337 2030 passionem,
2362 1977 2482 2016 eum
2516 1975 2604 2016 aut
2636 1963 2773 2028 quod
2798 1963 2914 2031 ipse
2939 1971 3021 2015 est
3048 1961 3191 2016 aliud
3214 1976 3333 2015 esse
3356 1962 3462 2030 76
3488 1976 3591 2013 non

2009 2053 2143 2118 vult,
2165 2064 2253 2105 aut
2273 2053 2434 2105 alium
2453 2054 2638 2105 videns
2656 2067 2775 2106 esse
2798 2052 3095 2113 meliorem,
3111 2050 3252 2104 dolet
3272 2065 3331 2105 se
3351 2065 3453 2104 non
3472 2064 3591 2102 ess—3

2008 2143 2364 2196 consimilem.
2406 2141 2635 2196 Pulchre
2665 2151 2841 2194 autem
2867 2142 3078 2209 quidam
3109 2141 3353 2195 Graecum
3376 2153 3588 2193 versum

2014 2232 2343 2287 transferens
2373 2233 2610 2301 elegiaco
2641 2242 2843 2299 metro,
2876 2232 2944 2285 de
2977 2230 3173 2283 Invidia
3208 2230 3334 2282 lusit
3360 2228 3546 2281 dicens
3573 2243 3586 2276 :

2192 2341 2378 2389 Justius
2402 2340 2575 2387 invidia
2600 2340 2718 2408 nihil
2740 2346 2835 2395 est,
2860 2352 2969 2408 quae
2996 2340 3214 2408 protinus
3238 2338 3392 2397 ipsum

2253 2408 2516 2452 Auctorem
2538 2404 2687 2463 rodit,
2712 2405 3062 2461 excruciatque
3088 2404 3320 2447 animum.

2006 2487 2222 2542 Invidia:
2275 2497 2455 2541 autem
2513 2501 2705 2540 nomen
2736 2485 2937 2539 dictum
2979 2495 3062 2538 est
3090 2500 3118 2537 a
3149 2485 3305 2536 nimis
3334 2479 3588 2535 intuendo

2009 2576 2319 2632 felicitatem
2356 2577 2377 2650 [
2402 2575 2567 2630 Cicer.
2593 2575 2862 2631 fortunam
2887 2575 2905 2646 ]
2934 2576 3152 2630 alterius
3172 2614 3187 2639 ,
3221 2584 3275 2627 ut
3302 2580 3385 2631 est
3415 2572 3541 2626 illud
3572 2589 3586 2624 :

2011 2667 2259 2733 Quisnam
2284 2671 2463 2739 ﬂorem
2494 2668 2676 2721 invidit
2706 2669 2918 2721 meum?

2091 2782 2216 2836 610.
2246 2782 2411 2850 Cujus
2438 2784 2670 2837 auctoris
2697 2786 2764 2836 sit
2794 2798 2977 2837 versus
3004 2780 3222 2835 Graecos
3253 2782 3532 2834 incertum.

2085 2880 2157 2892 —
2186 2850 2404 2906 Invidiae
2434 2866 2622 2907 autem.
2653 2853 2765 2907 Cie.
2785 2893 2799 2913 ,
2842 2853 3000 2907 Tusc.
3032 2868 3107 2905 Ill.

2086 2952 2154 2962 -——
2178 2921 2344 2976 Illud.
2369 2925 2504 2977 Aetii
2536 2939 2601 2977 ex
2631 2924 2957 2991 Ileualippo,
2986 2924 3079 2977 sed
3112 2922 3452 2975 detruncatus
3474 2934 3565 2973 Ver

2014 3007 2126 3056 sus,
2146 2997 2233 3063 qui
2263 2994 2402 3061 apud
2436 2992 2748 3047 Ciceronem
2784 2995 2850 3045 ita
2884 2994 3115 3063 legitur:

2258 3082 2454 3132 Florem
2476 3084 2695 3145 quisnam
2720 3083 2929 3131 liberum
2950 3082 3120 3131 invidit
3142 3079 3342 3130 meum?

1935 3194 1980 3256 ο
2010 3166 2164 3237 Apud
2196 3168 2330 3223 Non.
2358 3209 2375 3235 ,
2408 3169 2535 3223 dict.
2570 3168 2830 3223 Invidiae:

2111 3259 2247 3309 Unde
2271 3266 2353 3309 aut
2370 3262 2481 3322 quis
2496 3260 2711 3310 mortalis
2726 3261 2896 3309 liorem
2918 3259 3124 3311 liberum
3142 3257 3313 3307 invidit
3334 3253 3531 3304 meum?

2018 3342 2326 3398 Trochaicis
2354 3345 2612 3399 numeris.

337 3493 2821 3518 Μ

1438 3638 1782 3721 LIBER
1862 3640 2488 3727 SECUNDUS

1532 3811 1618 3861 DE
1658 3811 2105 3865 DIFFERENTIIS
2150 3814 2389 3865 RERUM.

762 3958 1223 4014 DIFFERENTIA
1260 3957 1495 4016 PRIMA.

391 4058 494 4126 77
525 4056 578 4108 I.
610 4054 760 4108 Inter
781 4052 945 4106 Deum
973 4062 1026 4107 et
1052 4053 1327 4107 Dominum
1353 4054 1425 4107 ita
1454 4053 1667 4122 quidam
1698 4054 1914 4108 definie-

324 4158 460 4213 tunt,
492 4157 550 4201 ut
598 4147 653 4200 in
688 4144 782 4200 Dei
824 4144 1177 4214 appellatione
1216 4145 1451 4211 Patrem,
1475 4146 1526 4199 in
1576 4146 1797 4201 Domino
1830 4146 1915 4200 Fi-

324 4240 443 4295 lium
480 4238 872 4306 intelligerent.
918 4235 1195 4305 Scriptura
1230 4247 1406 4292 autem
1447 4252 1597 4293 sacra
1631 4245 1913 4307 utrumque

325 4340 373 4383 et
400 4329 578 4383 Deum
608 4327 839 4381 afﬁrmat
868 4334 921 4380 et
945 4326 1249 4382 Dominum.

2016 3963 2254 4033 Denique
2304 3980 2369 4019 ex
2419 3966 2511 4019 Dei
2560 3965 2819 4020 vocabqu
2865 3968 3085 4021 adverte
3121 3967 3243 4035 quid
3285 3968 3497 4038 diligas,
3529 3984 3593 4024 ex

2018 4054 2223 4109 Domini
2266 4055 2627 4125 appellatione
2655 4071 2923 4126 cognosce
2962 4057 3087 4128 quid
3119 4067 3347 4112 metuas.

2087 4236 2139 4290 ὅ.
2175 4236 2316 4291 Inter
2348 4236 2648 4291 Trinitatem
2675 4246 2732 4292 et
2764 4239 3010 4293 unitatem
3042 4240 3155 4293 haec
3192 4239 3467 4294 distinctio
3492 4250 3599 4306 est,

2018 4327 2157 4397 quod
2181 4328 2355 4382 unitas
2377 4338 2599 4397 propter
2634 4328 3047 4396 inseparabilem
3092 4329 3306 4383 deitatis
3346 4330 3598 4384 substan-

383 4420 439 4473 2.
476 4420 591 4477 Sed
616 4428 797 4473 tamen
827 4419 1054 4473 invicem
1084 4418 1198 4473 haec
1224 4419 1478 4473 vocabula
1509 4419 1911 4475 discernuntur.
1945 4404 1992 4464 Ῑ)
2021 4422 2170 4485 tiam,
2201 4420 2408 4477 trinitas
2432 4436 2560 4476 vero
2582 4422 2689 4491 78
2710 4431 2924 4491 propter
2947 4437 3297 4490 personarum
3321 4420 3602 4476 diversita-

323 4512 561 4565 Primum
594 4511 737 4565 enim
786 4523 988 4564 natura:
1036 4525 1226 4564 nomen
1257 4520 1339 4565 est
1367 4513 1647 4580 pertinens
1673 4512 1737 4566 ad
1768 4527 1915 4565 amo-

324 4616 465 4669 rem;
494 4600 799 4656 secundum
831 4602 1137 4670 potestatis,
1187 4616 1485 4671 congruens
1534 4602 1599 4655 ad
1644 4602 1911 4656 timorem.

392 4717 447 4769 1.
488 4714 561 4768 1η
597 4713 819 4767 Domina
862 4712 1077 4767 Filium.
1131 4714 1283 4769 Unde
1317 4715 1366 4767 hi
1411 4713 1746 4767 occasionem
1779 4729 1926 4766 sum-

324 4787 495 4855 psisse
520 4787 816 4855 potuerint.
834 4785 1033 4838 indicat
1050 4784 1297 4853 August..
1316 4801 1352 4838 ιι
1376 4786 1441 4838 de
1462 4784 1681 4843 Trinit..
1698 4799 1814 4849 cap.
1833 4783 1920 4837 I0.

391 4854 538 4909 Ibid.
580 4856 668 4907 tlte
711 4854 1026 4908 differentiae
1059 4855 1345 4923 aliquando
1385 4870 1559 4907 rerum
1583 4894 1603 4923 ,ί
1637 4856 1922 4921 aliquando

325 4926 635 4992 spirituales
662 4935 949 4987 vocantur,
981 4934 1037 4979 ut
1066 4922 1233 4978 fusius
1256 4928 1554 4991 expositum
1586 4922 1680 4976 fuit
1714 4926 1763 4976 in
1822 4924 1921 4975 lsi-

324 4996 607 5063 dorianis,
635 5012 685 5049 c.
710 4994 799 5048 56.
822 4994 985 5048 Notas
1030 4996 1081 5048 in
1128 4995 1379 5047 Editione
1423 4992 1605 5047 Grialii
1653 4993 1922 5047 Rolandus

327 5065 594 5119 Wicelius
631 5067 904 5132 apposuit,
938 5081 1067 5132 quas
1119 5073 1396 5132 propterea
1448 5063 1659 5117 Wicelii
1703 5064 1921 5116 nomine

328 5136 651 5189 describam.
685 5136 866 5189 Varias
895 5134 1153 5189 lectiones
1182 5135 1246 5187 ad
1281 5135 1438 5188 linem
1461 5134 1746 5187 voluminis
1790 5132 1920 5199 reji-

325 5212 428 5258 cio.
456 5208 636 5259 Ant-2v.

394 5277 450 5328 5.
484 5275 613 5328 Tria
639 5274 844 5342 quidem
873 5274 1101 5328 nomina.
1127 5274 1267 5327 Nihil
1291 5273 1377 5327 hic
1407 5272 1588 5341 pericli
1607 5287 1633 5323 a
1662 5272 1918 5327 Sabellio.

326 5343 444 5399 Iam
479 5344 627 5398 enim
660 5344 867 5397 dixerat
892 5344 943 5397 in
978 5345 1222 5413 personis
1251 5357 1371 5396 esse
1402 5342 1800 5413 discretionem
1831 5384 1844 5408 ,
1873 5354 1923 5395 et

283 5454 286 5463 .
326 5425 577 5468 extrema
600 5416 759 5467 verba
788 5414 944 5482 hujus
980 5411 1183 5482 rapitis
1206 5423 1328 5465 sunt
1358 5430 1372 5465 ε
1398 5411 1702 5465 Trinitatem
1734 5416 1785 5465 in
1810 5428 1925 5479 per-

282 5490 289 5565 i
324 5487 466 5537 sonis
493 5500 601 5565 non
640 5485 954 5565 distinguere
984 5485 1209 5565 impium
1236 5497 1332 5536 est.
1356 5485 1421 5536 Et
1465 5483 1640 5551 capite
1680 5482 1922 5563 sequenti

330 5568 425 5623 cur
450 5568 564 5607 tam
589 5554 858 5608 laboratur
886 5555 938 5607 iu
966 5554 1295 5608 discretione
1326 5568 1696 5623 personarum,
1732 5557 1773 5605 si
1799 5567 1919 5605 cum

329 5622 573 5677 Sabellio
600 5624 953 5687 consentiret,
978 5624 1109 5677 nihil
1142 5623 1259 5678 fuit.
1296 5624 1398 5677 Sed
1427 5628 1539 5676 haec
1570 5625 1736 5677 multo
1772 5626 1920 5691 plura

336 5709 496 5760 quam
520 5708 656 5762 opus
685 5702 769 5749 est
795 5695 844 5747 in
871 5710 925 5747 re
954 5694 1169 5747 minime
1200 5693 1376 5747 dubia.
1409 5695 1479 5745 Ita
1513 5706 1687 5747 tamen
1716 5704 1922 5746 veteres

2023 4522 2128 4567 tem
2156 4522 2393 4566 vocatur.
2427 4512 2483 4565 In
2509 4511 2754 4579 personis
2782 4513 2922 4566 enim
2956 4511 3210 4564 discretio
3239 4521 3340 4576 est,
3374 4512 3425 4563 in
3461 4512 3602 4563 Divi-

2020 4603 2187 4656 nitate
2228 4602 2373 4655 nulla
2405 4600 2702 4656 distinctio.
2727 4602 2820 4656 Est
2848 4604 2989 4656 enim
3034 4601 3278 4669 gignens,
3308 4601 3520 4669 genitus
3550 4611 3606 4655 et

2027 4713 2214 4767 Patres
2258 4713 2522 4767 interdum
2554 4714 2760 4768 locutos
2790 4714 3077 4767 ostendunt
3108 4714 3167 4765 Ι).
3209 4710 3458 4766 Eucherii
3487 4727 3607 4764 ver-

2025 4784 2091 4836 ba
2133 4785 2399 4837 immerito
2425 4786 2521 4850 ipsi
2552 4785 2618 4835 ah
2650 4784 2954 4837 hominibus
2999 4784 3217 4836 minime
3245 4784 3396 4836 malis
3422 4782 3604 4834 adem-

2025 4864 2135 4922 pta.
2167 4853 2281 4907 Non
2311 4853 2451 4907 enim
2491 4854 2744 4914 tollenda,
2770 4855 2861 4906 Sed
2889 4854 3201 4922 explicanda
3256 4856 3479 4912 luerunt,
3514 4862 3606 4904 ant

2025 4940 2092 4976 ex
2127 4924 2378 4993 August.,
2409 4924 2517 4990 qui,
2544 4938 2708 4977 serm.
2737 4924 2858 4989 I92,
2891 4923 2960 4975 ita
3001 4926 3111 4977 ait:
3144 4921 3263 4975 Non
3290 4924 3419 4993 enim
3445 4923 3604 4993 nomif

2029 5010 2100 5046 na
2130 4991 2504 5057 tantummodo,
2534 4994 2621 5047 sed
2654 4996 2915 5046 nominum
2974 4997 3124 5045 etiam
3168 4991 3518 5058 proprietates,
3554 4992 3605 5041 id

2029 5072 2121 5129 est,
2155 5080 2397 5132 personas
2447 5065 2784 5130 confitemur;
2827 5076 2877 5116 et
2926 5078 2975 5115 ιιι
3016 5065 3081 5114 de
3129 5064 3457 5132 (Σινιιηιειιιι.
3486 5063 3599 5132 In:

2030 5130 2208 5200 Neque
2233 5149 2350 5185 vero
2379 5135 2485 5186 sola
2508 5145 2580 5185 est
2605 5135 2702 5186 ista
2735 5134 2951 5185 nominis
3003 5132 3223 5184 Trinitas
3248 5171 3261 5193 ,
3292 5130 3399 5181 sine
3436 5130 3605 5181 subsi-

2028 5205 2211 5256 stentia
2226 5219 2577 5271 personarum,
2597 5205 2723 5256 sicut
2740 5202 3020 5255 Sabelliani
3033 5201 3255 5253 lateretici
3273 5211 3551 5271 putot'erun
3589 5217 3607 5262 ;

2031 5283 2120 5325 aut
2151 5269 2309 5325 etiam
2343 5289 2405 5326 ex
2441 5273 2698 5341 Gregorio
2728 5274 2995 5340 'I‘heologo
3020 5314 3035 5335 ,
3062 5272 3175 5339 qui,
3202 5285 3268 5322 ne
3318 5269 3369 5320 in
3401 5272 3449 5319 id
3484 5270 3610 5322 inci—

2033 5345 2208 5407 deret,
2233 5359 2333 5394 non
2358 5360 2686 5410 personarum
2705 5345 2929 5401 nomina,
2960 5342 3048 5393 sed
3072 5341 3335 5410 nominum
3364 5355 3607 5403 personas

2032 5429 2143 5465 vere
2170 5408 2402 5465 constare
2420 5413 2550 5465 dixit
2578 5431 2592 5467 :
2621 5412 2800 5480 Neque
2826 5414 3025 5463 verbum
3048 5408 3263 5479 (inquit)
3290 5409 3397 5461 sine
3444 5425 3499 5461 re
3523 5426 3610 5460 ve~

2032 5484 2109 5535 lut
2138 5500 2316 5535 sonum
2344 5486 2475 5536 vocis
2502 5483 2802 5551 accipimus,
2850 5481 2938 5533 sed
3004 5483 3103 5533 tria
3132 5482 3363 5539 nomina,
3404 5491 3450 5531 ct
3507 5489 3607 5531 tres

2034 5569 2273 5617 personas
2303 5554 2454 5605 unius
2501 5554 2753 5618 “sentite,
2788 5552 2939 5604 unius
2973 5552 3276 5624 ntajcstatis,
3307 5558 3459 5618 atque
3514 5565 3611 5616 po-

2032 5625 2199 5676 tentia:
2227 5624 2504 5677 credimus.

2103 5692 2238 5745 Ibid.
2281 5692 2404 5744 Tria
2444 5692 2645 5759 quidem
2684 5693 2912 5746 nomina.
2963 5690 3364 5748 Observandum
3406 5689 3613 5743 nomina
