4108 6178
482 293 545 346 τι
1519 278 1575 335 S.
1620 275 1866 332 iiiilm‘tl
1908 269 2354 331 IIISPALENSIS
2397 267 2702 326 EPISCOPI
3691 267 3759 320 79,

486 403 798 473 procedens.
829 398 954 455 Tria
979 396 1193 468 quidem
1226 394 1465 460 nomina,
1487 394 1581 451 sed
1612 392 1908 447 substantia
1937 405 2063 445 una.
2101 396 2146 450 Λ
2172 388 2241 441 do
2270 386 2332 439 ad
2384 402 2443 440 se
2483 385 2708 438 invicem
2746 382 2967 437 relative
2993 381 3096 437 tria
3136 388 3284 444 sunt,
3312 388 3367 434 et
3402 379 3761 434 essentialtter

485 496 632 552 Sicut
664 494 805 549 enim
842 492 1002 562 ignis,
1031 490 1236 545 candor
1264 499 1322 543 et
1375 486 1544 552 color,
1572 486 1668 541 tria
1699 486 1913 555 quidem
1943 492 2068 539 sunt

486 587 757 652 voeabula,
789 585 882 640 sed
916 596 1000 637 res
1035 597 1159 635 una.

553 680 605 731 4.
643 676 694 730 In
753 674 1015 730 relatione
1059 672 1201 727 enim
1252 684 1601 739 personarum
1644 668 1853 721 trinitas
1883 677 1984 727 est,
2018 668 2067 718 in

479 768 779 824 substantia
810 781 937 819 vero
968 772 1170 817 naturze
1189 776 1327 815 unus
1351 760 1490 815 Deus
1518 769 1599 814 est
1625 776 1636 811 :
1667 759 1821 812 Pater
1842 757 2068 820 scilicet,

478 871 534 916 et
560 861 743 926 Filius,
776 866 831 912 et
855 856 1086 923 Spiritus
1113 863 1352 907 sanctus.
1388 853 1461 906 De
1486 853 1641 905 Patre
1666 851 1789 918 quia
1823 851 1963 903 Deus
1991 858 2073 903 est

484 960 710 1005 testatur
746 947 1034 1017 Apostolus
1066 945 1271 1008 dicens,
1319 943 1463 997 Unus
1501 941 1633 996 Deus
1667 942 1842 1006 Pater,
1873 957 1935 994 ex
1971 957 2073 1009 quo

484 1042 691 1102 omnia;
729 1039 801 1093 ita
843 1040 908 1092 de
951 1039 1103 1100 Filio,
1131 1038 1251 1105 quia
1295 1036 1434 1091 Deus
1472 1044 1576 1098 est,
1608 1036 1733 1089 alil‘i
1766 1034 1880 1103 ipse
1901 1034 2069 1087 dicit:

486 1132 711 1199 Quorum
741 1143 929 1202 patres,
957 1141 1003 1184 et
1046 1147 1110 1183 ea:
1140 1130 1319 1199 quibus
1359 1125 1594 1181 Christus
1640 1124 1918 1179 secundum
1956 1141 2074 1178 car—

482 1239 613 1284 nem,
639 1223 725 1289 qui
749 1234 821 1274 est
845 1238 998 1290 super
1025 1222 1197 1273 omnia
1232 1218 1368 1271 Deus
1390 1219 1682 1271 benedictus
1712 1218 1762 1269 in
1788 1217 1999 1270 sarcula.

552 1315 604 1367 ὅ.
649 1315 722 1368 De
749 1313 950 1379 Spirittt
1006 1322 1184 1367 autem
1235 1320 1444 1376 sancto,
1477 1310 1597 1378 quia
1629 1309 1767 1363 Deus
1797 1319 1899 1373 est,
1932 1308 2070 1361 idem

482 1406 569 1473 qui
598 1417 650 1458 et
695 1419 851 1473 supra
900 1404 982 1457 sic
1023 1404 1155 1456 dicit
1186 1420 1199 1456 :
1254 1402 1537 1455 Divisiones
1569 1401 1902 1454 donationum
1933 1407 2072 1462 sunt,

485 1495 618 1547 idem
657 1507 826 1549 autem
867 1496 1128 1565 Spiritus;
1170 1504 1215 1548 et
1244 1494 1517 1547 divisiones
1550 1494 1907 1560 operationum
1930 1501 2072 1556 sunt,

484 1588 616 1639 idem
668 1602 783 1639 vero
830 1585 986 1641 Deus.
1016 1586 1154 1640 Ecce
1211 1585 1385 1649 Pater,
1416 1593 1472 1639 et
1512 1584 1695 1650 Filius,
1741 1593 1796 1638 et
1845 1584 2077 1652 Spiritus

484 1685 701 1729 sanctus
731 1675 892 1742 Deus,
944 1676 1039 1731 sed
1097 1691 1199 1729 non
1248 1677 1442 1745 triplex
1489 1678 1709 1730 deorum
1740 1692 1990 1731 numerus
2022 1677 2073 1730 in

486 1766 585 1819 hac
628 1765 889 1819 Trinitate
934 1776 1017 1819 est
1060 1766 1381 1821 credendus.

558 1860 610 1913 6.
645 1859 911 1927 Scriptum
937 1867 1020 1911 est
1047 1859 1228 1912 enim:
1264 1857 1377 1929 Ego
1420 1874 1531 1912 sum
1564 1858 1722 1924 Deus,
1766 1868 1813 1912 et
1850 1876 1953 1913 non
2006 1870 2077 1914 est

487 1950 622 2002 alius
649 1948 787 2001 Deus
814 1957 995 2015 preter
1019 1963 1122 2002 me.
1148 1947 1213 2001 Et
1236 1946 1364 2000 illttd
1390 1966 1403 2000 :
1433 1948 1587 2014 Audi,
1614 1946 1801 2012 Israel,
1834 1947 2080 2000 Dominus

494 2039 629 2094 Deus
662 2048 779 2092 tuus
800 2056 935 2092 unus
962 2048 1058 2092 est.
1085 2037 1220 2093 Tres
1243 2054 1371 2107 ergo
1398 2039 1526 2091 deos
1551 2038 1773 2093 credere
1798 2054 1872 2105 pri
1896 2035 2079 2091 fanum

487 2142 597 2196 est;
628 2131 920 2185 trinitatem
939 2130 988 2183 in
1006 2127 1246 2199 personis
1266 2145 1369 2183 nou
1387 2128 1718 2198 distinguere
1742 2130 1960 2198 iutpium
1976 2140 2077 2185 est.

557 2316 612 2369 7.
635 2314 777 2368 Inter
808 2328 1088 2383 personam
1125 2312 1182 2366 Ρ.
1206 2314 1317 2377 tris,
1346 2319 1401 2366 et
1434 2309 1579 2374 Filii,
1606 2322 1661 2365 et
1689 2309 1921 2380 Spiritus
1951 2326 2073 2364 san-

490 2406 579 2470 cti,
611 2406 679 2458 ita
705 2406 1020 2459 secernitur.
1052 2403 1205 2471 Quod
1237 2414 1403 2469 pater,
1434 2417 1533 2457 nec
1559 2401 1751 2467 factus,
1795 2417 1895 2457 nec
1923 2412 2083 2456 natus

490 2506 595 2552 est.
625 2498 786 2553 Filius
818 2509 992 2561 natus,
1048 2514 1151 2550 uou
1194 2496 1395 2562 iactus;
1436 2496 1666 2564 Spiritus
1713 2505 1958 2563 sanctus,
1986 2511 2084 2550 nec

496 2591 686 2655 factus,
737 2606 835 2645 nec
894 2599 1069 2655 natus,
1099 2589 1193 2643 sed
1221 2604 1287 2642 ex
1330 2587 1487 2642 Patre
1518 2587 1761 2658 Filioque
1790 2589 2085 2657 procedens

491 2692 597 2738 est.
641 2683 869 2737 Proinde
894 2682 1049 2735 Pater
1073 2682 1425 2735 a-ternitatetn
1453 2679 1613 2735 habet
1641 2682 1760 2735 sine
1783 2680 2080 2745 nativitate,

498 2775 664 2831 Filius
697 2774 1027 2830 nativitatem
1050 2789 1171 2829 cum
1199 2774 1411 2829 :rternit
1430 2783 1528 2838 zte;
1559 2773 1790 2843 Spiritus
1814 2788 1940 2828 vero
1963 2788 2087 2828 sau-

495 2878 611 2923 ctus
635 2866 1033 2936 processiouem
1065 2866 1184 2921 sine
1212 2867 1503 2930 nativitate,
1536 2882 1654 2920 cum
1692 2869 2012 2922 aeternitate.

567 2956 621 3010 8.
658 2957 815 3012 Pater
844 2972 912 3012 ex
959 2957 1106 3011 nullo
1146 2957 1428 3012 exordium
1459 2957 1625 3021 ducit,
1675 2954 1837 3011 Filius
1875 2970 1940 3013 ex
1990 2957 2083 3011 Pa-

495 3057 579 3102 tre
604 3046 865 3117 originem
897 3045 1003 3117 79
1022 3045 1208 3112 sumit,
1231 3045 1459 3115 Spiritus
1493 3062 1617 3101 vere
1646 3057 1865 3101 sanctus
1894 3061 1958 3101 ex
1990 3046 2083 3100 Pa.

2175 495 2333 532 unum
2351 478 2508 533 sunt?
2524 478 2653 545 Quis
2673 477 2769 529 ista
2788 474 3126 531 consideret?
3146 474 3273 541 Quis
3290 472 3390 527 ista
3407 472 3759 540 comprehen-

2170 572 2292 625 dat?
2323 571 2379 626 Si
2408 570 2550 624 cuitn
2585 570 2828 622 humanas
2868 567 3155 621 nativitatis
3197 565 3392 621 Christi
3422 572 3626 619 secreta
3656 581 3759 619 non

2170 662 2431 731 capimus,
2456 662 2651 715 divina:
2672 671 2874 714 natura:
2898 659 3148 729 mysteria
3171 656 3437 727 quomodo
3457 656 3764 726 capiemus?

2922 750 3008 805 ιγ.

2246 844 2333 899 12.
2368 844 2507 897 Inter
2530 842 2865 896 substantiam
2890 849 2947 896 et
2974 841 3247 895 essentiam
3283 839 3374 894 Dei
3413 838 3515 894 hoc
3550 837 3764 906 quidam

2175 933 2529 1001 delituerant,
2560 935 2701 1001 quod
2729 930 3021 985 substantia
3052 941 3133 985 est
3165 930 3265 985 hoc
3291 930 3431 999 quod
3463 943 3567 983 non
3595 938 3679 983 est
3699 930 3768 982 ab

2175 1026 2302 1089 alio,
2339 1024 2431 1078 sed
2457 1040 2671 1091 semper
2700 1038 2766 1077 ex
2796 1038 2916 1077 sese
2947 1032 3049 1086 est,
3085 1022 3185 1076 hoc
3206 1032 3289 1076 est
3316 1019 3524 1091 propria
3551 1020 3684 1073 intra
3708 1034 3766 1073 se

2179 1119 2370 1171 virtute
2402 1117 2650 1170 subsistit
2676 1133 2690 1181 ;
2721 1116 2952 1170 essentia
2988 1129 3112 1168 vero
3137 1116 3186 1167 in
3222 1114 3328 1167 Deo
3358 1112 3558 1167 idcirco
3586 1112 3769 1167 estdi-

2177 1219 2284 1273 cta,
2323 1209 2445 1279 quia
2479 1224 2692 1278 semper
2722 1218 2838 1276 est,
2875 1222 2971 1263 nec
2994 1207 3253 1276 incipiens
3279 1205 3527 1276 quando,
3552 1220 3651 1260 nec
3675 1206 3767 1259 de-

2177 1301 2363 1357 sinens
2391 1309 2494 1367 est,
2522 1302 2616 1356 sed
2649 1316 2769 1355 esse
2795 1316 3011 1365 semper
3041 1298 3312 1369 preprium
3342 1297 3458 1368 ejus
3486 1305 3589 1352 est.

2922 1387 2986 1441 V.

2252 1479 2338 1533 l5.
2376 1480 2513 1533 Inter
2536 1479 2637 1533 hoc
2662 1478 2797 1547 quod
2825 1478 2988 1532 Filius
3015 1491 3153 1532 nunc
3178 1476 3414 1547 a'qualis,
3442 1489 3581 1530 nunc
3603 1475 3770 1527 minor

2180 1581 2261 1626 est
2279 1571 2455 1635 Patre,
2476 1572 2572 1625 ista
2594 1584 2674 1626 est
2692 1570 3010 1625 dill'erentia.
3036 1570 3270 1624 Primum
3294 1568 3767 1623 atteruamubstau-

2183 1665 2269 1718 tia:
2289 1673 2403 1730 est,
2429 1666 2652 1717 aiterum
2678 1665 2790 1734 80
2812 1663 3055 1716 humana:
3078 1670 3302 1715 naturas.
3340 1660 3396 1713 In
3428 1658 3598 1713 l‘orma
3627 1659 3767 1713 enim

2114 1755 2156 1816 B
2183 1754 2323 1809 servi
2352 1796 2368 1821 ,
2398 1754 2518 1822 quia
2555 1753 2721 1807 factus
2745 1762 2829 1807 est
2869 1768 2933 1807 ex
2966 1752 3217 1815 muliere,
3270 1751 3425 1804 Pater
3464 1749 3631 1818 major
3680 1750 3771 1803 illo

2183 1856 2264 1901 est
2290 1866 2303 1904 :
2339 1847 2390 1900 in
2420 1846 2586 1899 forma
2614 1857 2789 1899 autem
2826 1847 2940 1911 Dei,
2976 1846 3027 1899 in
3053 1859 3153 1915 qua
3183 1854 3297 1899 erat
3327 1855 3449 1898 ante
3478 1845 3654 1897 carnis
3682 1858 3769 1897 as-

2181 1936 2540 2005 snmptiouem
2567 1978 2583 2001 ,
2639 1937 2776 1990 Patri
2805 1937 3096 2005 comqualis
3128 1948 3230 1990 est.
3284 1936 3506 2002 Propter
3535 1936 3662 1989 illttd
3692 1935 3772 1989 di-

2183 2039 2331 2085 etum
2359 2038 2474 2095 est,
2512 2028 2666 2083 Pater
2700 2032 2870 2101 major
2896 2046 2975 2082 me
2999 2039 3102 2094 est;
3135 2039 3350 2098 propter
3382 2029 3483 2082 hoc
3503 2070 3517 2092 ,
3556 2028 3665 2098 Ego
3688 2073 3702 2095 ,
3725 2038 3772 2081 et

2187 2119 2366 2187 Pater,
2398 2136 2557 2173 unum
2597 2136 2793 2173 sumus.
2820 2119 3065 2188 [Equalis
3093 2134 3222 2189 ergo
3262 2119 3406 2173 Patri
3440 2119 3491 2172 in
3518 2128 3770 2188 quantum

2186 2211 2330 2267 Deus
2359 2222 2460 2276 eSt,
2495 2212 2766 2280 subjectus
2795 2226 2922 2265 vero
2954 2211 3005 2265 in
3030 2218 3281 2280 quantum
3318 2210 3481 2264 homo
3508 2222 3611 2265 est.

2919 2300 3009 2358 Vl.

2259 2395 2346 2450 Η.
2379 2394 2513 2461 Quid
2556 2395 2733 2449 diliert
2772 2393 2910 2449 inter
2945 2393 2996 2447 id
3028 2393 3169 2461 quod
3210 2391 3456 2448 Christus
3488 2408 3625 2448 nunc
3656 2395 3774 2447 uni-

2187 2488 2383 2556 genitus
2404 2528 2420 2551 ,
2469 2502 2607 2541 nunc
2647 2487 3010 2555 primogenitus
3036 2499 3156 2541 esse
3187 2486 3538 2554 praedicatur?
3576 2486 3772 2541 Horum

2190 2579 2418 2646 primum
2449 2580 2514 2633 ad
2560 2577 2770 2632 Patrem
2808 2580 3076 2647 pertinet,
3116 2579 3342 2633 alterum
3374 2578 3439 2631 ad
3482 2592 3598 2631 nos.
3643 2576 3773 2633 Nam

2188 2670 2480 2724 secundum
2512 2668 2810 2722 divinitatis
2851 2668 3224 2723 excellentiam
3268 2668 3582 2738 Unigenitus
3614 2677 3696 2724 est
3744 2685 3773 2724 a

2192 2760 2345 2815 Patre
2372 2761 2516 2828 juxta
2551 2760 2916 2829 Evangelium,
2949 2760 3088 2828 quod
3115 2760 3241 2814 dicit
3267 2776 3283 2813 :
3330 2758 3394 2813 Et
3417 2760 3636 2813 vidimus
3665 2761 3772 2831 glo-

2188 2853 2321 2906 riam
2346 2855 2492 2923 ejus,
2544 2852 2759 2923 gloriam
2798 2853 2945 2923 quasi
2991 2851 3251 2923 Unigeniti
3280 2871 3311 2906 a
3343 2852 3528 2917 Patre,
3573 2853 3775 2923 plenum

2190 2944 2372 3012 gratia:
2399 2952 2444 2996 et
2468 2944 2711 2999 veritatis.

2263 3037 2349 3093 15.
2388 3038 2453 3089 At
2483 3051 2638 3103 vero,
2670 3037 2960 3091 secundum
2991 3034 3280 3091 fraternam
3311 3038 3647 3103 societatem,
3674 3037 3775 3105 pri-

497 3145 580 3191 tre
606 3135 847 3206 Filioque
876 3136 1133 3202 procedit.
1165 3134 1289 3190 Haec
1320 3147 1494 3191 tamen
1522 3152 1553 3191 a
1604 3139 1757 3191 nobis
1782 3138 1852 3191 ita
1891 3136 2077 3191 dicun—
2108 3127 2156 3187 ϐ
2191 3127 2490 3197 magenitus
2524 3127 2787 3182 universa:
2811 3136 3092 3193 creatum,
3120 3130 3265 3196 juxta
3298 3129 3347 3182 id
3375 3130 3515 3196 quod
3540 3133 3773 3197 Aposto-

501 3238 589 3284 tur
613 3229 680 3285 de
710 3229 994 3291 Trinitate,
1039 3237 1095 3282 ut
1142 3239 1319 3298 petest
1368 3228 1603 3282 humana
1638 3240 1821 3283 natura
1868 3244 2083 3299 capere.

504 3322 637 3377 Nam
662 3323 781 3392 quis
802 3320 1142 3375 considerare
1163 3321 1393 3375 suiliciat
1419 3323 1587 3391 ipsius
1617 3322 1893 3377 Trinitatis
1918 3325 2088 3378 inter-

508 3430 573 3468 na
623 3412 911 3483 mysteria?
944 3413 1223 3480 Quomodo
1275 3413 1465 3479 Pater,
1514 3415 1700 3480 Filius,
1751 3422 1806 3469 et
1856 3414 2088 3485 Spiritus

502 3515 718 3561 sanctus
743 3514 851 3559 tres
886 3519 1128 3574 persona:
1177 3513 1344 3572 sunt,
1387 3520 1488 3559 una
1546 3506 1774 3560 natura?

575 3599 628 3653 9.
653 3597 931 3665 Quomodo
948 3598 1101 3651 Pater
1120 3598 1407 3666 ingenitus,
1430 3596 1592 3652 Filius
1607 3597 1836 3667 genitus,
1858 3598 2090 3667 Spiritus

502 3698 717 3744 sanctus
744 3703 843 3744 nec
872 3688 1155 3761 ingenitus,
1190 3704 1288 3744 nce
1333 3689 1587 3758 genitus?
1617 3689 1897 3754 Quomodo
1925 3690 2090 3745 Filius

503 3778 571 3834 de
599 3779 757 3835 Patre
785 3790 937 3834 natus
965 3788 1065 3842 est,
1097 3779 1330 3846 Spiritus
1371 3791 1587 3835 sanetus
1616 3781 1681 3835 de
1724 3781 1877 3836 Patre
1907 3797 2090 3851 proce-

505 3875 584 3931 dit
609 3885 662 3931 et
690 3875 856 3929 Filio?
879 3875 1156 3942 Quomodo
1183 3874 1352 3929 Filius
1389 3874 1659 3929 nascendo
1688 3876 1948 3945 procedit,
1974 3876 2091 3946 Spi-

506 3968 640 4022 ritus
658 3975 831 4020 autetn
864 3976 1079 4020 sanctus
1109 3965 1447 4035 procedendo
1496 3964 1600 4019 nou'
1648 3967 1923 4020 nascitur?
1943 3966 2085 4032 Quo-

506 4060 665 4111 modo
695 4058 850 4111 Pater
875 4073 1141 4127 nunquam
1182 4059 1298 4112 sine
1334 4057 1488 4121 Filio,
1524 4068 1576 4112 et
1609 4066 1784 4113 tamen
1816 4059 1931 4115 sine
1960 4059 2092 4114 Filio

506 4156 661 4200 t'ater
689 4149 868 4215 genuit
902 4149 1132 4202 Filium?

579 4237 667 4290 10.
696 4236 971 4303 Quomodo
998 4238 1159 4291 Filius
1190 4254 1458 4307 nunquam
1489 4237 1606 4293 sine
1652 4241 1851 4309 Spiritu
1882 4254 2089 4307 sancto,

506 4338 559 4379 ct
600 4337 773 4381 tamen
812 4330 926 4381 ait:
961 4327 1076 4381 Nisi
1117 4344 1210 4399 ego
1263 4330 1465 4392 abiero,
1522 4329 1816 4384 Paracletus
1862 4349 1963 4385 non
2006 4349 2092 4387 ue-

512 4421 613 4473 niet
643 4422 711 4473 ad
737 4422 864 4474 vos?
890 4422 1167 4488 Quomodo
1190 4416 1362 4477 Filius
1393 4438 1496 4478 non
1521 4424 1588 4479 de
1618 4440 1676 4479 se
1719 4428 1811 4481 sed
1838 4427 1906 4483 de
1937 4429 2093 4485 Patre

2166 3220 2273 3278 .lus
2314 3221 2429 3275 ait:
2465 3230 2518 3274 ut
2554 3220 2618 3273 sit
2658 3222 2767 3291 ipse
2809 3222 3173 3291 primogenitus
3214 3222 3267 3273 in
3309 3223 3481 3274 multis
3510 3220 3774 3290 fratribus.

2193 3311 2287 3365 Est
2315 3325 2442 3380 ergo
2465 3310 2766 3381 unigenitus
2793 3310 2843 3363 in
2876 3310 3172 3364 substantia
3195 3309 3426 3373 deitatis,
3455 3311 3773 3380 primogeni-

2193 3413 2276 3457 tus
2297 3402 2347 3456 in
2375 3403 2709 3469 susceptione
2728 3402 3097 3455 humanitatis:
3117 3400 3496 3469 pritnngeuitus
3519 3401 3568 3455 in
3589 3402 3775 3470 gratia,

2192 3492 2492 3563 unigenitus
2519 3494 2569 3546 in
2594 3502 2810 3557 natura;
2832 3491 3243 3562 primogenitus,
3263 3494 3409 3560 juxta
3434 3493 3768 3560 Apostolutn,

2192 3585 2243 3637 iu
2276 3584 2457 3637 multis
2486 3582 2737 3638 fratribus
2762 3600 2775 3647 ;
2810 3583 3112 3652 unigenitus
3141 3592 3344 3637 tantum
3374 3598 3440 3637 ex
3477 3583 3587 3637 Deo
3608 3584 3776 3637 solus.

2192 3673 2318 3727 lntle
2340 3683 2419 3728 est
2441 3673 2581 3743 Quod
2612 3673 2795 3727 Frater
2817 3684 3151 3744 nuncupatur
3180 3684 3234 3729 et
3256 3674 3512 3731 Dominus
3536 3693 3549 3728 :
3571 3675 3774 3739 Frater,

2191 3767 2313 3835 quia
2361 3765 2768 3835 primogenitns;
2810 3765 3065 3820 Dominus
3101 3781 3251 3833 vero,
3290 3768 3417 3835 quia
3455 3769 3772 3838 unigenittts.

2931 3880 3039 3933 νη.

2200 3991 2274 4046 De
2319 3993 2575 4046 variorum
2627 3993 2888 4046 nominum
2936 3992 3295 4059 distinctione,
3342 4008 3456 4062 qua:
3509 3990 3644 4045 Fi'io
3688 3992 3778 4045 Dei

2803 4064 3167 4116 attribuuntur.

2269 4154 2355 4208 16.
2386 4156 2502 4209 Jam
2534 4170 2662 4209 vero
2692 4155 3005 4209 differentiae
3039 4157 3121 4208 vel
3165 4156 3579 4225 significationes
3611 4158 3779 4208 uomi-

2198 4260 2321 4297 uutn
2360 4260 2480 4311 qua:
2521 4245 2571 4297 itt
2623 4244 2714 4297 Dei
2764 4243 2893 4297 Filio
2925 4244 3319 4314 diStiuguuntur
3356 4246 3594 4310 plurima!
3638 4256 3778 4299 sunt.

2198 4335 2300 4390 Sed
2328 4350 2391 4389 ex
2427 4336 2509 4387 his
2538 4339 2780 4403 quatdatu
2823 4343 2948 4388 sunt
2976 4336 3238 4388 naturalia
3264 4336 3327 4387 ad
3353 4334 3639 4388 divinitatis
3665 4335 3781 4404 ejus

2198 4425 2565 4480 excelletttiatn
2609 4428 2967 4494 pertinentia,
3000 4430 3240 4495 qttmdatn
3286 4442 3411 4479 vero
3457 4429 3772 4481 accidentia.

509 4523 612 4575 est,
640 4528 736 4565 nec
764 4520 939 4565 tamen
967 4514 1014 4567 ei
1040 4523 1124 4568 est
1153 4515 1416 4582 posterior
1445 4516 1512 4570 de
1531 4532 1635 4583 quo
1664 4517 1786 4570 est?
1810 4520 2089 4585 Quomodo
2127 4493 2171 4551 θ
2199 4518 2468 4571 Naturalia
2500 4493 2622 4569 sunt
2646 4533 2658 4570 :
2694 4518 2853 4581 Deus,
2889 4493 3259 4586 OmnipOtens,
3295 4517 3460 4571 Perfez
3483 4527 3586 4579 tus,
3616 4518 3782 4572 Filius

511 4600 739 4667 Spiritus
771 4611 986 4655 sanctus
1014 4601 1083 4657 de
1127 4604 1286 4658 Patre
1332 4605 1565 4671 procedit
1604 4617 1656 4659 et
1685 4607 1838 4676 Filio,
1874 4624 1974 4665 nec
2007 4622 2088 4663 ta-

512 4704 632 4745 men
664 4692 732 4745 ab
760 4692 838 4744 eis
869 4694 1184 4759 preceditur
1212 4710 1243 4748 a
1273 4694 1464 4765 quibus
1515 4698 1787 4763 procedit?

586 4784 639 4837 l'l
653 4820 669 4837 .
696 4783 973 4851 Quomodo
991 4785 1089 4839 tria
1109 4803 1268 4842 unum
1292 4798 1438 4853 sunt,
1452 4799 1505 4842 et
1522 4804 1683 4843 unum
1708 4790 1841 4845 tria?
1860 4793 2092 4860 Quomo-

511 4910 607 4974 pro
626 4896 867 4974 personis
905 4911 1047 4974 saepe
1082 4898 1277 4974 accipi.
1310 4899 1585 4974 Viderint.
1634 4917 1666 4953 a
1713 4904 1778 4957 ad
1822 4903 2087 4974 Hyinnod.

513 4967 758 5032 Ilispau.,
789 4968 877 5021 die
908 4965 941 5017 ιι
971 4965 1340 5038 Αρτίιίε,’ρθε.
1362 4970 1489 5023 274.
1517 4976 1683 5025 Alter.

583 5040 635 5090 4.
668 5038 817 5106 Apttd
843 5038 1097 5117 Grialium
1123 5053 1330 5117 patr_e_s,_
1347 5056 1409 5094 ea:
1437 5042 1617 5117 quibus
1635 5057 1656 5096 .°
1677 5045 1815 5113 apud
1837 5046 1969 5099 alios
1996 5065 2089 5117 pa-

513 5117 642 5173 tres,
665 5118 712 5181 e_t
741 5123 804 5181 ea:
832 5110 1129 5181 quibus,_ttt
1160 5127 1210 5164 ιιι
1237 5110 1477 5181 Vulgata.
1511 5116 1679 5166 Anev.

584 5180 637 5231 ἴ».
675 5178 726 5230 ιιι
761 5180 975 5249 Vulgata
998 5196 1012 5232 :
1041 5179 1318 5235 Divisiones
1336 5178 1451 5234 uero
1479 5190 1760 5247 gratiarum
1779 5195 1896 5238 sunt
1921 5227 1934 5247 ,
1954 5187 2090 5241 idem

515 5258 679 5298 au'em
701 5249 930 5319 spiritus.
958 5249 1021 5303 Et
1040 5252 1306 5319 divisiones
1329 5253 1756 5307 ministrationum
1786 5267 1901 5309 sunt
1920 5300 1932 5319 ,
1955 5259 2088 5310 idem

516 5325 694 5392 autent
733 5317 1000 5374 Dominus.
1030 5318 1096 5373 Et
1122 5322 1389 5376 divisiones
1416 5326 1765 5391 Operationum
1786 5317 1930 5392 sunt,
1956 5330 2088 5382 idem

516 5402 629 5438 vero
656 5384 812 5440 Deus.
836 5392 1005 5444 Aper.

590 5456 993 5537 7..Tll€0(|‘|‘)ii:u§
1028 5462 1457 5537 Aurelianensis‘
1474 5463 1540 5516 ad
1589 5465 1924 5537 probandam
1967 5484 2088 5535 pro-

520 5529 814 5607 gressionem
845 5529 1071 5607 Spiritus
1115 5535 1285 5588 sancti
1324 5548 1387 5607 ex
1430 5529 1601 5607 Patre'
1621 5536 1859 5605 Filioque
1909 5529 2073 5593 utitur

525 5596 809 5677 ltislsidor‘i
842 5598 1021 5652 verbis
1039 5618 1201 5677 ,thue
1230 5604 1383 5671 paulo
1409 5604 1565 5659 aliter
1612 5596 1786 5674 legit;
1812 5617 1869 5661 ttt
1911 5611 2019 5663 disi
2045 5612 2095 5663 itt

526 5668 863 5737 Isidoriauis,
897 5684 1016 5737 cap.
1050 5673 1137 5725 55.
1173 5668 1342 5728 Auav.

598 5736 679 5790 13.
712 5740 824 5804 Quo
867 5736 1025 5794 scust:
1076 5743 1469 5810 intelligendum
1501 5747 1569 5797 sit
1606 5746 1792 5801 Filium
1836 5750 2095 5805 minorem

2202 4611 2316 4673 Dei,
2356 4608 2617 4671 Verbum,
2650 4609 2996 4678 Principium,
3030 4609 3234 4671 Virtus,
3260 4610 3555 4678 Sapientia,
3587 4611 3780 4679 Imago,

2202 4703 2464 4771 Splendor
2506 4704 2617 4754 sive
2668 4700 2890 4768 Figura,
2941 4699 3244 4754 Brachium.

2273 4793 2381 4862 81
2429 4789 2509 4842 l7.
2553 4788 2857 4845 Aeciden-ia
2910 4801 3030 4843 sunt
3078 4790 3216 4844 ista:
3253 4795 3450 4860 Agnus,
3498 4790 3782 4851 Sacerdos,

2194 4920 2314 4960 esse
2341 4905 2493 4957 Patre
2517 4943 2531 4966 ,
2565 4917 2669 4953 non
2703 4916 2801 4953 una
2844 4914 2926 4956 est
2963 4913 3199 4957 veterum
3228 4904 3437 4957 Patrum
3470 4904 3735 4959 sententia
3765 4922 3778 4965 ;

2202 4993 2322 5030 nam
2350 4972 2591 5027 nonnulli
2614 4974 2906 5044 docuerunt
2930 4974 3185 5040 majorem
3208 4975 3264 5027 lii
3290 4976 3339 5026 io
3371 4975 3582 5044 Patrum
3601 4976 3784 5044 appel-

2197 5049 2292 5100 lari
2315 5085 2330 5109 ,
2362 5056 2639 5112 propterea
2681 5043 2822 5110 quod
2858 5042 3021 5095 Filius
3050 5061 3079 5096 a
3117 5045 3271 5097 Patre
3310 5043 3515 5112 genitus
3538 5042 3649 5099 est.
3677 5048 3780 5100 Sed

2195 5114 2529 5170 connnuuior
2565 5112 2928 5183 inierpretatio
2952 5114 3042 5165 fuit
3075 5115 3367 5181 praesertim
3408 5115 3780 5183 episc0porum

2198 5186 2500 5241 Occidentis
2525 5222 2540 5245 ,
2575 5182 2826 5250 majorem
2853 5182 2985 5235 Filio
3005 5184 3210 5236 Patrem
3230 5187 3347 5237 ideo
3379 5182 3635 5238 uoniiuari
3663 5203 3782 5254 qu:a

2202 5258 2382 5317 Filius,
2401 5255 2615 5307 homine
2640 5261 2904 5317 suscepto,
2925 5254 3214 5307 minoratus
3238 5268 3316 5305 est
3336 5296 3352 5320 ,
3380 5271 3482 5307 non
3506 5271 3536 5308 a
3558 5257 3665 5309 Deo
3689 5273 3779 5307 sn-

2200 5333 2339 5392 lmn,
2385 5327 2476 5376 sed
2509 5324 2671 5375 etiam
2710 5322 2778 5374 ab
2816 5326 3040 5390 angelis.
3078 5326 3219 5375 llam:
3254 5327 3781 5391 interpretationem,

2202 5413 2320 5465 qum
2358 5405 2502 5447 certe
2542 5393 2867 5461 praeferenda
2905 5392 3014 5459 est,
3067 5395 3299 5447 lsidouts
3341 5406 3481 5447 leuet
3507 5411 3627 5448 cum
3652 5398 3787 5447 llltli-

2203 5473 2270 5521 tis
2285 5468 2431 5529 aliis,
2459 5478 2589 5532 quos
2616 5465 2857 5515 Petavius
2886 5475 3128 5518 rescucet
3150 5467 3215 5517 de
3233 5466 3421 5518 'l'riuit.
3452 5466 3544 5518 lib.
3569 5481 3607 5519 ιι
3629 5479 3780 5533 ,cap.

2199 5544 2231 5590 2
2266 5542 2432 5590 dum.

2274 5608 2359 5660 lli.
2383 5604 2502 5658 Jant
2530 5619 2666 5675 vero.
2695 5603 2953 5672 Pleraque
2981 5621 3046 5659 ex
3081 5608 3211 5675 Aug.
3240 5622 3402 5662 serm.
3422 5607 3477 5671 “2,
3500 5604 3568 5659 de
3589 5605 3782 5660 Triuit.

2280 5680 2362 5730 17.
2404 5676 2571 5729 Filius
2601 5674 2693 5727 Dei
2725 5690 2773 5728 et
2808 5676 2909 5729 hoc
2969 5680 3167 5744 ipsum,
3198 5680 3337 5744 qttud
3373 5677 3547 5739 Pater,
3579 5690 3682 5730 non
3710 5688 3787 5727 ta-

2211 5765 2330 5801 tnen
2359 5750 2471 5816 ipse
2495 5746 2582 5812 qui
2618 5747 2793 5800 l'ater.
2829 5748 2936 5799 lloc
2978 5750 3411 5801 innttitcmiulem
3446 5762 3563 5800 esse
3601 5746 3715 5800 Filii
3738 5757 3792 5799 et
