4104 6172
349 306 420 359 73
1546 296 2152 355 DIFFERENTIARUM
2194 299 2321 355 LIB.
2365 298 2429 354 ll.
3561 310 3631 364 Ὶι

342 422 532 484 Petra,
577 418 758 483 Lapis,
806 416 994 475 llomo,
1047 414 1174 478 Leo,
1224 413 1459 477 \‘itulns,
1510 413 1727 483 Aquila,
1775 423 1825 468 ct
1860 412 1942 467 his
1973 417 2019 474 Λ
2047 428 2111 467 ex
2142 413 2294 467 virilu
2318 413 2491 476 coitu,
2535 409 2629 467 sel
2657 411 2722 467 de
2754 412 2957 480 Spiritu
2999 426 3184 471 sancto
3212 426 3364 472 natus
3394 428 3493 475 est.
3526 422 3628 479 Na-

343 513 565 566 similiit.
609 510 750 564 Deus
774 508 970 563 dicitur
997 508 1115 576 quia
1150 521 1212 558 ex
1261 504 1366 557 Deo
1396 503 1604 574 genitus
1629 513 1730 565 est,
1757 504 1942 557 Omni-

346 615 540 673 potens
561 604 631 657 ab
667 602 1067 669 Omnipotente,
1102 599 1375 652 Perfectus
1402 614 1429 649 a
1464 597 1745 652 Perfecto:
1780 598 1943 651 Filius

345 698 441 753 Dei
465 705 547 747 est
570 736 588 761 ,
613 694 733 761 quia
757 693 884 746 dum
917 692 1016 746 hoe
1048 691 1220 760 ipsum
1250 690 1320 743 sit
1341 687 1478 758 quod
1513 688 1689 750 Pater.
1719 705 1821 744 neu
1856 699 1907 743 ta

343 803 470 839 uien
502 786 617 851 ipse
655 794 739 837 est
767 786 855 853 qui
902 783 1076 836 Pater.

422 877 509 930 18.
546 876 776 931 Verbum
821 884 904 928 est
936 874 1015 928 Fil
1039 888 1099 926 us
1133 872 1245 939 Dei,
1274 874 1394 940 quia
1438 875 1647 941 proprie
1675 872 1739 927 de
1762 872 1941 926 divino

340 983 441 1021 ore
469 967 752 1035 processit,
778 966 858 1018 vel
880 968 1002 1034 quia
1036 964 1165 1018 nihil
1198 964 1248 1018 in
1279 963 1573 1017 substantia
1599 972 1802 1018 natura:
1830 979 1941 1018 sum

342 1061 560 1113 visibile
584 1060 664 1113 vel
697 1074 1012 1127 corporeum
1039 1068 1140 1121 cst,
1171 1057 1252 1111 vel
1280 1073 1371 1124 pro
1395 1072 1459 1112 eo
1486 1058 1626 1126 quod
1659 1055 1816 1112 Pater
1848 1073 1941 1126 per

340 1172 469 1209 eum
497 1155 675 1209 omnia
703 1154 939 1207 condidit
967 1152 1079 1206 sive
1108 1151 1284 1221 iuSsil,
1309 1152 1390 1204 vel
1417 1151 1537 1221 quia
1568 1167 1661 1219 per
1686 1152 1829 1205 illum
1861 1152 1939 1205 in-

340 1249 544 1302 notuit.
581 1248 739 1301 Pater
761 1247 1079 1315 principium
1108 1261 1177 1301 ex
1218 1260 1284 1301 eo
1319 1245 1459 1315 quod
1489 1261 1667 1299 rerum
1700 1247 1937 1298 omnium

339 1341 501 1408 origo
530 1349 577 1393 et
614 1354 772 1393 causa
816 1340 909 1394 sit.
960 1338 1220 1401 Dextera,
1266 1348 1485 1406 prapter
1510 1336 1755 1391 effectum
1781 1337 1939 1391 totius

340 1442 611 1484 creatura:
637 1472 650 1491 ,
682 1447 801 1497 quae
855 1445 949 1497 per
998 1430 1169 1497 ipsum
1222 1428 1446 1482 formata
1484 1438 1581 1481 est.

422 1522 511 1576 19.
545 1520 845 1585 Brat‘hinm‘,
865 1520 985 1589 quia
1012 1520 1078 1572 ab
1101 1521 1218 1587 ipso
1242 1519 1418 1571 omnia
1438 1520 1800 1573 continentur.
1813 1518 1933 1568 Vir-

341 1624 433 1666 tus
468 1628 563 1679 pro
595 1626 660 1665 ro
692 1612 830 1680 quod
858 1627 1068 1664 omnem
1102 1617 1419 1679 poteStatem
1458 1610 1628 1664 Patris
1658 1610 1708 1663 in
1739 1618 1939 1664 semet-

340 1705 522 1772 ipsum
556 1704 779 1766 habeat,
813 1712 868 1757 et
921 1718 1134 1756 omnem
1183 1701 1304 1757 caeli
1353 1711 1612 1767 terraeque
1640 1710 1935 1755 creaturam

334 1794 628 1862 gubernet.
652 1802 926 1847 contineat
953 1805 1110 1863 atque
1139 1802 1308 1863 regat.
1338 1792 1608 1861 Sapientia
1637 1802 1719 1848 est
1749 1809 1845 1861 pro
1867 1809 1933 1847 eo
1966 1799 2011 1859 Β

338 1886 486 1955 quod
528 1886 643 1956 ipse
675 1886 873 1940 revelet
901 1885 1076 1939 onmia
1106 1884 1358 1957 mysteria
1381 1885 1640 1955 scientiae,
1662 1894 1718 1940 et
1744 1899 1935 1963 arcana

338 1978 648 2047 sapientiae.
684 1976 864 2047 Imago
884 1987 965 2030 est
998 1988 1211 2045 propter
1239 1974 1603 2030 sitnilitudinis
1631 1975 1933 2030 veritatem.

412 2068 503 2124 20.
526 2067 747 2135 Species
766 2065 909 2121 enim
933 2066 1102 2122 Patris
1124 2066 1429 2122 indifferens
1450 2074 1552 2134 est,
1577 2064 1780 2122 habens
1806 2068 1857 2121 in
1880 2081 1938 2123 se

340 2162 691 2217 indiscretam
730 2170 995 2228 naturam,
1035 2161 1151 2215 sive
1198 2160 1504 2215 essentiam.
1552 2160 1817 2229 Splendor
1847 2176 1939 2228 ap-

340 2253 596 2323 pellatur,
645 2250 767 2321 quia
808 2252 932 2304 dum
981 2252 1048 2303 sit
1079 2250 1195 2319 ipse
1239 2250 1394 2304 Pater
1424 2251 1509 2305 lux
1538 2290 1553 2313 ,
1586 2251 1659 2304 ita
1687 2249 1850 2304 Filius
1872 2250 1939 2306 ab

339 2360 407 2399 eo
436 2344 865 2411 inseparabiliter
882 2344 1029 2411 quasi
1051 2342 1304 2411 splendor
1326 2358 1388 2397 ex
1415 2342 1532 2396 luce
1558 2341 1817 2410 procedit.
1848 2341 1936 2398 Fi-

338 2450 473 2504 gura
496 2447 602 2500 est,
630 2435 781 2505 quia,
814 2435 1112 2503 suscipiens
1140 2435 1359 2488 formam
1393 2432 1555 2499 servi,
1584 2449 1801 2502 operum
1830 2436 1940 2487 vir-

338 2536 622 2595 tutumque
648 2525 997 2580 similitudine
1035 2524 1207 2578 Patris
1247 2526 1298 2578 ia
1350 2540 1409 2579 se
1450 2524 1734 2592 imaginem
1779 2536 1937 2595 atque

338 2618 662 2673 immensam
704 2617 1123 2683 magnitudinem
1164 2617 1479 2687 designavit.

408 2710 505 2766 9.1.
539 2710 797 2764 Mediator
820 2721 925 2778 eat,
956 2711 1073 2780 quia
1098 2710 1236 2764 inter
1258 2710 1525 2765 hominem
1551 2720 1603 2765 et
1631 2710 1793 2764 Deum
1822 2725 1937 2765 me-

337 2808 465 2861 dius
491 2816 595 2868 est,
621 2807 823 2860 habens
848 2806 900 2860 in
936 2820 993 2860 se
1022 2805 1371 2860 substantiam
1400 2807 1678 2873 tt‘t'iusqttc
1710 2816 1935 2869 naturce,

335 2898 392 2954 id
424 2907 543 2959 est.
590 2896 833 2950 humanae
881 2896 1197 2951 humilitatis
1243 2896 1490 2961 formam,
1545 2906 1599 2949 et
1643 2895 1939 2951 divinitatis

337 2991 747 3048 excellentiam.
805 2989 1005 3053 Porro,
1056 2991 1237 3058 Agnus
1290 2998 1506 3059 propter
1556 2989 1936 3052 innocentiam,

338 3093 395 3138 et
429 3082 737 3153 passionem
782 3081 959 3137 carnis
996 3082 1314 3151 api-ellatur.
1362 3081 1646 3147 Sacerdos,
1686 3082 1805 3149 quia
1846 3096 1937 3136 se-

2052 514 2224 559 turam
2248 507 2446 574 quippe
2477 506 2642 559 traxit
2668 506 2908 576 originis,
2944 522 3046 561 non
3075 510 3283 577 eulpzim
3310 517 3630 578 praevarica-

2050 596 2231 652 tionis.
2258 596 2464 662 Corpus
2484 611 2552 651 ex
2586 596 2803 667 Virgine
2832 600 3059 663 sumpsit
3078 641 3093 661 ,
3128 602 3482 667 virginitatem
3513 622 3629 659 rua-

2049 694 2215 739 ternae
2244 689 2420 739 carnis
2452 700 2555 739 non
2592 685 2826 739 abstulit.
2862 686 3018 749 Item,
3050 701 3146 741 nos
3171 704 3235 743 ex
3275 706 3375 743 una
3405 709 3629 760 genera-

2048 777 2190 831 tione
2220 777 2590 841 subsistimus;
2638 776 2726 830 ille
2764 788 2941 830 autem
2969 793 3034 832 ex
3058 778 3267 834 duabus
3292 823 3306 847 ,
3342 783 3632 839 divinitatis

2045 876 2102 923 et
2146 869 2506 921 humanitatis.

2115 960 2202 1014 24.
2244 963 2316 1015 Ex
2351 961 2515 1027 prima
2548 961 2878 1015 nativitatem
2905 965 3150 1032 sumpsit,
3184 981 3248 1021 ex
3279 967 3444 1022 altera
3481 985 3632 1025 crea—

2045 1054 2267 1109 tionem.
2315 1054 2479 1108 Natus
2519 1054 2664 1108 enim
2709 1054 2887 1108 divina
2925 1058 3292 1124 generatione,
3335 1059 3503 1112 fat-tus
3534 1063 3631 1115 ltil-

2046 1163 2220 1201 mana.
2254 1147 2490 1202 Primum
2522 1146 2618 1201 fuit
2642 1147 2760 1202 sine
2783 1157 3041 1217 tempore.
3067 1150 3357 1204 secundum
3383 1152 3435 1205 in
3462 1154 3632 1219 pleni»-

2046 1239 2226 1295 tudine
2238 1242 2514 1309 temporis.
2532 1240 2639 1296 Nos
2650 1256 2713 1296 ex
2728 1240 2933 1295 duabus
2947 1243 3283 1307 subsistimus
3295 1246 3628 1312 substantiis,

2044 1335 2303 1403 corporis,
2328 1335 2594 1398 videlicet.
2629 1344 2790 1404 atque
2812 1336 3031 1399 animze;
3066 1336 3152 1390 ille
3182 1352 3307 1390 vero
3330 1353 3393 1391 ex
3423 1339 3625 1393 t'ibus:

2044 1427 2213 1493 verbi,
2246 1428 2517 1495 corporis,
2558 1437 2613 1482 et
2641 1429 2853 1482 animae.
2894 1426 3018 1483 inde
3058 1436 3140 1483 est
3189 1428 3327 1496 quod
3364 1430 3632 1498 perfectus

2044 1519 2360 1587 praedicatur
2405 1520 2542 1573 Deus
2587 1530 2637 1575 et
2689 1520 2871 1585 homo,
2903 1520 3104 1575 habens
3151 1520 3201 1574 in
3253 1538 3312 1577 se
3362 1525 3629 1590 geminam

2041 1610 2418 1675 Substautiam,
2441 1618 2494 1665 et
2515 1610 2803 1667 divinitatis
2823 1626 2951 1675 sine,
2976 1624 3026 1664 et
3044 1610 3387 1669 humanitatis
3410 1626 3631 1673 nostrtr.

2807 1702 2891 1758 IX.

2107 1794 2196 1849 9.3.
2225 1794 2353 1849 Item
2380 1794 2481 1848 hoc
2501 1794 2660 1847 distat
2686 1794 2823 1849 inter
2846 1806 3057 1851 mortem
3083 1795 3271 1851 Christ:
3302 1809 3353 1853 et
3377 1812 3627 1860 nostram.

2042 1886 2151 1940 Nos
2176 1886 2321 1941 enim
2356 1888 2405 1939 in
2447 1898 2675 1942 mortem
2707 1903 2802 1952 pro
2833 1888 3024 1941 merito
3054 1892 3513 1955 praevaricationis
3544 1893 3643 1945 in-'

2041 1976 2338 2038 currimus,
2373 1977 2459 2030 ille
2492 1988 2667 2030 autem
2698 1977 2805 2048 83
2833 1990 3023 2046 sponte
3058 1990 3282 2034 mortem
3323 1998 3417 2047 pro
3449 1994 3626 2039 nostra

2040 2070 2210 2123 Salute
2235 2071 2471 2134 Suscepit
2496 2068 2783 2123 secundum
2825 2068 2964 2137 quod
3014 2069 3125 2139 ipse
3154 2080 3375 2127 testatur
3403 2074 3587 2129 dicens
3615 2095 3627 2129 :

2048 2160 2145 2215 Pot
2164 2171 2353 2214 ‘statem
2376 2160 2531 2214 habeo
2559 2161 2782 2231 ponendi
2808 2163 3031 2216 animam
3060 2181 3240 2227 meam,
3268 2175 3313 2219 et
3342 2184 3488 2221 nemo
3515 2185 3628 2221 eam

2043 2255 2175 2309 tollit
2205 2270 2237 2306 a
2268 2268 2364 2318 me,
2398 2254 2485 2306 sed
2510 2269 2601 2320 ego
2627 2269 2761 2325 pono
2784 2268 2915 2308 eam.

2810 2344 2876 2399 Χ.

2111 2436 2203 2493 26.
2240 2437 2381 2493 Inter
2411 2436 2830 2499 resurrectionem
2859 2434 3048 2491 Christi
3086 2444 3141 2492 et
3186 2446 3412 2491 nostram
3441 2440 3516 2493 sic
3546 2439 3627 2497 di-

2042 2536 2254 2595 Serepat
2281 2544 2293 2578 ε
2326 2528 2464 2596 quod
2516 2527 2666 2581 nobis
2692 2527 3095 2580 resurrectioziis
3128 2538 3335 2595 tempus
3365 2546 3535 2597 osque
3575 2532 3628 2587 in

2046 2622 2203 2674 linem
2230 2618 2410 2672 saeculi
2451 2616 2714 2681 diliertur,
2761 2616 2901 2671 illius
2926 2633 3052 2671 vero
3081 2618 3170 2672 die
3200 2621 3357 2673 tertio
3381 2621 3605 2677 celebra-

2044 2721 2156 2775 tur;
2205 2710 2293 2765 ille
2325 2710 2523 2763 nullius
2551 2709 2695 2779 eguit
2725 2719 2783 2766 ut
2822 2719 3154 2781 resurgeret,
3201 2726 3296 2764 nos
3340 2710 3431 2766 illo
3462 2728 3591 2770 mrsc

2044 2812 2196 2858 rasile
2224 2802 2552 2873 reSurgimus

2792 2896 2881 2953 XI.

2113 2989 2205 3046 27.
2252 2989 2395 3045 Inter
2431 2988 2733 3043 creationem
2787 2990 2963 3043 mundi
3005 2998 3058 3044 et
3095 2991 3456 3059 formationem
3513 3009 3554 3060 ρ,
3598 3008 3625 3051 ,τ

2045 3081 2161 3136 hazc
2197 3090 2281 3143 est
2310 3079 2633 3147 dill'et'eutia,
2666 3080 2805 3151 quod
2844 3081 3170 3152 Originaliter
3196 3083 3490 3138 secundum
3516 3101 3627 3135 nia.

339 3174 636 3242 metipsum
676 3172 816 3225 Patri
871 3172 1096 3226 hostium
1133 3187 1226 3240 pro
1278 3173 1431 3226 nobis
1477 3172 1690 3227 obtulit.
1744 3173 1935 3239 Petra,
1964 3175 2010 3237 C
2047 3174 2193 3232 terim
2216 3173 2563 3229 substantiam
2587 3175 2944 3228 simulcuncta
2970 3183 3144 3228 creata
3169 3177 3622 3244 sunt,juxtaillud

336 3265 482 3336 quod
511 3265 739 3319 ﬁrmitas
769 3266 834 3316 sit
857 3264 1208 3329 medentium,
1250 3264 1473 3320 otiensio
1503 3274 1555 3319 et
1585 3264 1735 3319 ruina
1764 3265 1937 3321 inere-

335 3359 615 3411 dulorutn.
649 3356 810 3424 Lapis
838 3356 1106 3427 augularis
1126 3399 1139 3420 ,
1164 3358 1284 3427 quia
1317 3357 1483 3413 Vetus
1506 3368 1560 3413 et
1590 3359 1791 3413 Novum
1831 3360 1935 3415 Te-

334 3459 696 3512 stamentum,
726 3449 887 3502 veluti
909 3448 1015 3502 duo
1040 3449 1272 3517 parietes
1296 3465 1358 3503 ex
1383 3449 1608 3503 adverso
1640 3450 1935 3514 venientes,

335 3554 595 3612 tanquam
630 3542 856 3611 angulus
878 3584 892 3607 ,
934 3540 1147 3596 sibimet
1177 3542 1449 3612 capulavit
1485 3558 1548 3596 ac
1585 3543 1709 3599 lidci
1738 3546 1939 3600 un‘tate

336 3636 647 3703 conjunxit.

409 3724 503 3778 Ἡ.
550 3724 742 3786 llomo,
778 3738 900 3793 quia
930 3723 1223 3778 secundum
1243 3738 1458 3779 carnem
1500 3740 1564 3779 ex
1590 3725 1807 3797 Virgine
1841 3743 1933 3780 na-

336 3828 429 3872 tus
467 3826 553 3872 est
606 3816 872 3884 passibitis
919 3824 1078 3885 atque
1119 3817 1380 3871 mortalis.
1426 3818 1551 3883 Leo,
1607 3826 1823 3887 propter
1852 3835 1936 3873 rc-

334 3925 501 3979 gnum
534 3916 591 3962 et
620 3910 936 3976 potentiam,
965 3923 1056 3976 per
1079 3923 1232 3978 quam
1254 3910 1361 3979 82
1393 3909 1445 3962 in
1486 3919 1656 3964 morte
1676 3909 1934 3965 Zabulum

335 4001 490 4054 vicit.
514 3999 744 4060 Vitulus,
761 4001 882 4069 quia
903 4012 1114 4069 propter
1127 4000 1349 4055 salutem
1368 4004 1604 4070 geut'um
1630 4004 1936 4059 immolatus

334 4109 393 4148 e-
408 4101 445 4145 ι.
465 4093 676 4160 Aquila,
697 4107 793 4159 pro
817 4107 881 4145 en
897 4091 1033 4160 quod
1054 4106 1336 4160 resurgens
1353 4093 1416 4145 ad
1439 4103 1577 4146 astra
1592 4094 1711 4147 ςαξιί
1730 4108 1935 4148 remea-

336 4188 434 4247 vit,
460 4193 515 4237 et
544 4183 609 4235 ad
638 4183 822 4237 sedem
854 4190 1126 4251 paternam
1146 4182 1282 4237 unde
1305 4192 1520 4236 venerat
1546 4183 1734 4239 iterum
1756 4184 1931 4238 rediit.

1060 4270 1190 4327 Vlll.

411 4364 504 4421 23.
540 4362 686 4416 Inter
707 4362 1020 4413 nativitatem
1044 4358 1297 4418 Christiet
1328 4372 1557 4416 nostram
1578 4365 1931 4429 hocintt'rest,

334 4460 480 4524 quod
514 4456 692 4509 cumis
725 4455 883 4506 bnmo
912 4469 976 4507 ex
1006 4455 1182 4508 delicti
1218 4455 1332 4523 lege
1362 4455 1628 4511 invenitur
1657 4471 1777 4511 esse
1807 4473 1934 4512 (Oll-

337 4562 530 4621 eeptus
549 4590 565 4613 ,
598 4548 688 4603 ille
711 4558 889 4603 autem
918 4563 1018 4600 non
1051 4562 1114 4601 ex
1144 4547 1572 4617 concupiscentia
1599 4552 1779 4605 carnis
1798 4594 1810 4617 ,
1847 4552 1929 4607 vel

2043 3266 2181 3336 quod
2204 3266 2303 3319 dici
2332 3281 2421 3319 ur:
2446 3264 2546 3330 Qui
2571 3266 2686 3317 vivit
2717 3265 2767 3317 in
2791 3277 3033 3321 aeternum
3056 3268 3235 3322 creavit
3264 3268 3433 3321 omnia
3450 3271 3626 3326 simul.

2112 3356 2201 3412 28.
2253 3357 2321 3412 At
2364 3370 2492 3410 vero
2530 3356 2821 3410 secundum
2877 3355 3272 3410 distinctionem
3325 3360 3625 3429 specierum

2045 3466 2137 3519 per
2176 3464 2266 3504 ses
2299 3449 2508 3503 dierum
2540 3448 2947 3502 alternationem
3000 3448 3221 3503 formata
3253 3458 3399 3504 sunt.
3439 3451 3628 3504 Totins

2041 3545 2184 3596 enim
2212 3550 2469 3597 creature
2496 3540 2645 3610 origo
2675 3538 2832 3593 simul
2865 3539 3102 3605 exstitit,
3133 3540 3340 3608 species
3367 3550 3541 3593 tamen
3577 3548 3632 3599 et

2044 3637 2213 3693 lurma
2255 3652 2348 3704 per
2372 3648 2671 3706 temporum
2700 3635 3026 3690 incrementa
3058 3646 3453 3704 processerunt.

2111 3729 2202 3784 9.9.
2229 3730 2357 3781 Nam
2380 3728 2604 3797 primum
2621 3728 2840 3782 materia
2867 3726 3000 3781 facta
3020 3728 3212 3783 cosliet
3239 3738 3391 3781 terra:
3406 3729 3625 3787 confusa

2043 3825 2202 3887 atque
2223 3816 2485 3882 informis,
2512 3833 2669 3887 quam
2702 3816 2874 3871 Grteci
2906 3817 3069 3873 chaos
3108 3818 3393 3887 appellant.
3424 3819 3497 3873 De
3522 3834 3625 3886 qui

2043 3909 2382 3978 postmodum
2416 3908 2723 3976 singillatim
2758 3923 2850 3975 per
2877 3908 3084 3976 Species
3125 3908 3297 3961 varias
3325 3909 3627 3976 turmasque

2041 4001 2283 4070 proprias
2298 4000 2630 4069 prodierunt.
2648 4000 2721 4053 De
2735 4016 2832 4068 qua
2852 4000 3066 4053 materia
3082 3998 3352 4069 Seriptura
3370 4002 3624 4070 loquitur:

2046 4090 2145 4156 Qui
2164 4088 2328 4161 fecisti
2351 4089 2596 4144 mundum
2623 4090 2686 4143 tle
2710 4089 2919 4142 materia
2943 4090 3171 4158 informi.
3195 4091 3323 4157 Quae
3345 4091 3412 4145 ob
3430 4091 3529 4145 hoc
3554 4094 3631 4146 in-

2041 4182 2246 4244 formis,
2266 4181 2384 4249 quia
2402 4180 2573 4234 adhuc
2593 4179 2813 4235 confusa
2834 4190 2947 4238 erat
2977 4190 3134 4248 atque
3161 4181 3407 4243 obscura,
3428 4192 3480 4235 et
3497 4198 3625 4239 nec-

2040 4277 2165 4331 dum
2196 4291 2288 4343 per
2313 4276 2547 4330 visibiles
2578 4275 2806 4344 species,
2832 4273 3107 4343 variasque
3142 4277 3334 4330 formas
3369 4276 3617 4332 discreta.

2110 4367 2199 4422 50.
2235 4367 2340 4423 Sed
2384 4369 2601 4421 materia
2636 4365 2767 4420 facta
2798 4375 2880 4420 est
2913 4364 2979 4419 (lc
3015 4365 3199 4421 nihilo.
3233 4365 3412 4419 Mundi
3446 4384 3622 4427 att'Crn

2040 4464 2247 4531 species
2275 4460 2344 4515 de
2385 4459 2599 4513 infortni
2638 4457 2881 4512 materia.
2933 4458 3158 4512 Proinde
3188 4458 3320 4513 duas
3376 4474 3462 4513 res
3502 4475 3626 4515 ante

2041 4568 2253 4608 omnem
2281 4552 2418 4606 diem
2451 4560 2504 4604 et
2539 4560 2745 4618 tempus
2777 4548 3013 4603 condidit
3060 4550 3199 4603 Deus
3236 4549 3574 4619 omnipotens
3611 4571 3623 4611 ;

341 4690 519 4745 Patris
542 4695 809 4748 naturam,
844 4700 947 4739 non
990 4684 1230 4738 eamdem
1264 4698 1565 4755 personam.
1599 4684 1728 4739 Vide
1781 4698 1932 4741 notas
1963 4693 2015 4751 υ
2043 4690 2194 4742 etiam
2223 4686 2450 4755 plerique
2479 4686 2566 4752 qui
2596 4692 2828 4755 astraunt
2858 4698 2921 4735 ex
2947 4681 3109 4755 tribus
3142 4679 3435 4755 substantiis
3466 4698 3618 4755 unam

340 4776 492 4815 meas
524 4760 593 4811 ad
643 4756 940 4817 Sedulium,
993 4756 1027 4807 Ι.

342 4847 473 4884 vero
496 4828 825 4890 nominibus,
842 4840 962 4891 qua:
984 4826 1115 4879 Filio
1130 4824 1219 4877 Dei
1245 4823 1929 4896 attribuuntur,agitetiaut

341 4905 583 4956 Isidorus
612 4902 646 4952 1.
676 4914 745 4950 vu
778 4895 1183 4967 Etymologiar..
1208 4909 1327 4967 cap.
1358 4895 1606 4967 ‘1)..Anev.

413 4972 509 5025 ἐι.
541 4968 641 5022 Ille
662 4983 781 5021 vero
810 4965 874 5020 es
901 4967 1084 5021 tribus.
1110 4965 1368 5032 Apposite
1410 4965 1461 5019 in
1506 4967 1735 5022 concilio
1760 4967 1924 5022 Tole-

286 5064 305 5105 η
346 5054 476 5095 tano
516 5055 611 5105 sv,
657 5038 887 5109 prmside
920 5046 1118 5109 sancto
1168 5034 1395 5109 Juliano,
1430 5048 1785 5109 propugnata
1831 5040 1930 5093 luit

344 5111 580 5165 assertio
609 5105 749 5177 quod
781 5116 891 5161 tres
919 5106 971 5161 in
995 5105 1208 5160 Christo
1235 5107 1342 5158 sint
1363 5106 1703 5162 substantiae:
1730 5109 1852 5162 Tres
1874 5111 1929 5163 ia

345 5182 557 5236 Chriseo
596 5178 901 5233 substantias
942 5177 1188 5239 diximus,
1220 5177 1355 5245 quod
1389 5187 1435 5247 et
1478 5179 1697 5247 majores
1728 5189 1931 5233 nostros

343 5254 585 5309 docuisse
607 5248 1014 5313 monstravimus,
1040 5246 1583 5318 honorantesvidelicet
1599 5259 1645 5301 et
1668 5262 1931 5318 sequentes

345 5323 656 5379 sententiam
684 5322 904 5373 doctoris
919 5314 1489 5390 egregii,_Hispalensis
1518 5319 1654 5390 sedis
1680 5314 1925 5389 ρρἱδεορὶ,

343 5412 503 5462 quam
530 5393 583 5444 in
617 5391 764 5443 libis
816 5387 1021 5462 suis'de
1048 5387 1335 5462 differentia
1386 5387 1820 5462 naturazls'lnjsti,
1854 5387 1933 5443 uel

344 5457 539 5520 nostra:
564 5462 827 5522 disseruit,
854 5460 936 5512 ubi
964 5461 1053 5523 ait,
1086 5472 1191 5512 etc.
1221 5457 1406 5511 Patres
1433 5459 1645 5513 concilii
1697 5458 1852 5514 Fraut
1871 5477 1929 5514 0-

344 5533 665 5598 fortliensis,
693 5548 835 5586 anno
864 5530 988 5593 794,
1016 5530 1152 5582 hanc
1187 5527 1435 5595 loquendi
1470 5531 1727 5584 rationem
1754 5531 1927 5585 minus

343 5607 671 5674 probabant,
702 5614 759 5655 ut
800 5611 1006 5655 constat
1035 5615 1100 5654 ex
1132 5599 1310 5674 libello
1359 5601 1732 5669 episeopornm
1765 5602 1926 5674 Italia:

340 5669 531 5731 contra
570 5674 912 5742 Elipandum,
942 5687 1006 5725 ex
1029 5671 1239 5725 concilii
1268 5669 1483 5742 decreo
1532 5691 1560 5723 ιι
1588 5674 1600 5725 i
1633 5688 1693 5725 sn
1722 5674 1786 5724 ad
1809 5673 1925 5742 epi-

340 5760 541 5819 scopos
580 5744 873 5813 llsspanize,
921 5752 1053 5797 tum.
1085 5757 1156 5795 vn
1211 5741 1536 5805 Labh.,col.
1579 5742 1711 5796 10:28
1743 5760 1755 5796 :
1793 5741 1927 5797 Sunt

794 5836 1038 5895 l’A‘l‘noL
1099 5833 1450 5900 ιΧΧΧιιι.

1081 4769 1288 4825 μυξη.
1336 4754 1461 4825 519.
1500 4757 1574 4809 De
1623 4754 1929 4825 ltttjttsutodi

2040 4753 2335 4812 mediatoris
2360 4772 2627 4816 personam
2678 4753 2851 4815 Verbi,
2882 4754 3142 4823 carnisdet
3182 4753 3389 4823 attinnt,
3412 4768 3527 4823 cum
3568 4753 3623 4805 its

2038 4846 2195 4883 causa
2217 4826 2340 4896 ﬁdei
2371 4844 2469 4879 non
2495 4826 2727 4877 videatur
2765 4822 3100 4896 necessarium
3122 4822 3410 4896 sophistica
3443 4822 3622 4896 dispa.

2033 4892 2227 4953 talioni
2267 4897 2592 4951 smcnlarium
2654 4895 2943 4948 litterarum
3017 4892 3240 4945 calculos
3310 4893 3623 4961 syllogisticn

2035 4984 2274 5041 spargere
2303 4984 2477 5021 manu.
2510 4965 2703 5019 Verum
2724 4967 2831 5041 jam
2851 4966 3224 5041 olim_sanctus
3245 4962 3487 5041 Julia-nus
3510 4963 3617 5015 'l'n.

2036 5030 2243 5095 lemnius
2265 5052 2478 5093 causam
2510 5052 2661 5090 suam
2691 5030 2884 5090 acriter
2910 5034 3240 5093 defenderat,
3272 5047 3334 5084 ac
3377 5030 3620 5087 Βοιωτίης)

2034 5114 2192 5163 etiam
2224 5109 2465 5163 Pontifici
2501 5109 2840 5174 probaverat,
2869 5106 3110 5174 quamvis
3154 5101 3393 5155 nonnulli
3422 5112 3531 5156 tres
3561 5106 3614 5157 in

2036 5180 2251 5235 Christo
2281 5173 2607 5233 substantias
2631 5180 2681 5231 in
2712 5179 2856 5231 nullo
2891 5173 3063 5228 aeno
3095 5173 3296 5225 admitti
3342 5188 3496 5240 posse
3529 5190 3615 5226 as-

2034 5251 2349 5306 soruissent.
2398 5249 2527 5302 Vide
2555 5248 2874 5309 Florezium,
2911 5246 3055 5310 lllsp.
3078 5257 3214 5297 sacr.
3241 5253 3373 5297 tom.
3399 5242 3463 5310 V,
3493 5261 3612 5315 pag.

2035 5320 2162 5385 297,
2186 5333 2237 5374 et
2270 5330 2399 5374 tom.
2426 5319 2465 5374 Il
2499 5319 2714 5375 Patrum
2748 5318 2993 5373 Toletan.
3022 5320 3191 5368 Αιιεν.

2101 5384 2194 5446 ‘27.
2221 5392 2372 5456 Quod
2388 5392 2703 5460 origirta.'iter
2724 5387 2911 5441 set-und
2918 5404 2944 5438 tt
2954 5401 3000 5436 nt
3011 5384 3242 5460 materia:
3260 5384 3613 5443 substantiam.

2037 5461 2424 5517 Processerunt
2451 5456 2515 5516 ex
2549 5459 2805 5529 Gregor.,
2833 5472 2974 5511 usu
3005 5456 3218 5529 illoral.,
3248 5472 3367 5520 cap.
3394 5460 3451 5529 ll.

2108 5532 2246 5587 Ibid.
2266 5532 2433 5589 Simul
2454 5543 2635 5586 cuncta
2666 5524 2834 5582 Prsata
2858 5540 2994 5580 sunt.
3026 5526 3079 5581 ld
3108 5524 3616 5595 qnupact-viutelligi

2034 5603 2249 5667 debeat,
2282 5606 2572 5670 exiiiirasur
2603 5617 2629 5655 a
2662 5601 2845 5655 Loai-a
2876 5599 2926 5654 in
2959 5616 2989 5652 n
3017 5608 3070 5654 ιι.
3102 5599 3165 5652 ad
3198 5597 3619 5665 lib.tSentcnt.,

2034 5690 2155 5744 (ap.
2192 5679 2277 5731 ll.
2311 5682 2478 5729 Antv.

3139 5826 3175 5887 3
