4108 6178
489 317 562 375 75
1529 311 1584 365 S.
1630 309 1875 365 ISIDORI
1919 306 2364 365 HISPALENSIS
2407 305 2706 364 EPISCOPI
3690 306 3759 364 το

492 435 784 510 angelicam
811 473 825 501 ,
858 431 1124 498 videlicet,
1155 438 1484 492 creaturam,
1518 437 1570 482 et
1599 428 1876 482 informem
1907 438 2072 480 mate-
2105 433 2142 485 Α
2180 423 2318 489 bilis,
2348 432 2626 492 motusque
2652 422 2869 489 inesset,
2896 437 2994 479 nec
3022 426 3326 494 germinare
3356 422 3559 495 utique,
3585 439 3652 480 ne
3673 443 3759 494 pte

493 531 663 595 tiam;
690 542 806 596 qua:
835 526 1047 594 quidem
1071 522 1194 577 dum
1219 519 1287 574 sit
1311 535 1373 574 ex
1405 518 1572 572 nihilo
1600 517 1731 571 facta
1754 560 1768 584 ,
1803 517 2076 586 prtrcessit

495 631 674 676 tamen
705 632 792 672 res
821 632 883 671 ex
916 628 974 669 se
1007 613 1171 666 factas
1203 625 1306 665 non
1333 609 1633 664 aeternitate
1654 649 1668 674 ,
1702 609 1794 663 sed
1825 608 1935 662 sola
1969 607 2076 662 ori-

447 697 450 700 .
495 715 639 782 gine,
672 711 809 763 sicut
831 719 992 760 sonus
1023 709 1266 757 cautum.

568 805 656 860 '51.
679 802 809 856 Nam
831 797 920 868 qui
945 796 1074 850 vivit
1096 796 1146 849 in
1171 804 1453 858 mternum,
1476 790 1677 846 creavit
1698 789 1871 844 omnia
1895 789 2073 843 simul.

495 895 680 966 itaque
711 909 813 946 non
845 888 1023 943 omnia
1055 901 1118 940 ex
1156 884 1321 939 nihilo
1357 882 1590 937 condidit
1625 882 1788 945 Deus,
1820 881 1910 932 sed
1937 893 2080 948 qua:-

496 988 619 1042 dam
662 1000 731 1040 ex
781 981 992 1051 aliquo,
1030 979 1143 1051 δή.
1176 977 1422 1048 qtttedam
1455 984 1632 1029 autem
1663 991 1725 1028 ex
1761 972 1947 1026 nihilo.
2009 971 2082 1025 De

498 1077 667 1134 nihilo
696 1073 983 1137 mundum,
1028 1071 1273 1140 angelum
1306 1078 1362 1125 et
1404 1069 1638 1134 animus;
1679 1081 1742 1122 ex
1782 1065 1959 1135 aliquo
1988 1061 2084 1116 Ito-

498 1173 698 1227 ntiuetu
729 1177 784 1224 et
820 1176 1043 1224 cmteras
1091 1162 1274 1220 mundi
1319 1170 1615 1217 creaturas.

1230 1280 1346 1337 ΧΠ.

1005 1375 1081 1432 De
1110 1374 1305 1446 duplici
1329 1369 1589 1442 paradiso.

574 1472 663 1528 '52.
697 1471 848 1530 Unus
888 1480 969 1524 est
1013 1478 1279 1528 terrenus,
1334 1464 1421 1517 ubi
1470 1463 1760 1530 primorum
1807 1457 2085 1512 hominum

509 1562 861 1632 corporaliter
888 1560 988 1614 vita
1014 1556 1250 1616 exstitit,
1300 1555 1435 1608 alter
1466 1552 1714 1618 rae'estis,
1763 1549 1850 1603 ubi
1901 1548 2093 1602 anima:

510 1655 809 1718 beatorum,
841 1651 1017 1704 statim
1052 1658 1109 1702 ut
1137 1665 1163 1701 a
1187 1661 1414 1712 corpore
1435 1653 1650 1704 exeunt,
1680 1639 2092 1704 transferuntur,

511 1751 692 1812 atque,
715 1742 870 1812 digna
902 1740 1152 1794 felicitate
1179 1738 1418 1790 ltetautcs
1439 1777 1452 1800 ,
1485 1738 1800 1801 exspectant
1829 1730 2092 1799 receptio-

2179 531 2420 570 crescere
2460 525 2710 584 possent;
2760 529 2921 585 atque
2951 517 3050 571 ista
3072 517 3204 586 'quae
3238 516 3401 570 vitam
3441 519 3559 573 sine
3599 532 3758 573 sensu

2180 608 2379 661 habent.
2407 608 2666 678 lapidibus
2699 616 3078 677 pra’ponuntur
3103 617 3155 663 et
3177 618 3352 666 teme.

2252 701 2339 753 '58.
2370 699 2580 753 Tertius
2609 699 2804 768 gradus
2829 707 2913 752 est
2961 699 3011 753 in
3057 700 3121 754 iis
3150 716 3269 770 qua:
3309 716 3411 754 non
3443 701 3611 756 solum
3643 717 3762 760 cre-

2180 800 2338 846 scunt
2360 800 2414 846 et
2439 792 2642 858 vivunt,
2666 790 2759 845 sed
2781 791 2938 844 etiam
2963 793 3285 857 sentiunt,at
3305 809 3406 847 non
3436 793 3761 866 intelligunt.

2182 884 2356 954 qualis
2379 891 2462 938 est
2491 884 2541 936 in
2565 883 2870 953 pecoribus.
2895 882 3124 949 Quartus
3155 887 3349 957 gradus
3372 894 3456 939 est
3483 887 3533 939 in
3563 886 3627 942 iis
3647 904 3767 955 qute

2184 983 2453 1038 crescunt,
2481 975 2680 1038 vivunt,
2716 973 2981 1043 sentiunt,
3014 983 3067 1029 et
3114 975 3434 1042 intelligunt,
3463 978 3556 1032 sed
3590 989 3766 1035 tamen

2186 1067 2454 1135 mortalia,
2485 1076 2543 1121 ut
2571 1068 2815 1122 animalia
2837 1076 2982 1134 sunt,
3009 1067 3182 1137 qualis
3214 1076 3297 1123 est
3342 1071 3393 1124 in
3437 1070 3763 1126 hominibus.

2257 1160 2345 1215 59.
2375 1160 2603 1228 Quintus
2629 1161 2785 1216 estin
2818 1160 2882 1215 iis
2917 1177 3038 1231 qua:
3065 1163 3325 1229 sentiunt,
3359 1171 3411 1216 et
3441 1163 3768 1233 intelligunt,

2188 1264 2243 1311 et
2267 1255 2584 1310 immortalia
2609 1265 2751 1322 sunt,
2786 1255 2960 1324 qualis
2994 1263 3076 1310 est
3111 1253 3164 1310 in
3203 1257 3427 1326 angelis.
3457 1255 3684 1324 Sextus,
3719 1259 3770 1311 id

2192 1347 2328 1416 quod
2361 1346 2694 1403 immutabile
2724 1355 2778 1402 et
2809 1347 3101 1414 infinitum,
3144 1358 3198 1402 et
3225 1347 3450 1415 simplex
3477 1357 3581 1416 est,
3607 1363 3635 1402 a
3669 1365 3773 1416 qtto

2192 1438 2366 1492 omnis
2410 1438 2522 1492 haec
2553 1445 2739 1491 natura
2787 1436 3095 1506 inspiratur,
3129 1446 3396 1503 movetur,
3424 1435 3771 1507 gubernatur,

2193 1541 2246 1586 et
2266 1533 2488 1598 regitur,
2522 1529 2662 1600 quod
2682 1537 2762 1583 est
2788 1528 2950 1583 Deus.

2267 1623 2355 1678 40.
2387 1622 2491 1677 Sed
2529 1621 2645 1676 haec
2682 1621 2895 1692 quidem
2925 1620 3100 1674 omnia
3125 1663 3138 1689 ,
3195 1620 3331 1675 sicut
3371 1618 3621 1691 gradibus
3650 1635 3774 1675 cre-

2197 1724 2372 1778 scunt,
2408 1715 2478 1768 ita
2507 1713 2609 1768 sibi
2639 1714 2895 1784 qualitate
2923 1722 3127 1767 natura:
3159 1712 3491 1782 praecellunt.
3522 1711 3651 1766 Nam
3684 1726 3774 1765 ar-

515 1852 637 1890 nem
667 1848 950 1902 corporum
981 1845 1222 1886 suorum.
1251 1829 1324 1882 De
1357 1829 1455 1882 hoc
1485 1825 1729 1894 paradiso
1755 1823 2009 1877 Dominus
2032 1820 2094 1875 ad
2126 1806 2174 1868 Β
2201 1811 2298 1864 bor
2328 1807 2611 1877 praefertur
2636 1805 2818 1876 lapidi,
2850 1816 2903 1862 et
2937 1820 3099 1875 pecus
3130 1805 3328 1870 arbori,
3362 1814 3416 1860 et
3437 1804 3596 1858 homo
3621 1818 3773 1874 peco-

511 1927 772 1979 latronem
796 1922 927 1976 dixit
963 1937 979 1977 :
1014 1919 1186 1974 Hodie
1211 1934 1407 1971 mecum
1433 1918 1531 1970 eris
1554 1918 1608 1968 in
1634 1916 1896 1985 paradiso.
1924 1911 2097 1984 Origi-

514 2017 705 2070 naliter
729 2023 905 2068 autem
945 2011 1102 2082 primi
1147 2010 1382 2064 hominis
1409 2009 1562 2078 culpa
1610 2023 1709 2062 nos
1739 2007 1807 2062 de
1852 2005 2098 2076 paradiso

513 2107 737 2176 expulit,
770 2114 825 2159 ct
866 2105 917 2158 in
963 2106 1100 2158 hanc
1141 2101 1315 2158 exs'lii
1365 2099 1848 2170 peregrinationem
1879 2097 2095 2168 dejecit.

584 2199 672 2254 ’55.
697 2200 824 2253 Inde
845 2206 929 2253 est
952 2197 1089 2264 quod
1115 2195 1565 2266 praevaricationis
1589 2209 1701 2247 suae
1731 2201 1880 2247 reatu
1910 2190 2102 2246 astrin-

514 2293 708 2362 gimnr.
729 2291 881 2348 Unde
897 2299 952 2344 et
973 2288 1167 2344 merito
1189 2286 1468 2341 sententia:
1487 2285 1669 2340 debito
1690 2298 1901 2354 poenam
1921 2291 2100 2353 pater-

517 2409 600 2448 na:
623 2387 1439 2460 prtevaricationisexsolvimus.
1467 2382 1595 2437 Nam
1619 2382 1689 2435 ita
1715 2381 1916 2450 primus
1939 2379 2100 2432 homo

515 2493 598 2538 est
627 2481 896 2548 conditus,
929 2488 988 2533 ut
1016 2494 1109 2548 per
1149 2487 1490 2545 augmentum
1525 2481 1740 2528 aetatum
1784 2469 1899 2526 sine
1925 2469 2099 2525 media

523 2585 692 2631 morte
722 2573 790 2630 de
831 2573 937 2626 vita
969 2571 1261 2638 corporalis
1295 2566 1526 2638 paradisi
1574 2575 1990 2621 commutaretur
2034 2562 2100 2616 ad

521 2667 682 2721 vitam
709 2663 938 2734 paradisi
971 2663 1225 2718 scelestis.

589 2757 680 2813 54.
710 2757 814 2813 Sed
840 2756 958 2826 quia
986 2755 1086 2809 hoc
1111 2755 1248 2808 bono
1270 2760 1555 2808 contentus
1581 2765 1701 2806 esse
1730 2747 2102 2818 uolnit,proti-

520 2865 621 2905 nus
649 2864 762 2904 sua:
799 2845 1124 2902 conditionis
1167 2845 1360 2899 merito
1409 2843 1610 2904 caruit,
1655 2849 1987 2909 mortemque
2012 2851 2104 2907 ge-

519 2942 718 2998 minam
755 2941 946 2994 animae
977 2947 1030 2991 ct
1071 2937 1312 3004 corporis
1347 2935 1568 2989 invenit.
1605 2932 1958 3004 lgnorantiam
1989 2927 2104 2984 veri

519 3043 575 3090 et
611 3041 930 3089 vetustatem
964 3028 1215 3092 obtinuit,
1249 3036 1407 3096 atque
1451 3025 1503 3080 itt
1536 3039 1755 3080 omnem
1798 3021 2101 3092 progeniem

525 3125 724 3196 peccati
766 3125 848 3178 sui
893 3120 1382 3192 praevaricationem
1414 3115 1730 3180 transmisit,
1763 3129 1866 3168 non
1899 3120 2101 3167 tantum

2199 1899 2264 1965 ti,
2296 1900 2516 1970 angelus
2540 1899 2762 1966 homini,
2795 1905 2850 1952 et
2876 1897 3014 1952 Deus
3049 1895 3373 1966 praeponitur
3393 1893 3614 1966 angelis.

2921 2011 3077 2067 XIV.-

2271 2083 2358 2138 Η.
2393 2083 2534 2138 inter
2558 2082 2787 2155 angelos,
2821 2081 3095 2148 daemones,
3128 2089 3182 2136 et
3211 2081 3437 2136 homines
3469 2081 3608 2135 hanc
3635 2079 3779 2135 dilic-

2193 2179 2426 2242 ,rentiam
2457 2187 2670 2231 veteres
2709 2175 3070 2244 scripserunt,
3104 2173 3244 2242 quod
3268 2173 3441 2242 angeli
3483 2175 3589 2226 sint
3623 2171 3779 2241 spiri-

2203 2268 2361 2324 tualis
2410 2269 2730 2333 substantia,
2784 2277 2908 2323 ante
2961 2282 3175 2322 omnem
3226 2277 3525 2321 creaturam
3583 2265 3782 2334 creati,

2203 2372 2395 2416 natura
2421 2363 2705 2417 mutabiles
2734 2359 2954 2426 conditi,
2978 2359 3070 2414 sed
3098 2359 3548 2429 contemplatione
3573 2359 3660 2413 Dei
3684 2358 3780 2412 im-

2204 2455 2485 2508 mutabilcs
2514 2454 2658 2518 facti,
2685 2451 3255 2522 animoimpassibiles,
3274 2460 3450 2507 mente
3473 2450 3780 2520 rationales,

2206 2554 2444 2614 tempore
2467 2546 2654 2600 materni
2673 2585 2689 2612 ,
2737 2545 3062 2602 beatitudine
3087 2543 3359 2614 perpetui,
3412 2541 3664 2598 felicitate
3692 2555 3780 2595 se-

2204 2638 2346 2702 curi,
2379 2638 2537 2693 futuri
2572 2639 2801 2708 praescii,
2829 2637 3238 2708 jnssimundum
3268 2636 3643 2706 regunt,missi
3666 2648 3784 2688 cor-

2206 2745 2332 2800 pora
2363 2745 2425 2784 ex
2456 2731 2738 2786 excellenti
2773 2746 2896 2787 aere
2927 2739 3164 2798 sumunt,
3201 2729 3254 2784 in
3301 2728 3607 2785 caelestibus
3637 2739 3786 2780 como

2207 2831 2501 2878 mOranlut‘.

2275 2916 2386 2987 86
2415 2914 2502 2967 42.
2537 2913 2818 2969 Daemones
2861 2920 2985 2967 sunt
3030 2913 3222 2981 impuri
3267 2911 3516 2980 spiritus,
3567 2908 3787 2965 subtiles

2207 3017 2262 3061 et
2291 3006 2429 3075 vagi,
2462 3005 2645 3058 animo
2675 3004 2970 3074 passibiles,
3020 3011 3198 3059 mente
3238 2999 3602 3066 rationabiles,
3659 3015 3791 3054 cor-

2215 3113 2346 3165 pore
2377 3097 2549 3163 aerei,
2576 3104 2816 3162 tempore
2836 3094 3043 3159 aeterni,
3071 3092 3416 3148 humanitatis
3446 3091 3667 3158 inimici,
3693 3105 3790 3144 no-

521 3182 575 3274 in
600 3219 698 3273 hos
726 3218 815 3288 qui
855 3182 1071 3286 proprio
1101 3189 1418 3282 delinquunt
1463 3209 1707 3274 arbitrio,
1740 3207 1833 3262 sed
1863 3206 2021 3260 etiam
2053 3204 2100 3258 in

2213 3189 2364 3244 condi
2391 3187 2589 3258 cupidi,
2613 3186 2860 3256 superbia
2885 3183 3092 3252 tumidi,
3123 3185 3324 3238 fallacia
3347 3182 3546 3252 callidi,
3575 3196 3788 3250 semper

521 3311 641 3367 illos
669 3311 755 3380 qui
785 3305 1019 3362 nondum
1053 3303 1313 3373 implicari
1346 3302 1523 3355 valent
1562 3299 1754 3353 actuali
1789 3307 2028 3365 peccato.

594 3402 683 3456 55.
725 3399 851 3452 Inde
875 3407 957 3450 est
993 3395 1134 3464 quod
1171 3392 1408 3464 parvulis
1434 3389 1629 3444 lavacri
1660 3389 1825 3457 gratia
1857 3384 2106 3440 concedi-

523 3504 630 3547 tur.
661 3491 795 3558 Quia
825 3488 923 3542 etsi
956 3500 1060 3540 non
1093 3495 1173 3540 est
1213 3484 1318 3538 illis
1369 3490 1641 3551 peccatum
1675 3478 1874 3546 proprii
1905 3475 2103 3544 operis,

521 3586 657 3642 inest
673 3596 849 3638 tamen
873 3581 1200 3650 originaliter
1224 3593 1358 3632 noxa
1382 3585 1614 3645 paterna:
1633 3569 2104 3642 prtevaricationis.

520 3678 673 3735 Unde
701 3687 754 3732 et
791 3675 1042 3744 propheta
1076 3671 1240 3725 David
1268 3685 1332 3723 ex
1366 3667 1656 3733 semetipso
1683 3666 1975 3716 humanum
2007 3675 2106 3730 ge-

524 3786 623 3825 nus
647 3768 932 3837 deplorans
965 3761 1310 3832 conqueritur
1339 3760 1524 3813 dicens
1551 3774 1564 3810 :
1601 3755 1732 3810 Ecce
1765 3755 1817 3807 in
1858 3752 2103 3821 iniquita-

521 3863 650 3917 tibus
672 3867 938 3931 canccptus
958 3872 1092 3922 sum,
1108 3866 1152 3908 εἰ
1169 3857 1222 3907 in
1244 3851 1459 3924 peccatis
1483 3849 1672 3920 peperit
1693 3863 1771 3900 me
1793 3855 1949 3898 mater
1973 3859 2103 3897 mea.

1034 4039 1109 4091 De
1136 3965 1605 4106 rerfnilyradibus.

595 4136 684 4190 36.
716 4133 926 4189 Gradus
952 4131 1034 4184 vel
1060 4128 1092 4182 d
1119 4125 1374 4182 fferentia:
1404 4139 1580 4178 rerum
1612 4137 1702 4176 sex
1727 4129 1870 4176 sunt.
1921 4119 1974 4173 id
2003 4128 2106 4185 est,

521 4244 625 4282 non
652 4225 886 4289 viventia,
918 4222 1026 4293 85
1061 4220 1302 4283 viventia,
1336 4214 1734 4280 irrationabilia,
1756 4215 2104 4277 rationabilia,

525 4316 786 4379 mortalia,
815 4311 1160 4375 immortalia;
1197 4307 1513 4363 novissimus
1548 4306 1711 4368 Deus,
1743 4306 1832 4373 qui
1855 4312 1925 4357 est
1954 4319 2110 4371 super

523 4408 695 4461 omnia
725 4402 1017 4457 benedictus
1048 4402 1102 4454 in
1131 4396 1340 4452 sa’cula.
1368 4396 1575 4450 Primus
1593 4393 1785 4462 gradus
1814 4403 1894 4448 est
1921 4408 2106 4447 eorum

525 4515 648 4568 qua:
683 4511 789 4552 non
821 4501 1106 4558 crescunt,
1137 4492 1242 4545 vita
1280 4499 1532 4559 motuque
1570 4496 1784 4552 carent,
1827 4487 1996 4558 qualis
2027 4495 2109 4541 est

523 4591 578 4647 in
602 4589 887 4657 lapidibus.

596 4680 685 4735 57.
719 4677 998 4736 Secundus
1025 4675 1243 4746 gradus,
1278 4674 1330 4728 in
1376 4673 1443 4726 iis
1476 4687 1596 4743 qua:
1621 4678 1909 4735 crescunt,
1949 4670 2108 4724 vitant

529 4783 838 4840 motumque
890 4772 1004 4823 sine
1045 4781 1209 4824 sensu
1264 4767 1503 4830 habent,
1556 4763 1727 4833 qualis
1768 4771 1853 4816 est
1893 4763 1944 4815 in
1991 4762 2113 4814 her-

525 4865 605 4918 bis
655 4864 746 4917 vel.
770 4863 820 4916 in
857 4859 1162 4924 arboribus,
1190 4856 1382 4928 quibus
1426 4856 1470 4909 si
1498 4855 1717 4910 minime
1742 4854 1846 4907 vita
1880 4852 2113 4907 insensi-

595 4991 683 5052 39.
731 4994 937 5068 Peperit
962 5010 1040 5048 me
1068 5002 1229 5068 mater
1259 5007 1392 5054 mea,
1428 4988 1665 5068 itauapud
1692 4985 1878 5055 Greg.,
1911 4984 2002 5038 lib.
2035 4999 2109 5037 vtt

526 5069 682 5136 Reg,
710 5060 830 5131 cap.
863 5067 950 5127 55,
983 5075 1036 5118 et
1067 5065 1157 5117 lib.
1192 5077 1284 5126 xtl,
1312 5078 1428 5136 cap.
1465 5060 1549 5113 10.

601 5129 740 5194 ibid.
768 5129 987 5207 Vulgata
1018 5153 1030 5187 :
1066 5136 1127 5186 fu
1158 5133 1373 5204 peccatis
1397 5129 1624 5198 concepit
1661 5143 1741 5181 me
1777 5134 1934 5178 mater
1975 5140 2102 5178 mea.

526 5213 696 5264 Auev.

600 5280 690 5333 56.
724 5280 949 5334 Samon
983 5275 1146 5329 abbas
1198 5269 1586 5334 Cordtthensis,
1625 5268 1676 5321 in
1733 5264 2106 5334 Apologetico,

529 5352 622 5405 lih.
654 5367 713 5415 ll,
748 5365 866 5418 cap.
890 5349 981 5410 23,
1015 5350 1245 5416 quinque
1289 5341 2107 5418 (1;[ΐθςρηιίδεῆονςτιιυνκτιιηιἐκ

532 5407 828 5484 Augustini;
873 5407 1185 5476 enumerat}
1221 5423 1328 5484 tum
1361 5412 1504 5484 addit
1537 5427 1574 5484 _:
1621 5408 1724 5463 Sed
1771 5407 2101 5484 _et_egrcgius

530 5478 706 5543 doctor
733 5487 966 5540 Isimruv
997 5487 1047 5538 in
1098 5486 1226 5538 libro
1283 5480 1699 5547 Dtﬁerentiarum
1748 5478 1868 5530 dirit
1911 5493 1928 5529 :
1979 5482 2113 5547 Quot

531 5560 863 5628 euntnradus
906 5560 981 5607 vel
1030 5554 1332 5622 differentia:
1351 5546 1558 5606 rerum?
1615 5551 1744 5605 Sex.
1773 5549 1936 5628 Quir?
1991 5546 2112 5628 Non

531 5619 768 5693 viventia,
799 5629 1032 5682 viventia.
1057 5619 1342 5691 séntientia,
1391 5624 1734 5693 rationabilia,
1770 5619 2112 5693 immortalia;

532 5689 878 5761 novissimum,
910 5697 1046 5766 quod
1072 5705 1143 5748 est
1171 5689 1534 5760 super—omnia,
1571 5692 1724 5747 Deus.
1762 5689 1966 5742 Primus
1994 5705 2113 5766 gra-

535 5773 652 5837 dus,
681 5780 811 5837 etc.,
841 5760 962 5824 cum
988 5770 1086 5822 levi
1115 5767 1343 5836 quodam
1375 5767 1750 5820 nonnullarum
1781 5777 1972 5817 Vocutn
2005 5760 2110 5814 dis-

2209 3283 2260 3336 in
2293 3281 2479 3335 fraude
2507 3280 2652 3334 novi.
2684 3279 3036 3333 Commovent
3064 3291 3285 3341 sensus,
3317 3278 3519 3345 fingunt
3544 3274 3786 3340 allectus,

2207 3375 2369 3428 vitam
2403 3373 2639 3437 turbant,
2669 3384 2890 3426 somnos
2923 3368 3254 3439 inquietant,
3289 3368 3505 3421 morbos
3535 3365 3789 3430 inferunt,

2207 3475 2418 3522 mentes
2449 3474 2678 3527 terrent,
2710 3462 2948 3518 tnetnbra
2982 3461 3348 3530 distorquent,
3377 3469 3550 3515 sortes
3577 3465 3792 3528 regunt,

2209 3559 2492 3630 praestigiis
2526 3555 2742 3612 oracula
2796 3555 3038 3623 ﬁngunt,
3090 3552 3394 3621 cupidinem
3443 3550 3640 3604 amoris
3688 3548 3790 3602 illi-

2209 3654 2375 3718 ciunt,
2411 3652 2657 3706 ardorem
2687 3647 2996 3720 cupiditatis
3029 3642 3342 3711 infundunt,
3374 3642 3427 3698 in
3461 3641 3789 3698 consecratis

2211 3743 2531 3812 imaginibus
2555 3737 3153 3805 delitescunt;invorati
3184 3735 3405 3802 adsunt,
3435 3736 3575 3790 veris
3597 3735 3791 3789 similia

2211 3839 2521 3902 metiuntur,
2575 3845 2850 3892 mutantur
2893 3834 2945 3888 in
2988 3832 3214 3888 diversis
3260 3831 3465 3900 figuris,
3521 3828 3791 3883 interdum

2211 3932 2262 3986 in
2293 3931 2602 4000 angelorum
2650 3928 2969 3999 imaginibus
3011 3925 3483 3980 transformamur.
3527 3922 3586 3976 lli
3618 3937 3791 3991 quon-

2211 4026 2331 4080 dam
2356 4039 2384 4079 a
2413 4025 2543 4079 sede
2569 4023 2774 4080 cmlesti
2805 4023 2874 4077 ob
2900 4019 3203 4089 superbiam
3237 4017 3389 4088 lapsi,
3426 4029 3566 4070 nunc
3592 4014 3646 4069 in
3667 4028 3791 4068 aere

2211 4124 2630 4172 commorantur.

2281 4206 2371 4261 45.
2431 4205 2688 4260 Homines
2755 4211 2877 4257 sunt
2925 4202 3130 4256 ra‘ione
3200 4212 3464 4267 capaces,
3519 4194 3792 4251 intellectu

2212 4297 2516 4367 sapientes,
2569 4309 2662 4349 ore
2708 4293 2988 4363 loquaces,
3038 4299 3225 4345 natura
3272 4289 3441 4359 magis
3488 4301 3646 4356 quant
3694 4285 3791 4338 do-

2213 4389 2382 4444 ctrina
2429 4385 2702 4453 valentes,
2747 4391 2886 4437 statu
2942 4381 3128 4452 rigidi,
3177 4380 3322 4432 vultu
3379 4377 3576 4440 erecti,
3630 4377 3731 4444 figo
3763 4389 3792 4426 a

2215 4473 2450 4535 universi
2479 4478 2707 4543 similes,
2737 4487 2789 4531 et
2819 4479 2956 4531 inter
2996 4489 3052 4528 se
3093 4472 3379 4527 dissimiles
3421 4469 3639 4540 singuli,
3683 4467 3799 4517 ani-

2145 4569 2190 4628 D
2221 4588 2308 4628 mo
2339 4570 2692 4636 immortales,
2745 4584 2904 4623 sensu
2959 4565 3238 4629 imbecilli,
3289 4575 3516 4631 corpore
3559 4558 3795 4627 fragiles,

2219 4676 2398 4723 mente
2423 4666 2590 4731 leves,
2618 4661 2814 4718 diversi
2848 4659 3106 4722 moribus,
3138 4655 3367 4723 impares
3396 4649 3696 4710 erroribus,
3728 4646 3794 4700 ad

2216 4760 2393 4815 studia
2425 4759 2646 4822 inertes,
2681 4754 2832 4822 proni
2855 4751 2922 4805 ad
2953 4751 3280 4816 voluptates,
3309 4742 3446 4800 cassi
3476 4743 3678 4807 labore,
3707 4741 3800 4792 di-

2217 4855 2362 4908 vitiis
2391 4849 2610 4914 caduci,
2637 4843 3000 4901 sollicitudine
3039 4839 3216 4904 anxii,
3256 4833 3564 4906 singillatim
3599 4843 3797 4887 morta-

2215 4986 2456 5040 critnino.
2494 4983 2660 5036 Anev.

2286 5054 2374 5108 5‘).
2409 5055 2534 5120 Quae
2564 5055 2782 5106 sentiunt
2812 5060 2857 5104 et
2890 5047 3179 5117 intelligunt
3200 5088 3213 5106 ,
3246 5051 3292 5120 et
3319 5040 3628 5120 immortalia
3657 5048 3797 5120 sunt.

2217 5113 2449 5179 Eodemw
2473 5125 2632 5177 modo
2690 5128 3012 5190 Augustinus
3036 5113 3071 5184 ,⁷
3108 5117 3300 5190 vtltdc
3326 5115 3508 5190 Civil...
3552 5125 3680 5190 lcap.
3717 5113 3748 5159 ϋ
3785 5125 3798 5190 ξ

2227 5195 2316 5248 γει
2344 5195 2514 5253 etiam,
2562 5209 2677 5263 quo?
2724 5181 2993 5246 nuvtritorio
3036 5181 3264 5240 subsidio
3315 5199 3414 5235 nou
3446 5181 3687 5263 ‘indiger,
3713 5183 3802 5232 sed

2214 5275 2410 5318 tantum
2450 5252 2706 5328 continet,
2749 5264 2921 5326 sentit,
2950 5259 3305 5327 intelligizque,
3337 5253 3502 5323 qualis
3529 5263 3599 5305 est
3625 5252 3678 5302 in
3710 5267 3802 5301 au-

2214 5339 2356 5390 αειίε.

2213 5357 2369 5460 9823.
2387 5406 2521 5477 Corp
2535 5423 2610 5459 ire
2623 5405 2776 5459 aerei.
2795 5403 3042 5468 August.,
3058 5397 3126 5450 de
3150 5395 3379 5477 Divinat.
3407 5393 3796 5471 Daetnott.,cap.

2217 5476 2251 5528 ’5
2278 5493 2292 5530 τ
2329 5464 2633 5530 Dtemonum
2676 5491 2735 5527 ea
2771 5484 2843 5526 est
2877 5464 3064 5524 natura
3091 5509 3106 5531 ,
3140 5475 3191 5517 ut
3223 5466 3358 5517 aerei
3389 5464 3617 5532 corporis
3645 5476 3796 5514 sensu

2218 5559 2472 5601 terrenum
2496 5547 2727 5615 corporis
2756 5559 2960 5615 sensum
2987 5542 3138 5615 facit}:
3161 5536 3473 5606 praecedant.

2286 5617 2374 5674 43.
2407 5604 2704 5670 υι›ιιοιόἀιὶἱ
2735 5616 2802 5668 ad
2830 5604 3067 5685 gloriam.
3101 5604 3224 5662 υ.ὺο
3253 5621 3357 5660 non
3388 5613 3512 5658 sunt
3536 5604 3586 5654 in
3611 5614 3801 5653 tuanu-

2220 5688 2433 5759 scriptis
2463 5689 2632 5743 libris.
