4108 6178
418 345 486 403 77

417 551 550 605 tardi
578 552 643 605 ad
672 553 1009 623 sapientiam,
1041 558 1249 613 veloces
1280 559 1345 613 ad
1378 570 1625 628 mortem,
1659 565 1725 619 de
1756 568 1991 633 praeteri-

414 650 477 704 tis
508 646 653 713 nudi,
680 648 744 699 de
771 650 1125 716 p‘msentibus
1152 651 1362 721 exigui,
1419 654 1486 708 de
1537 655 1730 711 futuris
1763 658 1991 727 incerti;

409 732 780 807 concipiuntur
809 740 861 792 in
892 740 1190 809 iniquitate.
1242 742 1294 796 in
1327 752 1548 810 peccato
1583 758 1894 812 nascuntur,
1941 752 1991 803 in

407 833 590 887 labore
620 834 831 896 vivunt,
885 832 934 885 in
961 832 1149 887 dolore
1190 836 1525 902 moriuntur;
1582 838 1756 892 denuo
1795 841 1883 894 alii
1925 842 1990 895 ad

316 950 320 953 -
404 927 653 994 gloriam,
686 927 771 979 alii
804 924 870 979 ad
902 940 1111 992 ptenam
1143 926 1208 980 de
1236 927 1412 981 favilla
1445 941 1727 1000 surgentes
1755 933 1988 987 debitum

403 1020 484 1073 sul
496 1030 641 1073 vunl.

1145 1109 1259 1164 XV.

510 1201 653 1252 Inter
686 1202 1156 1267 prmttaricationcm
1196 1203 1479 1269 angelicam
1505 1214 1550 1258 et
1581 1206 1878 1260 humanam.

470 1293 562 1346 44.
596 1294 724 1360 Qum
748 1295 815 1346 sit
844 1294 1098 1348 discreti»
1146 1297 1586 1363 prwvaricationis
1633 1301 1880 1369 angelictc
1934 1311 1987 1355 ct

395 1388 641 1441 humanm
694 1396 930 1452 naturar,
977 1404 1071 1442 cur
1116 1389 1214 1442 ista
1264 1389 1562 1455 redimitur,
1600 1392 1685 1444 illa
1734 1395 1850 1447 sine
1884 1393 1986 1449 line

395 1478 718 1533 damnatur?
750 1480 1194 1533 Praevaricalores
1211 1480 1407 1549 quippe
1429 1483 1600 1551 angeli
1630 1482 1747 1537 ideo
1774 1488 1982 1539 veniam

400 1588 508 1624 non
543 1572 759 1636 habent,
789 1588 853 1625 eo
883 1572 1024 1641 quod
1069 1572 1368 1640 fragilitatis
1417 1577 1647 1629 carnalis
1679 1578 1821 1632 nulla
1857 1594 1982 1649 gra-

390 1671 583 1716 ventur
632 1662 958 1715 infirmitate.
1021 1662 1275 1717 llomines
1325 1674 1502 1719 autem
1558 1676 1675 1735 post
1705 1680 1979 1736 peccatum

380 1752 593 1806 ideirco
622 1753 684 1806 ad
716 1755 922 1807 veniam
975 1755 1169 1809 reverti
1212 1765 1456 1823 possunt,
1506 1768 1785 1826 propterea
1838 1761 1979 1830 quod

380 1843 597 1912 pondus
624 1844 1020 1898 infirm‘tatisex
1045 1845 1185 1898 lutea
1216 1854 1498 1903 traxerunt
1520 1850 1762 1904 materia.

460 1934 567 2003 87
601 1933 689 1987 45.
718 1934 910 1990 Probat
932 1934 1213 1989 Psalmisla
1241 1937 1382 2007 quod
1410 1948 1622 2008 propter
1646 1942 1821 1995 carnis
1852 1957 1978 1996 con-

382 2026 647 2081 ditionem
676 2029 881 2083 reditus
908 2032 988 2085 eis
1017 2040 1190 2099 pateat
1224 2031 1290 2085 ad
1322 2033 1578 2099 salutem;
1609 2036 1684 2089 sic
1716 2036 1860 2090 enim
1892 2040 1975 2092 tli«

374 2120 464 2173 icit
494 2137 508 2173 :
545 2117 666 2188 Ipse
693 2121 786 2174 δίει
816 2122 1111 2191 ﬁgmentum
1139 2134 1391 2177 nostrum.
1429 2124 1705 2193 Memento,
1735 2127 1973 2197 Domine,

380 2214 521 2280 quod
558 2223 694 2266 terra
750 2231 944 2269 sumus.
992 2216 1057 2269 Et
1098 2217 1333 2271 iterum:
1383 2218 1672 2274 Memorare
1709 2238 1822 2291 qua:
1863 2240 1975 2278 mea

376 2304 685 2357 substantia.
717 2307 784 2359 At
814 2321 941 2361 vero
969 2307 1235 2374 diabolus,
1264 2310 1347 2362 vel
1372 2310 1591 2379 maligni
1614 2312 1857 2379 Spiritus,
1877 2330 1975 2371 nec

370 2406 606 2461 possunt
635 2396 833 2451 habere
857 2398 1087 2463 veniam,
1118 2413 1217 2452 nec
1241 2410 1535 2464 merentur,
1562 2400 1697 2455 sicut
1716 2406 1971 2472 scriptum

376 2485 552 2537 estde
567 2484 755 2538 eodem
778 2495 1038 2555 apostata,
1058 2485 1211 2556 cujus
1227 2503 1339 2554 cor,
1357 2490 1504 2555 quasi
1528 2492 1683 2561 lapis,
1704 2493 1973 2551 indurabi-

375 2584 489 2638 tur,
525 2575 748 2639 scilicet,
774 2584 832 2628 ut
868 2575 1192 2645 poenitentia:
1227 2579 1639 2647 compunctione
1669 2596 1774 2636 non
1799 2585 1967 2638 emol-

366 2668 557 2721 tiatur.

1119 2762 1255 2817 XVI.

450 2852 537 2908 46.
572 2853 714 2909 Inter
732 2855 985 2909 hominem
1003 2863 1055 2910 et
1080 2871 1233 2925 pecus
1256 2856 1357 2910 ista
1386 2865 1465 2910 est
1489 2856 1768 2913 discretio.
1797 2859 1966 2915 llomo

362 2952 461 2999 est
488 2944 687 2998 animal
718 2961 783 2998 ex
831 2959 1058 3014 corpore
1111 2946 1392 3016 animaque
1442 2947 1654 3002 vivente
1698 2952 1995 3017 εοηιροήν

364 3046 511 3104 tum,
546 3046 705 3106 atque
733 3037 999 3107 spirituali
1053 3039 1422 3107 compactione
1455 3039 1760 3105 formatum,
1789 3042 1961 3095 subsi-

358 3135 528 3183 stens
564 3131 793 3195 ratione,
836 3128 1099 3199 liberique
1144 3129 1348 3183 arbitrii
1384 3129 1676 3198 voluntate,
1710 3133 1956 3187 vitiorum

1607 358 2207 420 DIFFERENTIARUH
2250 365 2373 420 LIB.
2416 367 2478 423 ll.

416 460 525 525 les,
550 462 698 529 prole
739 463 1051 531 mutabiles,
1080 464 1184 519 vita
1214 467 1445 536 queruli,
1481 476 1720 539 tempore
1752 473 1991 539 celeres,
2028 484 2070 538 Λ

3613 380 3683 438 78

2170 477 2259 532 40.
2296 478 2487 533 Pectus
2526 482 2635 535 aeri
2675 486 3031 554 canjungitur,
3072 492 3194 560 quia
3238 493 3317 550 sic
3345 494 3472 555 inde
3514 498 3675 557 emit-

2100 568 2227 619 titur
2253 569 2557 637 spiraminis
2586 570 2759 640 llatus,
2799 578 2932 630 sicut
2981 594 3044 632 ex
3085 596 3209 635 aere
3251 568 3528 641 ventorum
3556 593 3672 661 spi-

2099 658 2250 712 ritus.
2292 660 2486 715 Venter
2526 673 2703 718 autem
2757 670 2887 721 mari
2936 672 3279 742 assimilatnr,
3327 692 3543 749 propter
3566 658 3675 740 col-

2098 748 2375 803 leCtiouetn
2448 754 2683 809 omnium
2763 758 3081 830 ltumorum,
3159 768 3307 833 quasi
3373 785 3666 844 congrega-

2097 840 2291 894 tionem
2348 858 2620 911 aquarum.
2689 847 2915 918 Vestigia
2979 864 3248 919 postremo
3308 840 3671 919 terrmico'm-

2095 940 2461 997 parantur,co
2492 936 2631 1002 quod
2664 950 2785 990 sunt.
2842 941 3024 994 ultima
3080 946 3441 1003 membrorum
3494 957 3666 1023 arida,

2091 1019 2204 1072 sive
2228 1024 2389 1085 sicca,
2424 1025 2559 1078 sicut
2590 1036 2643 1081 et
2672 1039 2835 1081 terra.
2885 1029 2999 1084 1am
3050 1049 3176 1087 vero
3226 1038 3274 1090 in
3313 1043 3497 1108 capitis
3548 1019 3672 1103 arce

2094 1128 2243 1167 mens
2265 1116 2520 1170 collocata
2551 1126 2656 1184 est,
2682 1129 2931 1190 tanquam
2958 1126 3006 1176 in
3030 1129 3168 1182 coelo
3202 1130 3359 1195 Deus,
3383 1142 3437 1187 ut
3465 1137 3530 1190 ab
3559 1140 3670 1193 alto

2090 1207 2398 1272 speculetur
2427 1210 2636 1274 omnia,
2684 1223 2842 1282 atque
2892 1226 3061 1283 regat.

2160 1298 2249 1352 50.
2308 1299 2499 1355 Factus
2541 1312 2623 1357 est
2660 1316 2837 1360 autem
2871 1309 3030 1362 homo
3065 1311 3129 1364 ad
3161 1318 3663 1385 contemplationem

2087 1389 2207 1442 coeli
2250 1389 2471 1459 rigidus,
2512 1402 2565 1448 et
2603 1402 2833 1461 erectus,
2895 1414 3002 1452 non
3049 1401 3185 1456 sicut
3240 1420 3429 1469 pecora
3474 1411 3523 1462 in
3572 1413 3668 1465 Int-

2088 1494 2230 1531 mtttn
2277 1494 2460 1547 prona,
2503 1491 2663 1552 atque
2702 1490 3010 1556 vergentia;
3063 1491 3115 1544 iu
3165 1494 3320 1561 cujus
3362 1501 3667 1558 summitate

2086 1576 2244 1633 caput
2266 1579 2350 1623 est
2371 1571 2715 1639 collocatum,
2738 1576 3021 1646 datumque
3051 1580 3123 1635 illi
3157 1582 3257 1637 hoc
3289 1601 3501 1655 nomen,
3526 1594 3666 1655 quod

2087 1657 2209 1714 hinc
2237 1663 2448 1729 capiant
2484 1663 2689 1718 ittitium
2721 1682 2910 1722 sensus
2959 1682 3006 1724 et
3058 1676 3227 1727 nervi.
3274 1676 3457 1745 Capilli
3488 1693 3663 1739 autem

2083 1752 2293 1819 capitis,
2320 1754 2401 1809 vel
2425 1756 2489 1810 ad
2514 1759 2749 1826 Speciem
2777 1773 2897 1815 sunt
2919 1762 3147 1831 decoris,
3177 1769 3262 1823 vel
3286 1771 3351 1825 ad
3372 1776 3658 1833 arcendam

2015 1852 2057 1910 Β
2085 1845 2296 1916 frigoris
2322 1849 2591 1916 injuriam,
2615 1853 2729 1908 sive
2754 1856 2969 1913 caloris.

2153 1940 2243 1993 51.
2271 1940 2326 1994 in
2349 1943 2522 2010 capite
2538 1953 2738 2009 autem,
2761 1957 2819 1998 ut
2843 1947 2915 1999 ait
2933 1958 3150 2006 sanctus
3168 1954 3520 2026 August-inus,
3540 1959 3664 2016 Tres

2081 2039 2319 2098 tanquam
2348 2033 2615 2086 ventriculi
2641 2038 2837 2089 cerebri
2867 2041 3131 2094 constituti
3151 2056 3270 2097 sunt
3299 2060 3318 2098 :
3346 2064 3475 2100 unus
3516 2064 3663 2104 ante-

2077 2123 2185 2176 rior
2212 2124 2281 2175 ad
2311 2125 2515 2195 faciem,
2543 2144 2574 2180 a
2603 2145 2702 2195 quo
2724 2147 2902 2185 sensus
2925 2135 3089 2188 omnis
3106 2153 3126 2201 ;
3155 2138 3288 2192 alter
3316 2145 3564 2209 posterior
3594 2150 3662 2201 ad

2070 2214 2335 2279 cervicem,
2362 2233 2394 2269 a
2414 2233 2515 2286 quo
2537 2230 2701 2274 matus
2733 2225 2897 2277 omnis
2921 2241 2941 2288 ;
2964 2228 3142 2282 tertius
3182 2231 3313 2283 inter
3351 2244 3641 2303 utrumque,

2076 2304 2128 2357 in
2156 2323 2255 2373 quo
2285 2312 2530 2363 memoria
2558 2313 2724 2383 vigere
2750 2316 3144 2387 demonstratur,
3192 2340 3254 2377 ne
3298 2342 3413 2379 cum
3456 2346 3659 2384 sensum

2073 2398 2300 2464 sequitur
2321 2410 2519 2467 motus,
2546 2420 2649 2457 non
2697 2419 2963 2461 contrectat
2987 2410 3137 2465 homo
3181 2417 3322 2485 quod
3370 2420 3659 2489 faciendum

2073 2497 2167 2550 est,
2194 2489 2239 2541 si
2266 2492 2423 2558 fuerit
2453 2492 2638 2548 oblitus
2664 2499 2802 2565 quod
2852 2499 2992 2567 fecit.

2142 2581 2233 2636 59..
2268 2583 2455 2639 Facies
2501 2586 2640 2641 dicta
2689 2600 2794 2657 est,
2822 2606 2886 2646 eo
2913 2594 3053 2662 quod
3097 2598 3338 2654 notitiam
3370 2601 3525 2658 faciat
3555 2605 3656 2659 lio-

2074 2673 2256 2727 minis.
2299 2673 2442 2729 Inter
2484 2676 2672 2733 faciem
2714 2690 2891 2736 autem
2921 2695 2969 2739 et
3002 2689 3205 2741 vultum
3253 2690 3366 2747 haec
3392 2706 3474 2748 est
3503 2695 3653 2751 dilic-

2071 2768 2263 2832 rcutia,
2308 2770 2444 2837 quod
2494 2770 2657 2826 facies
2707 2777 2958 2830 naturalis
2990 2789 3047 2834 ct
3076 2791 3253 2837 certus
3294 2786 3403 2840 oris
3442 2788 3652 2846 habitus

2068 2865 2180 2921 est;
2215 2857 2390 2915 vultus
2419 2876 2544 2915 vero
2580 2865 2757 2917 varius
2779 2876 2830 2921 et
2853 2871 3144 2925 secundum
3179 2875 3515 2935 alfecxionem
3538 2884 3655 2937 ani-

2068 2950 2141 3003 mi
2192 2951 2351 3006 modo
2382 2953 2554 3020 lactus,
2608 2957 2768 3012 modo
2824 2959 3011 3015 tristis.
3049 2964 3199 3020 Unde
3228 2978 3285 3022 et
3309 2971 3539 3028 vultuosi
3566 2975 3650 3029 di.

2066 3052 2258 3097 cuntur
2287 3044 2375 3114 qui
2409 3047 2609 3100 vultum
2641 3064 2782 3118 saepe
2811 3065 3162 3112 commutant.

2137 3136 2227 3190 55.
2258 3136 2372 3191 lam
2401 3153 2528 3194 vero
2557 3141 2732 3196 barba:
2763 3149 2898 3199 ratio
2938 3160 3189 3215 quantam
3232 3156 3411 3211 vultus
3432 3159 3647 3218 confert

367 3233 563 3289 capax,
594 3227 753 3289 atque
783 3220 1073 3286 virtutum;
1103 3227 1157 3274 at
1194 3230 1379 3274 contra
1419 3235 1583 3289 pecus
1629 3230 1712 3275 est
1762 3221 1959 3277 animal
1994 3219 2036 3279 C
2069 3230 2408 3283 decentiam?
2438 3230 2607 3287 Barba
2631 3242 2714 3288 est
2737 3235 2947 3293 decoris
2978 3239 3211 3309 signum,
3264 3247 3534 3304 virilitatis
3564 3254 3646 3307 iu-

364 3311 710 3376 irrationale,
738 3312 983 3375 mortale,
1014 3322 1161 3366 motu
1182 3312 1358 3366 carnis
1387 3322 1441 3366 et
1461 3312 1735 3382 sanguinis
1753 3315 1958 3369 anima-

365 3413 521 3467 tum;
552 3401 691 3456 unde
713 3412 767 3456 et
796 3402 971 3456 anima
1006 3417 1191 3456 eorum
1234 3410 1352 3471 post
1384 3413 1611 3457 mortem
1642 3403 1799 3456 simul
1836 3418 1957 3457 cum

360 3508 538 3549 carne
570 3493 901 3548 dissnlvitur.
949 3493 1127 3563 (Adde
1182 3503 1237 3548 et
1277 3492 1442 3557 aliud,
1476 3508 1572 3564 per
1602 3493 1745 3562 quod
1786 3493 1852 3547 ab
1882 3496 1959 3547 eis

356 3586 741 3656 distinguitur.
776 3586 868 3639 illa
897 3600 1063 3653 prona
1090 3594 1233 3649 sunt,
1262 3596 1315 3640 et
1337 3586 1402 3640 ad
1433 3594 1628 3640 terram
1654 3587 1955 3656 vergentia;

358 3675 521 3730 nobis
546 3677 863 3730 naturaliter
886 3677 1060 3729 vultus
1104 3675 1155 3729 in
1184 3677 1378 3731 caelum
1408 3686 1622 3731 erectus
1671 3686 1795 3744 est;
1847 3678 1955 3732 illis

356 3769 537 3822 otium
572 3777 626 3820 et
655 3766 962 3836 cpulentia;
1001 3766 1152 3820 nobis
1200 3768 1334 3820 ratio
1368 3777 1420 3821 et
1442 3782 1617 3820 sermo
1666 3782 1955 3822 concessus

348 3866 467 3922 est,
497 3872 595 3926 per
610 3873 730 3927 qua:
765 3857 1059 3926 intelligere
1086 3866 1141 3911 et
1173 3857 1334 3911 Deum
1354 3858 1601 3914 conﬁteri
1641 3860 1951 3930 possimus.)

1074 3969 1237 4025 XVII.

682 4061 824 4116 Inter
860 4062 1072 4115 humani
1113 4061 1342 4129 corporis
1372 4062 1619 4116 membra.

428 4154 523 4208 47.
554 4153 838 4207 Rationem
861 4162 1041 4207 autem
1074 4153 1289 4207 humani
1317 4153 1559 4219 corporis
1587 4154 1945 4222 singulorum-

354 4259 461 4313 que
492 4244 857 4297 membrorum
888 4243 1243 4303 dilferentiam
1274 4243 1609 4307 Lactantius,
1636 4247 1753 4299 sive
1787 4246 1946 4313 pleri-

346 4351 460 4404 que
484 4347 789 4401 auctorum,
816 4335 887 4388 ita
911 4335 1253 4398 definierunt,
1274 4336 1515 4391 dicentes
1539 4355 1553 4390 :
1581 4335 1751 4390 Homo
1774 4338 1944 4392 dictus

358 4435 433 4480 est
462 4426 525 4478 ab
549 4428 728 4478 Immo.
764 4424 864 4479 Hic
891 4440 955 4478 ex
985 4424 1215 4480 diversis
1241 4425 1484 4479 subsistit
1513 4428 1850 4492 substantiis,
1875 4443 1941 4482 ex

354 4516 573 4569 mortali
602 4525 655 4569 ct
688 4516 997 4569 immortali.
1031 4514 1238 4585 Corpus
1262 4525 1439 4570 autem
1478 4516 1593 4586 ejus
1628 4533 1695 4572 ex
1727 4518 1941 4572 ossibus

2065 3320 2280 3383 dicioni,
2313 3339 2434 3395 qua:
2462 3336 2513 3380 et
2539 3327 2878 3395 juventutem
2912 3333 3197 3401 signiﬁcat,
3229 3348 3284 3391 et
3333 3354 3494 3395 sexus
3546 3360 3644 3397 na~

2068 3421 2238 3466 turam
2274 3413 2574 3485 distinguit.
2603 3415 2755 3473 Oculi
2780 3431 2959 3476 autem
2987 3424 3038 3479 in
3071 3425 3206 3481 facie
3233 3432 3482 3486 concavis
3516 3434 3647 3487 fora-

2064 3504 2297 3559 minibus
2328 3506 2516 3563 inclusi
2549 3517 2693 3575 sunt,
2725 3526 2754 3565 a
2787 3528 2892 3580 quo
2935 3512 3108 3570 forato
3158 3516 3309 3573 frons
3372 3525 3640 3581 nominata

2061 3604 2163 3651 est.
2198 3596 2363 3652 [idem
2395 3616 2608 3669 quoque
2636 3602 2773 3657 oculi
2801 3619 3136 3675 gemmarum
3173 3609 3432 3667 habentes
3454 3616 3646 3670 simili-

2061 3686 2295 3743 tudinem
2328 3692 2659 3748 membranis
2688 3698 3092 3764 perlucentibus
3122 3713 3495 3775 contegnntur.
3548 3709 3644 3762 Ριιιν

2058 3794 2186 3847 quas
2216 3781 2554 3837 membranas
2575 3825 2592 3850 ,
2624 3789 2773 3853 quasi
2827 3805 2923 3856 per
2977 3792 3198 3860 vitrum,
3228 3796 3312 3847 vel
3359 3797 3634 3864 speculum

2056 3869 2401 3940 refulgentes,
2435 3889 2587 3929 mens
2616 3890 2676 3929 ea
2709 3893 2827 3945 qua:
2880 3878 3012 3934 foris
3066 3893 3190 3936 sunt
3234 3887 3532 3949 transpicit.

2123 3962 2235 4031 39
2261 3961 2420 4016 54.1"
2440 3964 2615 4017 medio
2636 3977 2814 4021 autem
2840 3969 3028 4024 horum
3052 3973 3259 4025 orbium
3283 3976 3531 4030 scintilla:
3556 3977 3639 4031 lu-

2055 4050 2255 4105 minum
2274 4054 2539 4109 conclusae
2564 4066 2830 4123 tenentur,
2847 4076 2978 4128 quas
2996 4063 3219 4131 pupillas
3234 4080 3502 4134 vocamus,
3518 4072 3606 4138 qui
3624 4101 3639 4111 -

2052 4142 2150 4196 bus
2168 4146 2597 4214 cernendigratia
2621 4150 2955 4217 continetur;
2987 4162 3041 4207 et
3064 4160 3120 4207 ut
3138 4157 3276 4209 oculi
3309 4161 3628 4216 munitiores

2050 4244 2233 4290 essent
2248 4236 2313 4289 ab
2336 4236 2444 4306 iuju
2455 4238 2549 4306 ria,
2565 4255 2657 4294 eos
2676 4242 2864 4310 Upifcx
2884 4258 3124 4299 summus
3149 4249 3469 4317 tegminibus
3484 4268 3641 4307 occu-

2050 4328 2166 4381 luit.
2205 4329 2356 4384 Unde
2384 4341 2437 4384 et
2467 4333 2650 4387 oculos
2671 4350 2792 4390 esse
2822 4336 3014 4401 dictos,
3050 4338 3200 4408 quasi
3230 4343 3529 4398 occultatus
3554 4346 3630 4416 (id

2046 4431 2149 4486 est,
2174 4422 2407 4489 truditue
2433 4427 2688 4495 monitos)
2710 4427 2902 4496 quibus
2924 4428 3176 4486 adhibita:
3196 4443 3320 4487 sunt
3342 4436 3609 4502 palpebra:

2045 4527 2073 4564 a
2106 4513 2413 4582 palpitando
2440 4516 2620 4570 dictae.
2654 4518 2787 4583 Quia
2826 4533 3215 4577 concurrentes
3252 4524 3477 4577 invicem
3505 4541 3633 4580 oeu-

349 4617 406 4661 et
426 4606 680 4661 carnibus
700 4614 932 4672 constat,
952 4605 1313 4674 dividiturque
1332 4607 1385 4660 iu
1409 4608 1935 4676 qu.ttuorelemenla.
1975 4602 2022 4660 ι)
2050 4604 2216 4656 lorum
2240 4606 2481 4660 obtututn
2514 4607 2779 4675 reficiunt,
2806 4611 2928 4679 pilis
2957 4612 3010 4666 in
3037 4613 3228 4667 ordine
3244 4615 3540 4668 as=autibus
3561 4617 3626 4669 ad

421 4698 514 4753 48.
552 4700 720 4755 liabet
741 4699 883 4753 enim
912 4701 962 4753 in
991 4714 1049 4753 se
1078 4700 1275 4768 aliquid
1310 4700 1446 4769 ignis
1468 4742 1481 4765 ,
1514 4703 1671 4767 aeris,
1705 4716 1856 4770 aqua:
1886 4711 1941 4757 et

350 4805 531 4848 terrm.
563 4794 720 4848 Ratio
742 4804 921 4849 autem
950 4804 1107 4849 terra:
1146 4798 1197 4849 in
1236 4810 1401 4850 carne
1436 4804 1519 4850 est
1552 4814 1566 4850 :
1599 4796 1841 4849 humoris
1888 4797 1937 4850 in

348 4887 631 4953 sanguine,
656 4888 799 4941 aeris
843 4887 895 4941 in
926 4885 1142 4954 spiritu,
1184 4886 1320 4955 ignis
1350 4886 1405 4940 iu
1434 4888 1613 4939 calore
1643 4885 1811 4940 vitali.
1846 4888 1934 4945 Si-

348 4975 565 5045 quidem
589 4976 976 5045 quadripartita
1002 4975 1214 5028 humani
1246 4975 1489 5042 COrporis
1507 4977 1618 5045 88
1640 4977 1777 5031 ratio
1805 4992 1934 5046 qua-

349 5074 474 5118 tuor
500 5067 889 5120 elementorum
934 5065 1177 5135 designat
1219 5065 1475 5133 speciem.
1510 5065 1679 5132 Caput
1708 5081 1936 5135 namque

348 5156 416 5210 ad
445 5156 641 5210 caelum
672 5156 922 5219 refertur,
953 5156 1002 5209 in
1034 5172 1141 5225 quo
1167 5165 1292 5211 sunt
1322 5156 1426 5210 duo
1449 5156 1613 5223 oculi,
1646 5154 1796 5225 quasi
1827 5156 1935 5212 duo

348 5248 634 5302 luminaria
659 5248 787 5302 solis
816 5257 873 5302 et
895 5248 1056 5303 lunae.

417 5380 509 5437 45.
536 5383 731 5437 Eadem
758 5383 1015 5437 sententia
1042 5381 1179 5450 apud
1202 5381 1387 5450 Greg.,
1422 5395 1472 5434 tv
1512 5381 1724 5443 Moral.,
1750 5396 1866 5451 cap.
1896 5381 1929 5435 9

2046 4696 2397 4751 nmnitiouem
2432 4713 2645 4755 eorum.

2120 4784 2208 4839 55.
2268 4786 2562 4853 Supercilia
2616 4802 2828 4857 quoque
2879 4790 2997 4857 pilis
3059 4789 3317 4846 brevibus
3370 4792 3626 4847 adornata

2046 4887 2189 4943 sunt,
2238 4878 2387 4950 quasi
2432 4880 2750 4949 quibusdam
2796 4882 3078 4951 aggeribus
3119 4884 3284 4938 oculis
3333 4885 3629 4951 prmbeutes

2045 4972 2365 5037 custodiam,
2421 4988 2489 5028 ne
2542 4972 2669 5043 quid
2709 4989 2941 5042 superne
2976 4976 3196 5030 incidat.
3236 4979 3455 5029 Anrinm
3504 4978 3626 5030 inde

2042 5062 2241 5116 dictum
2280 5077 2475 5118 nomen
2520 5073 2623 5128 est,
2680 5078 2709 5117 a
2760 5066 2979 5120 vocibus
3023 5066 3347 5120 hauriendis.
3402 5065 3504 5120 Per
3534 5067 3633 5119 itu-

2041 5155 2391 5212 mutationem
2439 5156 2581 5211 enim
2632 5157 2823 5211 litterae
2869 5171 3028 5211 aures
3077 5158 3239 5210 veluti
3276 5156 3462 5224 audes,
3503 5169 3629 5213 sunt

2043 5249 2357 5303 nominatae.
2404 5249 2507 5304 Per
2559 5250 2655 5304 bas
2702 5250 2844 5305 enim
2894 5264 3085 5304 sonum
3116 5264 3438 5319 vocemque,
3471 5251 3623 5319 quasi

2040 5381 2127 5435 tibi
2156 5381 2373 5436 indicati
2407 5381 2508 5434 loci
2539 5395 2569 5434 e
2602 5379 2789 5447 quibus
2822 5388 3027 5446 sumpta
3056 5387 3215 5440 sunt;
3267 5378 3413 5432 locus
3443 5384 3622 5445 Augu-

2036 5454 2164 5506 stini
2195 5455 2261 5506 de
2281 5452 2490 5506 cerebri
2514 5452 2823 5504 ventriculis
2857 5450 2947 5502 iib.
2977 5464 3051 5502 vn
3080 5450 3148 5504 de
3199 5448 3394 5505 Gencs.
3438 5453 3503 5503 ad
3531 5454 3619 5505 ht-

2032 5530 2135 5576 ter.
2153 5562 2167 5585 ,
2200 5538 2315 5591 cap.
2366 5522 2455 5575 18.

2107 5593 2243 5645 Ibid.
2266 5588 2397 5646 Sive
2422 5592 2642 5659 plerique
2670 5605 2764 5658 pro
2794 5600 2839 5642 et
2871 5588 3113 5659 plerique.
3144 5591 3310 5644 Ansv.

2105 5664 2196 5716 52.
2238 5658 2541 5715 Dill'erenlia
2562 5658 2711 5713 inter
2736 5662 2918 5729 facient
2951 5658 3017 5714 et
3054 5664 3247 5714 vultum
3280 5661 3465 5715 iisdem
3499 5658 3618 5712 fere

2034 5736 2207 5784 verbis
2244 5745 2489 5797 expressa
2519 5740 2601 5783 est
2656 5732 2707 5782 in
2758 5730 3081 5784 Dtlferentiis
3136 5738 3436 5798 verborum,
3465 5746 3614 5786 num.

2032 5802 2151 5869 3.759,
2190 5802 2276 5856 ubi
2304 5800 2548 5871 quaedam
2578 5810 2839 5856 annotata
2868 5813 3013 5856 sunt.
3049 5802 3219 5856 Ansv.

351 5454 513 5509 e121.

419 5521 554 5575 Ibid.
592 5523 856 5592 Vulgata:
904 5523 1153 5592 Quoniam
1202 5523 1308 5587 ipse
1362 5524 1589 5587 cognovit
1633 5522 1927 5592 ﬁgmentum

348 5605 596 5646 nostrum.
627 5588 943 5647 lie—cordatus
973 5588 1049 5645 est
1077 5594 1313 5657 quoniam
1341 5593 1503 5661 pulvis
1530 5588 1721 5645 sumus.
1754 5594 1923 5646 Aasv.

419 5666 505 5718 Ali.
532 5666 674 5716 Adde
696 5678 739 5717 et
767 5664 981 5716 aliud...
1008 5663 1237 5731 conﬁteri
1261 5678 1547 5731 possumus.
1588 5664 1709 5717 llaec
1738 5664 1787 5715 itt
1822 5678 1926 5715 uno

350 5741 552 5788 tantum
585 5735 718 5787 libro
747 5734 1015 5800 leguntur.
1417 5788 1421 5791 _

420 5805 505 5858 Π.
542 5807 665 5859 liwc
694 5807 878 5859 eadem
913 5804 1148 5873 pleniora
1185 5803 1478 5874 Etymolog.
1506 5802 1598 5857 lib.
1629 5817 1704 5868 tu,
1733 5818 1850 5871 cap.
1883 5818 1919 5868 ι,
