4108 6178
434 357 512 418 79
1506 358 1559 413 S.
1606 355 1851 413 ISIDORI
1890 354 2326 411 lllSPALEN’SIS
2370 354 2672 412 EPISCOPI
3322 312 3335 317 Ἥ
3652 363 3722 417 80

440 496 538 551 per
578 475 849 532 corbleam
892 473 1235 529 descendere.
1271 470 1422 540 Quod
1459 485 1553 525 aer
1583 471 1721 526 ictus
1751 472 1803 525 in
1850 471 2024 526 circu-
2058 474 2105 533 Α
2133 469 2463 540 dicus,quod
2490 484 2557 524 eo
2593 469 2776 523 tritum
2808 470 3088 541 collyrium
3124 487 3149 524 a
3187 472 3410 529 medicis
3429 475 3721 546 colligitur.

440 573 551 629 tum
584 572 875 639 orbemque
908 577 1204 621 moveatur.

514 662 601 716 56.
634 661 817 722 Gense,
873 674 900 711 a
932 658 1155 727 genibus
1184 655 1361 709 diem.
1396 655 1527 719 Quia
1571 654 1947 724 complicatum
1976 656 2028 708 in

441 764 595 807 utero
618 752 757 820 gigni
798 751 1119 815 formarique
1151 747 1417 801 hominem
1467 746 1635 809 aiunt,
1672 748 1744 800 ita
1774 760 1828 800 ut
1860 763 2029 816 genua

441 858 652 898 sursum
683 843 809 904 sint,
844 842 1034 909 quibus
1083 839 1225 891 oculi
1274 838 1587 902 formentur,
1622 850 1677 892 ut
1709 839 1827 893 cavi
1859 854 1920 892 ac
1951 854 2034 892 re-

376 972 385 976 -
442 932 643 988 (Ottdili
676 934 818 983 fiant.
857 930 1083 997 Ideoque
1113 940 1164 983 et
1193 931 1277 998 qui
1302 930 1526 998 alleujus
1552 932 1816 998 lacrymas
1840 931 2033 985 elicere

444 1028 685 1091 cupiunt,
717 1036 886 1089 genua
920 1030 1161 1087 tangunt,
1187 1035 1248 1072 ac
1282 1036 1372 1087 per
1396 1036 1458 1073 ea
1489 1021 1861 1085 deprecantur,
1892 1020 2033 1088 quod

444 1117 497 1171 in
530 1124 680 1170 utero
706 1111 1051 1166 formaverint
1082 1112 1286 1173 oculos,
1339 1122 1497 1181 atque
1528 1112 1868 1166 cnutrierint.
1916 1111 2036 1176 ipse

444 1222 698 1275 genarum
733 1216 908 1257 tutnor
964 1204 1131 1256 instar
1172 1203 1387 1255 collium
1423 1203 1614 1257 leuiter
1644 1217 1937 1271 exsurgens
1968 1204 2035 1255 ab

442 1300 587 1351 omni
622 1308 771 1367 parte
820 1302 1003 1349 contra
1051 1293 1390 1347 itnn'tiucnlcs
1436 1295 1589 1358 ictus,
1640 1296 1824 1347 oculos
1873 1293 2038 1347 cflit'it

446 1401 611 1446 tutos.

518 1481 608 1535 57.
640 1479 803 1533 Nares
821 1478 997 1540 dictze,
1028 1476 1167 1546 quod
1194 1492 1287 1543 per
1308 1489 1400 1529 eas
1420 1490 1535 1540 aer,
1568 1476 1650 1528 vel
1670 1475 1887 1544 spiritus
1910 1489 2039 1528 nare

448 1587 551 1625 non
583 1571 796 1626 desinit.
831 1571 883 1623 lu
919 1569 1001 1622 his
1035 1569 1179 1621 enim
1216 1567 1312 1620 tria
1341 1578 1461 1619 sunt
1492 1564 1668 1619 ofﬁcia
1695 1582 1708 1620 :
1742 1582 1903 1619 unum
1934 1567 2036 1618 du-

446 1665 599 1719 cendi
628 1664 869 1731 Spiritus,
901 1663 1126 1714 alterum
1152 1658 1397 1728 capiendi
1434 1658 1633 1724 odoris,
1672 1658 1884 1711 tertium
1918 1673 2040 1726 pur-

447 1765 692 1823 g-imeuta
742 1753 949 1807 cerebri
1006 1750 1300 1804 deflueudi.
1358 1749 1429 1803 Os
1483 1750 1684 1803 dictum
1735 1759 1837 1815 est,
1886 1749 2037 1817 quasi

2136 560 2362 627 Quintus
2391 562 2730 625 auricularis,
2754 562 2895 629 quod
2919 578 2983 617 eo
3006 578 3190 618 aurem
3216 567 3531 636 scalpimus.

2205 652 2294 707 bi.
2328 655 2491 706 Porro
2525 664 2710 722 pectus
2754 654 2983 709 hominis
3013 656 3080 711 ab
3110 669 3327 725 aspectu
3373 670 3637 715 vocatum.
3669 660 3724 718 In

2134 744 2297 797 mutis
2334 743 2477 797 enim
2510 744 2868 798 animantibus
2922 745 2987 798 ad
3024 756 3220 800 terram
3259 762 3576 816 oppressum
3618 764 3724 816 est,

2135 845 2295 903 atque
2322 834 2389 885 ab
2424 846 2642 900 aSpecut
2674 843 2969 899 remi-tum;
3015 835 3247 890 hominis
3278 848 3455 892 autem
3488 845 3725 907 aspectui

2136 934 2323 992 patens
2348 936 2398 978 et
2427 934 2686 979 erectum.
2720 926 2939 980 Plenum
2962 929 3103 982 enim
3126 930 3339 985 ratione
3372 948 3476 987 non
3501 935 3726 990 decebat

2137 1033 2254 1073 esse
2286 1018 2456 1071 latens
2496 1027 2550 1073 et
2598 1017 2822 1074 humile.
3320 1026 3337 1037 '

2211 1113 2299 1164 o5.
2336 1110 2553 1179 Papillae
2609 1122 2736 1166 sunt
2787 1128 3136 1167 mammarum
3184 1117 3430 1184 capitula,
3482 1118 3727 1173 Mantum

2139 1215 2315 1257 autem
2361 1213 2598 1258 tumores
2644 1207 2879 1279 pectoris
2926 1204 3115 1260 leviter
3155 1220 3506 1277 exsurgentes
3551 1228 3563 1263 :
3614 1215 3726 1264 tia-e

2138 1306 2261 1349 sunt
2328 1297 2537 1349 feminis
2595 1296 2661 1349 ad
2718 1296 2969 1350 alendum
3034 1299 3198 1351 fetum
3258 1300 3432 1367 datas,
3490 1302 3727 1356 maribus

2137 1386 2203 1439 ad
2245 1387 2416 1440 solum
2466 1387 2659 1449 decus,
2696 1403 2761 1440 ne
2791 1385 3021 1441 informe
3054 1399 3239 1456 pectus
3268 1406 3393 1445 esse
3424 1393 3722 1447 videretur.

2138 1478 2323 1547 Νιιῳιε
2352 1477 2496 1532 enim
2527 1476 2749 1531 decebat
2778 1478 2830 1531 iu
2874 1478 3091 1532 feminis
3125 1481 3250 1534 alibi
3283 1496 3424 1546 esse,
3476 1498 3635 1552 quam
3669 1494 3727 1539 ut

2139 1569 2338 1620 animal
2372 1567 2676 1636 intelligens
2703 1582 2768 1621 ex
2798 1568 2963 1624 corde
2990 1570 3297 1624 alimoniam
3325 1582 3578 1627 sumeret.

2211 1658 2299 1712 66.
2335 1658 2498 1710 l’orro
2528 1657 2811 1711 umbilicus
2858 1667 2942 1713 est
2990 1670 3112 1713 nota
3146 1660 3405 1729 impressa
3458 1679 3577 1733 qua:
3614 1682 3729 1721 mc-

2140 1749 2286 1803 dium
2334 1760 2570 1804 ventrem
2603 1750 2867 1819 designat.
2906 1752 2986 1805 Ad
3023 1752 3122 1807 hoc
3162 1754 3356 1819 factus,
3393 1766 3449 1810 ut
3481 1772 3573 1826 per
3600 1774 3724 1813 eum

447 1852 685 1920 corporis
731 1850 947 1903 ostium.
994 1845 1158 1914 Cujus
1206 1846 1414 1912 species
1468 1845 1517 1897 in
1570 1846 1778 1899 duobus
1818 1832 2035 1898 constat
2069 1859 2114 1917 Β
2143 1847 2277 1901 fetus
2316 1846 2440 1899 dum
2482 1855 2565 1901 est
2604 1847 2653 1899 in
2694 1855 2846 1902 utero
2878 1848 3172 1904 nutriatur.
3204 1849 3417 1918 Splenis
3465 1862 3642 1906 autem
3674 1864 3731 1905 et

443 1946 641 1997 olfici's
668 1960 681 1996 :
714 1940 956 1995 sumendi
992 1942 1209 2002 victmn,
1254 1946 1307 1989 ct
1339 1938 1586 2006 loquendi
1617 1937 1811 2005 lingua.

522 2036 608 2090 58.
650 2036 807 2087 Labia
845 2047 871 2084 a
914 2030 1197 2084 lambendo
1228 2030 1517 2084 nominata.
1559 2028 1709 2096 Quod
1743 2036 1920 2081 autem
1953 2042 2040 2079 su-

448 2130 629 2196 perius
653 2136 735 2180 est
758 2126 951 2178 labium
970 2124 1222 2185 dicimus;
1241 2124 1378 2191 quod
1409 2123 1650 2188 inferius,
1668 2121 1894 2174 labrum.
1920 2120 2041 2175 Litt-

452 2235 566 2285 guze
597 2234 789 2270 nomen
812 2233 837 2267 a
883 2216 1093 2285 ligando
1114 2213 1234 2266 cibo
1279 2214 1607 2281 impositum.
1630 2213 1753 2267 llaec
1776 2212 2040 2280 interpres

451 2310 645 2361 anim-.e
670 2322 851 2358 vocem
877 2305 1107 2357 motibus
1131 2301 1243 2355 suis
1275 2302 1323 2355 itt
1350 2304 1507 2355 verba
1538 2302 1830 2368 distinguit,
1866 2302 1944 2353 vel
1972 2300 2039 2352 il-

454 2400 643 2454 lisione
661 2398 842 2465 palati,
864 2411 926 2450 ac
944 2393 1202 2457 dentium,
1230 2395 1313 2448 vel
1332 2395 1732 2461 coiupressinne
1755 2391 2036 2445 labioi-um.

525 2488 613 2541 5.9.
645 2489 840 2540 Dentes
872 2485 1026 2551 dicti,
1052 2488 1203 2554 quasi
1243 2487 1393 2539 cibos
1424 2484 1743 2539 dividentes.
1769 2483 2039 2551 Siquidem

456 2592 633 2631 escam
662 2578 966 2631 inciduutet
984 2578 1374 2641 ctumniuuunt,
1393 2576 1746 2645 opportunius
1768 2575 1965 2644 gutturi
1990 2586 2042 2629 et

454 2674 733 2725 stomac‘:o
758 2672 991 2727 tradunt.
1026 2671 1222 2725 llorum
1256 2673 1485 2741 priores,
1521 2671 1608 2740 qui
1640 2671 1817 2725 cibum
1851 2671 2040 2740 pracci-

455 2764 611 2827 dunl,
636 2762 843 2815 adversi
868 2762 1056 2816 dentes
1078 2764 1361 2828 dicuntur;
1390 2763 1620 2816 molares
1646 2761 1839 2824 intinti,
1858 2760 1944 2830 qui
1969 2762 2042 2814 ci-

458 2862 555 2909 bos
568 2858 842 2925 subigunt;
861 2855 1055 2919 canini,
1073 2855 1159 2924 qui
1178 2855 1434 2922 vigesimo
1447 2854 1617 2907 mtatis
1633 2868 1773 2906 anno
1786 2852 2039 2906 exismut.

525 2949 637 3018 90
660 2949 746 3001 60.
777 2947 1013 3018 Gingivm
1050 2963 1077 3000 a
1121 2947 1398 3017 gignendis
1433 2946 1683 3001 dentibus
1733 2944 2041 3008 nuntina’aa,

457 3056 579 3107 qme
629 3055 871 3108 magnam
928 3039 1381 3108 pulchritudinem
1436 3038 1515 3091 ori
1567 3034 1872 3101 conferunt,
1916 3036 2041 3089 dum

458 3131 749 3184 nuditatem
773 3131 1009 3185 deutimn
1034 3139 1234 3201 tegunt.
1254 3130 1457 3184 Fauces
1480 3138 1601 3182 sunt
1624 3139 1865 3197 angustae
1893 3129 2040 3179 fistu-

2139 1939 2336 2006 jvcoris
2362 1941 2562 1994 viscera
2595 1939 2746 2008 quasi
2782 1955 2845 1994 ex
2874 1943 3199 1996 conturbato
3236 1944 3495 2012 sanguine
3517 1946 3622 2015 91
3653 1947 3731 1999 vi-

2144 2027 2338 2081 dentur
2358 2043 2479 2082 esse
2502 2042 2533 2082 c
2554 2037 2771 2081 increta.
2797 2026 2953 2082 Juxta
2975 2042 3070 2082 eos
3093 2038 3270 2083 autem
3298 2031 3387 2100 qui
3408 2031 3472 2084 de
3495 2034 3729 2103 physicis

2144 2119 2435 2189 disputant,
2465 2120 2793 2187 voluptatem
2818 2135 3062 2175 venerea:
3085 2122 3530 2189 coacupiscentia:
3551 2125 3731 2177 consi-

2143 2222 2285 2265 stere
2315 2210 2503 2264 dicunt
2538 2211 2589 2264 iu
2621 2209 2829 2279 jecorc,
2863 2211 3110 2266 allectum
3140 2221 3319 2266 autem
3354 2214 3643 2268 iracundia:
3677 2216 3731 2269 in

2146 2301 2291 2367 felle,
2326 2301 2538 2371 pavoris
2564 2302 2616 2355 in
2648 2302 2829 2368 corde,
2866 2302 2916 2355 iu
2949 2301 3135 2370 sjileue
3160 2303 3375 2357 lietitize.
3400 2305 3453 2358 In
3473 2306 3733 2373 pulmoni-

2146 2397 2244 2451 bus
2274 2411 2401 2451 vero
2428 2411 2606 2450 aerem
2632 2395 2913 2460 contineri,
2938 2397 3028 2466 qui
3059 2412 3089 2449 a
3120 2397 3282 2451 corde
3305 2413 3399 2468 per
3424 2414 3583 2452 venas
3604 2415 3735 2467 quas

2144 2488 2370 2542 atterias
2411 2494 2623 2552 vocant,
2648 2485 2979 2552 ditl‘unditur,
3004 2498 3059 2541 ut
3089 2489 3341 2556 paulatim
3375 2488 3736 2559 inspirandict

2148 2578 2442 2648 respirandi
2468 2586 2635 2632 tractu
2664 2586 2831 2631 totum
2858 2577 3058 2633 animet
3087 2593 3301 2649 corpus.

2218 2672 2305 2725 67.
2341 2670 2395 2724 In
2423 2669 2607 2740 jecore
2639 2668 2774 2737 ignis
2808 2670 2965 2725 habet
2990 2672 3202 2737 Sedem,
3242 2672 3328 2741 qui
3360 2672 3504 2728 velut
3541 2673 3734 2730 subvo-

2148 2762 2259 2815 lare
2303 2759 2603 2814 ostenditur
2632 2759 2685 2814 in
2717 2760 2983 2815 excelsum
3012 2760 3222 2815 cerebri
3252 2761 3449 2827 locum,
3482 2772 3732 2832 tauquam

2145 2851 2198 2906 in
2241 2852 2433 2906 cwlum
2473 2851 2716 2919 corporis
2772 2852 2964 2905 nostri.
3019 2850 3171 2907 Uudc
3215 2860 3272 2908 et
3322 2854 3455 2907 radii
3497 2854 3738 2910 cmicuut

2147 2941 2425 2995 oculorum
2445 2980 2461 3006 ,
2498 2950 2550 2993 et
2576 2940 2644 2994 de
2672 2940 2823 3008 cujus
2850 2940 3050 3006 medio,
3097 2941 3240 2995 velut
3268 2953 3455 2996 centro
3480 2941 3735 3013 quodam,

2147 3034 2392 3105 quaedam
2424 3048 2529 3087 non
2552 3033 2725 3087 solum
2746 3032 2811 3085 ad
2838 3033 3041 3101 oculos,
3067 3035 3159 3087 sed
3181 3044 3405 3088 exnteros
3431 3049 3626 3089 sensus
3656 3042 3735 3090 te-

2152 3141 2284 3181 nues
2309 3125 2499 3179 fistulte
2528 3124 2882 3178 deducuntur.
2914 3125 3184 3195 Siquidem
3226 3126 3279 3179 in
3315 3140 3380 3181 eo
3404 3127 3586 3180 volunt
3615 3142 3737 3182 esse

459 3223 544 3283 lae,
574 3222 721 3291 quasi
770 3223 934 3285 foces,
975 3237 1067 3289 ρει·
1107 3237 1240 3291 quas
1272 3220 1470 3274 vocalis
1503 3218 1725 3289 spiritus
1753 3215 1821 3271 ab
1854 3218 2043 3271 intimo
2070 3238 2121 3303 ρ
2152 3216 2387 3273 cilicium
2412 3217 2722 3285 voluptatis,
2746 3217 3144 3272 etdecoctiouis
3165 3218 3403 3272 ciborum
3427 3218 3735 3288 complexu,

457 3322 677 3382 pectore
719 3313 945 3367 exiliens
979 3328 1168 3365 sonum
1211 3312 1357 3365 vocis
1381 3313 1593 3364 emittit.

531 3406 618 3460 ﬁt.
678 3406 997 3461 lllandibula:
1055 3405 1388 3460 maxillarum
1449 3416 1626 3473 partes
1684 3412 1807 3458 sunt
1855 3403 2049 3473 quibus

459 3495 784 3551 mandimus.
830 3497 979 3550 Dicta
1022 3505 1203 3551 autem
1239 3496 1457 3549 maxilla
1492 3511 1585 3565 per
1613 3495 2046 3559 diminutionem,

460 3587 601 3642 sicut
660 3587 890 3654 paxillus
942 3601 971 3639 a
1021 3587 1161 3654 palo.
1206 3584 1421 3640 Collum
1472 3586 1538 3639 ad
1583 3588 1753 3639 instar
1781 3586 2049 3639 columna:

462 3689 733 3732 vocatum.
769 3679 861 3732 Est
888 3682 1030 3733 enim
1059 3680 1284 3749 rigidum
1318 3691 1371 3734 et
1400 3680 1707 3735 rotundum.
1744 3681 1870 3734 Dum:
1924 3688 2051 3735 sunt

462 3770 517 3822 in
548 3784 613 3823 eo
646 3768 835 3823 fistula:
870 3787 884 3823 :
917 3785 1018 3823 una
1047 3771 1320 3833 ciborum,
1342 3771 1506 3825 altera
1541 3771 1702 3825 aeris.
1733 3770 1929 3824 [larum
1962 3785 2051 3823 su-

464 3862 642 3929 perior
666 3878 853 3917 runteu
884 3870 1123 3929 vocatur,
1155 3878 1257 3931 qua
1284 3863 1437 3916 cibus
1472 3870 1527 3916 et
1553 3863 1698 3930 potio
1729 3863 2048 3925 devoratur;

466 3956 606 4009 unde
637 3954 821 4009 beSIiae
855 3971 973 4026 qua:
997 3957 1174 4011 cibum
1213 3956 1471 4011 revocant
1495 3971 1557 4011 ac
1587 3956 1911 4011 rctnaniluut
1960 3973 2052 4010 ru-

468 4044 672 4099 tniuare
703 4046 1007 4100 dicuntur:
1059 4048 1227 4102 altera
1281 4048 1501 4101 inferior
1546 4056 1765 4101 vocatur
1810 4047 2055 4117 gurgulio

468 4149 539 4187 ex
570 4136 779 4189 ossibus
812 4152 951 4201 comi
973 4148 1116 4203 acta,
1152 4148 1205 4191 et
1234 4138 1634 4193 coluerenttbus
1675 4149 1728 4192 et
1765 4138 2053 4205 ﬂexuosis;

472 4226 585 4276 luce
606 4239 633 4277 a
656 4225 877 4279 naribus
903 4227 967 4279 ad
995 4228 1302 4294 pulmonem
1336 4238 1520 4297 patens
1543 4229 1613 4281 ob
1636 4236 2055 4282 transmeantem

470 4315 738 4383 spiritum.
758 4316 921 4385 Cujus
949 4319 1261 4387 operculum
1294 4319 1653 4389 sublinguium
1678 4319 2057 4389 dicitur,quasi

474 4424 639 4479 parva
667 4410 867 4481 lingua,
899 4428 1019 4480 qua:
1062 4412 1299 4465 foramen
1340 4412 1456 4481 ejus
1492 4413 1717 4465 recludit
1764 4421 1818 4466 et
1865 4413 2056 4481 aperit,

473 4516 542 4555 ne
577 4516 668 4570 per
694 4511 876 4572 partes
902 4503 1082 4572 juncta
1123 4502 1299 4557 lismla
1333 4506 1537 4572 impetu
1582 4502 1823 4567 veniens,
1856 4503 2064 4557 violen-

475 4604 558 4648 ter
587 4609 679 4647 aer
710 4595 915 4647 interna
968 4603 1297 4663 corrumpat.

544 4684 637 4737 (3‘2.
670 4684 854 4738 Manus
905 4683 1063 4738 dicta:
1110 4700 1176 4739 eo
1216 4684 1357 4754 quod
1387 4699 1581 4737 munus
1626 4685 1733 4738 sint
1766 4685 1909 4737 omni
1941 4697 2059 4737 cor-

474 4776 682 4847 pori,et
705 4775 842 4845 quod
875 4775 943 4831 ab
984 4776 1116 4845 ipsis
1159 4776 1477 4832 mandimus.
1513 4777 1692 4831 Palma
1743 4791 1932 4831 manus
1980 4785 2063 4831 est

475 4870 742 4939 dispausis
788 4870 1003 4939 digitis,
1059 4870 1199 4924 sicut
1247 4882 1300 4924 et
1342 4872 1503 4925 arbor
1554 4872 1824 4942 dispansis
1872 4872 2060 4927 ramis.

482 4959 632 5024 item,
666 4961 807 5014 sicut
852 4960 1142 5014 contractis
1194 4959 1400 5029 digitis,
1442 4976 1668 5031 pugnus.

548 5050 636 5103 (ὦ.
675 5048 972 5119 Digitorum
1010 5066 1223 5119 quoque
1267 5067 1520 5107 numerus
1575 5051 1840 5119 perfectus
1871 5062 1973 5122 est,
2012 5062 2067 5107 et

483 5141 615 5194 ordo
641 5143 1078 5197 decentissimus.
1115 5143 1192 5198 Ex
1227 5144 1308 5197 his
1353 5144 1552 5214 prinms
1603 5158 1783 5200 rector
1827 5148 2064 5202 omnium

484 5240 536 5280 ct
567 5230 872 5285 moderator
906 5233 1076 5301 pollex
1113 5247 1333 5287 vocatur
1354 5276 1368 5299 ,
1402 5250 1466 5289 eo
1496 5236 1637 5305 quod
1668 5237 1959 5305 plurimum
1989 5240 2069 5291 in-

481 5328 565 5375 ter
593 5330 817 5375 caeteros
845 5324 1063 5392 polleat,
1082 5326 1132 5378 id
1163 5338 1243 5380 est
1270 5328 1577 5394 praevaleat.
1601 5327 1879 5382 Secundus
1909 5330 2064 5383 index

487 5419 542 5467 et
568 5412 815 5464 salutaris
844 5428 1085 5479 vocatur,
1118 5418 1242 5483 quia
1273 5433 1339 5471 eo
1369 5416 1485 5472 fere
1529 5419 1869 5473 ostendimus
1904 5434 1955 5473 et
1980 5435 2065 5472 sa—

482 5512 730 5564 lutamus.
761 5506 973 5563 Tertius
1005 5512 1214 5565 medius
1242 5512 1324 5566 vel
1357 5513 1675 5582 impudicus,
1702 5522 1923 5582 quartus
1952 5528 2063 5567 mc-

485 5650 640 5777 (57‘.
668 5648 914 5703 Fortasse
938 5647 1220 5720 legendum
1254 5660 1588 5725 purgamenta
1619 5646 2057 5719 cercbridejirt'en-

521 5737 559 5773 ι.
598 5752 603 5771 ς
643 5736 762 5773 κεν.

521 5737 559 5773 ι.
598 5736 762 5773 Ακεν.

561 5790 651 5847 δὲ.
676 5790 715 5845 Α
741 5792 967 5862 ligando.
1004 5792 1073 5847 ita
1128 5792 1288 5847 ctiatn
1320 5792 1370 5847 in
1407 5793 1775 5865 Etymolugiis.
1811 5791 1909 5846 Alii
1959 5791 2055 5845 ali-

2154 3321 2207 3367 ct
2235 3311 2495 3366 calefacto
2540 3326 2635 3363 suo
2666 3311 2716 3364 in
2750 3313 3065 3380 sanguinem
3099 3312 3498 3367 mutandarum.

2225 3400 2313 3455 (:8.
2358 3402 2737 3457 intestinorum
2770 3412 2943 3458 autem
2989 3404 3125 3458 ratio
3160 3422 3171 3456 :
3212 3402 3410 3459 idcirco
3441 3405 3612 3477 longis
3641 3420 3739 3460 an-

2154 3491 2410 3547 fractibus
2466 3493 2520 3546 in
2566 3492 2887 3548 circulorum
2941 3494 3183 3549 ordinata
3238 3507 3361 3549 sunt
3405 3496 3643 3563 modum,
3683 3506 3741 3549 ut

2155 3597 2432 3657 susceptos
2461 3586 2608 3641 cibos
2635 3586 2888 3656 paulatim
2918 3594 3160 3654 egerant,
3204 3594 3256 3639 et
3284 3600 3349 3639 ex
3382 3586 3510 3654 ipsis
3538 3602 3598 3643 ea
3624 3604 3741 3655 qum

2156 3680 2474 3733 intrinsecus
2504 3689 2651 3745 sunt,
2684 3678 2963 3733 humorem
2994 3678 3192 3731 sensim
3227 3678 3543 3745 suscipiant.
3577 3678 3743 3731 Alvus

2156 3776 2327 3829 dictus
2351 3791 2416 3830 eo
2439 3774 2578 3845 quod
2626 3776 2680 3828 in
2721 3789 2863 3840 cum,
2895 3771 3042 3841 quasi
3076 3772 3128 3825 in
3176 3771 3409 3835 alveum,
3441 3772 3616 3826 omnis
3646 3772 3742 3825 lut-

2158 3885 2273 3921 mor
2302 3868 2421 3922 cibo
2449 3866 2733 3935 permistus
2756 3865 2951 3919 defluat
2980 3878 3042 3918 ac
3081 3870 3352 3926 recurrat,
3383 3870 3435 3917 et
3472 3864 3746 3915 inenarra-

2159 3961 2249 4015 liili
2289 3960 2445 4014 modo
2478 3958 2718 4013 ciborum
2761 3972 2920 4010 succo
2952 3957 3254 4009 universum
3288 3968 3502 4023 corpus,
3537 3953 3684 4019 quasi
3713 3971 3744 4007 e

2159 4053 2330 4107 latere
2358 4051 2525 4105 valles
2556 4050 2757 4103 vicinas
2784 4047 3058 4118 irrigando
3083 4047 3392 4115 adimpleat.

2233 4140 2322 4195 69.
2364 4141 2531 4195 Porro
2562 4140 2710 4191 alvus
2742 4150 2950 4201 venter,
2982 4147 3035 4191 et
3079 4146 3260 4193 uterus
3297 4136 3568 4190 dilicrunt.
3602 4134 3743 4190 Ven-

2163 4242 2246 4287 ter
2275 4232 2417 4285 euim
2447 4238 2531 4283 est
2559 4229 2650 4297 qui
2692 4238 2913 4297 apparet
2953 4228 3288 4281 extrinsecus
3310 4269 3323 4291 ,
3354 4228 3684 4294 pertinetque
3713 4243 3742 4277 a

2164 4333 2380 4393 pectore
2428 4321 2493 4375 ad
2530 4322 2747 4390 inguen.
2793 4320 2957 4374 Alvus
3000 4328 3082 4373 est
3112 4320 3331 4373 interior
3364 4334 3505 4387 pars,
3539 4334 3639 4388 qtta
3670 4319 3746 4371 ci-

2165 4420 2262 4473 bus
2314 4416 2477 4485 recipi
2521 4424 2575 4469 et
2625 4414 2837 4484 purgari
2878 4414 3034 4467 solet.
3076 4414 3296 4466 Uterum
3328 4413 3456 4465 solae
3488 4410 3744 4464 mulieres

2165 4510 2364 4564 habent
2390 4509 2443 4560 in
2467 4520 2571 4573 quo
2587 4503 2913 4573 concipiunt.
2938 4502 3282 4556 Confundunt
3309 4511 3482 4555 tamen
3514 4500 3628 4553 hate
3653 4516 3747 4554 au-

2094 4631 2144 4690 D
2170 4613 2363 4663 ctores,
2391 4609 2443 4654 ct
2466 4609 2672 4653 uterum
2703 4612 2798 4667 pro
2829 4597 3105 4664 utriusque
3127 4608 3286 4649 sexus
3308 4600 3493 4647 ventre
3521 4603 3745 4660 ponunt.

2240 4695 2327 4747 70.
2363 4692 2625 4748 Ceuitalia
2655 4699 2829 4743 autem
2850 4728 2866 4753 ,
2906 4690 3042 4742 sicut
3082 4686 3254 4752 ipsum
3296 4699 3487 4738 nomen
3518 4684 3694 4746 docet,
3718 4698 3749 4737 a

2168 4783 2436 4854 gignendo
2465 4781 2629 4835 dicta.
2672 4778 2880 4833 Notium
2920 4792 3045 4831 caro
3074 4776 3387 4844 conglobata
3418 4772 3637 4827 sed-andi
3668 4773 3749 4826 of-

2173 4878 2292 4929 ficio
2333 4878 2465 4927 facta
2507 4882 2607 4936 est,
2642 4888 2730 4939 ne,
2765 4878 3040 4939 premente
3079 4866 3319 4936 corporis
3350 4867 3508 4930 mole,
3540 4868 3750 4919 ossibus

2170 4967 2404 5022 cederet.
2455 4964 2673 5020 Femina
2725 4972 2848 5017 sunt
2896 4959 3155 5016 femorum
3209 4969 3426 5030 partes,
3460 4959 3652 5030 quibus
3698 4959 3748 5012 iu

2171 5057 2459 5127 equi'anilo
2492 5055 2650 5123 tergis
2682 5068 2939 5123 equorum
2970 5054 3327 5104 adlizeretnus.
3352 5049 3505 5104 Unde
3532 5060 3585 5104 et
3615 5065 3749 5119 pra:-

2175 5148 2393 5202 liatores
2426 5145 2708 5201 feminibus
2739 5158 2906 5213 equos
2934 5142 3214 5195 admisisse
3252 5140 3523 5193 dicuntur.

2244 5239 2332 5292 Ἠ.
2365 5236 2548 5293 Genua
2579 5251 2606 5287 a
2636 5235 2786 5306 genis
2830 5234 2991 5293 dicta,
3032 5245 3098 5283 eo
3126 5230 3265 5298 quod
3299 5230 3349 5282 in
3388 5242 3538 5282 utero
3566 5232 3757 5282 colue-

2173 5341 2344 5394 reant,
2361 5336 2417 5382 et
2434 5340 2653 5397 cognata
2674 5329 2781 5378 sint
2803 5324 2990 5376 oeulis.
3008 5321 3157 5377 Uade
3190 5322 3412 5383 linnins,
3433 5336 3598 5389 genua
3625 5335 3683 5371 co
3699 5337 3757 5371 νη

2171 5424 2342 5490 primit
2362 5430 2473 5472 arta
2498 5435 2644 5489 gena.
2668 5415 2835 5469 Tibize
2860 5414 3011 5465 dicta:
3034 5422 3156 5463 sunt
3184 5409 3335 5479 quasi
3363 5410 3521 5461 tuine.
3555 5408 3680 5463 Plan
3702 5419 3761 5460 ta-

2172 5530 2295 5568 vero
2324 5530 2350 5565 a
2387 5512 2601 5582 planitie
2642 5516 2977 5576 nuncnpatm,
3010 5506 3133 5574 quia
3180 5518 3284 5557 non
3314 5505 3577 5567 rotttntlze,
3616 5512 3670 5554 ut
3716 5520 3763 5553 tu

2504 5712 2799 5772 diﬂ'crcnlia
2834 5711 2883 5765 in
2920 5726 3023 5765 uno
3056 5718 3260 5764 tantum
3294 5707 3394 5761 illa.
3426 5704 3644 5774 legitur.
