4104 6172
508 160 541 201 \

420 317 480 370 Μ
1583 330 2239 400 IIFFFERENTIARUJI
2285 346 2410 403 LIII.
2455 350 2517 408 II.
3641 380 3706 434 ἢ

416 430 872 501 quadrupedibus,
905 449 971 490 ne
1006 445 1152 493 stare
1181 453 1284 494 non
1318 442 1478 509 possit
1520 445 1701 511 homo.
1717 451 1809 504 sed
1836 454 2007 521 planae
2041 464 2091 521 Α

415 537 469 579 et
493 527 765 598 longiores
788 529 1029 586 formata:
1052 546 1196 597 sunt,
1213 543 1268 588 ut
1285 537 1475 592 stabile
1493 554 1688 610 corpus
1710 544 2006 601 efﬁcerent.

414 616 606 673 Calces
633 630 819 675 autem
844 637 873 673 a
902 624 1038 677 callo
1071 625 1261 691 pedum
1295 629 1371 683 sic
1402 631 1689 688 nominata:
1719 645 1864 691 sunt.

485 710 576 764 72.
626 711 825 766 Pedum
850 713 1000 784 digiti
1030 725 1084 770 et
1114 719 1361 774 decorem
1387 731 1437 774 ct
1476 738 1626 777 υμιιηι
1658 726 1852 785 ierunt.
1880 729 2007 782 Nam

409 822 631 863 currere
674 810 784 879 92
826 824 931 863 non
981 826 1282 878 possemus,
1323 816 1425 869 nisi
1474 816 1654 886 digitis
1694 819 1746 873 in
1789 820 2006 877 httmum

409 903 622 969 pressis
653 905 879 971 soloque
903 905 1193 960 nitentibus
1217 906 1473 977 impetum
1499 912 1803 982 saltumque
1830 917 2009 983 capia-

410 1009 554 1048 mus.
588 994 807 1063 Ileliqua
832 1011 952 1050 ossa
990 1000 1254 1068 corporis,
1281 1002 1425 1055 velut
1455 1005 1716 1059 columnae
1740 1009 2003 1075 quaedam,

408 1085 607 1155 quibus
647 1102 776 1140 caro
821 1098 1172 1157 sustentatur,
1216 1090 1414 1147 inserta
1453 1104 1597 1161 sunt,
1631 1107 1683 1151 et
1721 1112 2002 1152 nervorum

406 1180 641 1232 vinculis
661 1180 905 1249 colligata
924 1222 938 1245 ,
972 1191 1030 1234 ut
1058 1184 1335 1251 aptissimo
1361 1196 1507 1241 motu
1537 1188 1843 1244 ﬂectan'ur.
1881 1192 2004 1247 Ilaec

407 1271 723 1326 Lactantius
743 1274 1029 1346 ezeterique
1052 1276 1120 1331 de
1151 1278 1356 1333 ratione
1377 1282 1622 1350 corporis
1643 1284 2000 1353 scripserunt.

1117 1391 1304 1447 XVIII.

486 1481 578 1536 73.
623 1481 763 1536 Inter
797 1482 963 1535 virum
992 1491 1047 1537 et
1094 1483 1349 1539 hominem
1388 1486 1606 1555 quidam
1647 1489 2001 1545 distinxerunt

404 1577 512 1633 hoc
566 1577 850 1643 interesse,
894 1577 1033 1645 quod
1065 1579 1145 1632 vir
1204 1588 1435 1647 utraque
1482 1583 1705 1636 scientia
1750 1583 2001 1651 praeditus

399 1672 769 1739 eloquentiam
806 1687 928 1726 cum
964 1674 1226 1742 sapientia
1271 1675 1503 1730 retinet:
1547 1678 1717 1732 Ilomo
1760 1678 1997 1747 loquaci-
2041 1679 2052 1689 ’

400 1773 514 1818 tate
557 1773 761 1816 tantum
810 1775 1012 1817 naturae
1055 1765 1241 1820 be~tiis
1274 1769 1566 1837 prmpollet.
1607 1770 1787 1824 Virum
1819 1781 1994 1825 autem

2846 471 2959 527 .\Xt

2187 553 2277 609 78.
2312 554 2454 609 Inter
2475 556 2721 625 infamem
2752 574 2806 617 et
2845 582 3060 633 puerum
3089 571 3308 639 quidam
3355 590 3420 629 ex
3449 580 3705 645 sapienti-

2116 643 2214 697 has
2240 646 2622 703 distinxerunt.
2654 651 2849 721 Infans,
2898 656 3165 727 inquiunt,
3199 664 3416 733 dicitur,
3440 643 3529 738 qui
3570 688 3703 727 nou-

2113 738 2238 791 dum
2286 738 2380 793 lari
2439 750 2632 809 potest.
2690 745 2829 800 Puer
2879 760 3057 805 autem
3108 769 3137 807 a
3201 759 3432 823 puritate
3480 773 3701 821 vocatus

2111 829 2265 897 quasi
2312 847 2495 903 purus,
2548 836 2664 890 sive
2708 839 2832 907 quia
2868 843 3103 897 nondum
3133 845 3442 918 lanuginem
3485 855 3693 911 liorem-

2111 936 2214 988 que
2256 937 2516 989 genarum
2574 926 2850 983 inducunt.

2183 1016 2265 1071 79.
2301 1016 2482 1072 Puella
2521 1029 2698 1075 autem
2732 1039 2759 1073 a
2797 1026 3060 1089 parvitate
3106 1039 3312 1094 Vocata,
3349 1050 3495 1096 quasi
3534 1040 3695 1103 pulla.

2115 1106 2262 1163 Unde
2302 1112 2531 1179 pupillos
2565 1122 2620 1166 et
2669 1113 2891 1181 pupillas
2939 1134 3041 1171 non
3090 1136 3187 1189 pro
3241 1126 3565 1191 conditione,
3598 1134 3692 1186 sed

2107 1216 2204 1268 pro
2254 1213 2410 1257 :etate
2459 1205 2648 1272 puerili
2690 1222 2960 1264 vocamus.
3004 1210 3143 1267 Puer
3174 1217 3303 1271 olim
3331 1228 3384 1272 et
3422 1224 3691 1278 masculus

2104 1303 2159 1345 et
2181 1294 2372 1347 femina
2401 1298 2789 1366 appellabatur,
2816 1304 2954 1356 sicut
2975 1303 3171 1360 infans.
3200 1309 3333 1364 Iltnc
3357 1317 3686 1371 consuetudo

2104 1386 2406 1440 communis
2431 1404 2746 1458 puerperam
2778 1405 2950 1448 vocat.
2989 1398 3207 1466 Proprie
3249 1414 3431 1459 autem
3468 1422 3691 1478 puerpe-

2105 1491 2192 1529 ras
2241 1477 2345 1531 dici
2377 1494 2494 1548 quae
2551 1483 2782 1551 primum
2831 1487 3004 1541 enixae
3047 1501 3173 1544 sont
3215 1509 3427 1562 pueros,
3455 1514 3519 1553 eo
3548 1477 3690 1570 quod

2106 1569 2295 1637 puella:
2346 1572 2637 1628 admodum
2696 1578 2925 1645 pariant.

2173 1664 2263 1717 80.
2288 1665 2498 1734 Egressi
2520 1670 2800 1736 pueritiam
2828 1675 3069 1741 masculi,
3087 1679 3315 1745 puberes
3333 1683 3687 1753 appellantur,

2101 1756 2341 1824 quiajam
2357 1760 2608 1827 gignendi
2631 1772 2943 1828 potestatem
2964 1779 3204 1835 sumunt;
3226 1771 3440 1828 femina:
3458 1790 3585 1831 vero
3604 1780 3709 1831 vir-

396 1856 653 1910 dixerunt
677 1859 777 1911 ἀπὸ
799 1866 890 1917 τῆς
915 1860 1117 1931 ἀρετῆς,
1137 1859 1186 1912 id
1206 1870 1287 1914 est
1308 1876 1334 1913 a
1363 1863 1574 1916 virtute.
1611 1863 1788 1917 Virtus
1814 1874 1987 1918 autem

2100 1851 2247 1919 gines
2278 1855 2360 1907 vel
2388 1853 2655 1923 viragines
2676 1857 2946 1914 dicuntur.
2974 1862 3122 1915 Dicta
3162 1875 3338 1918 autem
3364 1866 3569 1938 virago,
3607 1869 3691 1923 vel

393 1946 539 2009 apud
593 1954 803 1999 veteres
850 1947 1071 1999 scientia
1103 1963 1279 2002 rerum
1334 1952 1573 2005 omnium
1630 1966 1992 2021 nuncupatur.

397 2036 512 2088 Nos
543 2045 724 2088 autem
754 2051 915 2088 unum
945 2038 1301 2108 eamdemque
1330 2052 1385 2095 et
1414 2042 1605 2107 virum,
1631 2054 1686 2097 et
1726 2044 1994 2099 hominem

394 2139 794 2190 nuncupamus.
843 2124 998 2179 Jmta
1041 2128 1182 2196 quod
1213 2138 1267 2183 et
1311 2130 1378 2184 de
1411 2130 1627 2185 Christo
1659 2134 1871 2203 legitur,
1903 2135 1994 2204 qui

394 2226 505 2266 tam
536 2213 691 2268 viriu
738 2216 940 2270 sanctis
990 2215 1286 2288 Scripturis
1314 2234 1472 2290 quam
1525 2232 1577 2277 ct
1624 2223 1786 2278 etiam
1834 2224 1994 2280 homo

393 2322 642 2363 \Ot‘allﬂ’.

1119 2404 1266 2460 XIX.

457 2494 552 2549 τε.
584 2494 726 2549 Inter
752 2497 1027 2567 infantiam
1052 2507 1103 2551 et
1126 2499 1423 2568 pueritiam,
1451 2509 1505 2554 et
1532 2501 1761 2572 reliquas
1782 2512 1984 2571 a‘tates,

388 2586 671 2653 sapientes
702 2587 772 2640 ita
801 2587 1145 2642 deﬁnierunt.
1191 2589 1368 2643 Prima
1397 2590 1629 2645 hominis
1658 2602 1790 2647 mtas
1816 2593 1988 2647 infan-

389 2681 492 2745 tia,
520 2681 757 2735 secunda
790 2681 1043 2749 pueritia,
1083 2683 1241 2735 tertia
1270 2683 1659 2751 adolescentia,
1693 2696 1879 2755 quarta
1900 2687 1988 2758 ju-

387 2782 605 2839 ventus,
639 2773 821 2841 quinta
865 2786 1139 2841 senectus,
1195 2786 1347 2829 Sexta
1379 2778 1610 2831 senium.
1646 2778 1769 2830 Dua:
1803 2779 1986 2846 prima:

388 2874 583 2918 aetates
604 2864 832 2931 singulis
859 2879 1121 2918 annorum
1150 2866 1504 2922 tertninantur
1531 2868 1980 2938 hebdomadibus,

391 2966 616 3025 propter
646 2957 945 3025 simplicem
972 2958 1156 3010 vitam.
1179 2958 1307 3010 Nam
1335 2960 1553 3014 infantia
1582 2965 1812 3030 septimo
1842 2980 1984 3017 anno

384 3051 602 3113 linitur,
638 3048 1047 3116 quartodecimo
1082 3050 1332 3118 pueritia.
1364 3051 1558 3106 dehinc
1593 3068 1826 3122 sequens
1853 3057 1982 3110 ado-

384 3140 649 3194 lescentia
683 3139 891 3192 duabus
922 3147 1137 3192 constat
1171 3139 1595 3196 hebdomadibus
1648 3155 1868 3213 propter
1898 3148 1977 3201 in-

2102 1943 2284 2010 quoda
2306 1946 2419 1999 viro
2446 1957 2657 2015 sumpta
2676 1950 2770 2015 sit,
2793 1952 2873 2005 vel
2893 1953 3034 2022 quod
3063 1954 3132 2007 sit
3167 1958 3449 2011 masculini
3471 1961 3686 2028 vigoris.

2099 2034 2270 2089 Simul
2304 2040 2632 2104 pubertatem
2658 2044 2881 2113 egressi,
2915 2046 3284 2101 adolescentes
3328 2051 3685 2118 appellantur.
3764 2054 3779 2073 ‘

2104 2128 2486 2186 Adulescentes
2526 2144 2703 2189 autem
2749 2136 2873 2191 dicti
2905 2139 2972 2192 ab
3004 2139 3361 2194 adulescendo
3385 2152 3543 2211 atque
3572 2159 3686 2200 ere~

2097 2222 2317 2277 scendo.
2341 2222 2489 2280 Unde
2508 2235 2559 2280 et
2580 2226 2813 2296 quidam,
2829 2228 2899 2283 de
2915 2232 3236 2299 agricultura
3256 2234 3500 2302 loquens,
3518 2245 3688 2290 rnatu-

2096 2325 2396 2371 rescentem
2428 2318 2655 2372 fructum
2700 2321 3094 2378 adolescentem
3128 2326 3359 2379 vocavit.

2166 2406 2252 2460 8I.
2286 2407 2409 2463 Post
2433 2410 2847 2467 adolescentiam
2872 2415 3325 2488 quoquejuvenes
3349 2418 3499 2471 ﬁunt.
3519 2418 3681 2475 Juve-

2096 2510 2191 2549 nes
2215 2508 2388 2551 autem
2414 2500 2560 2564 dicti,
2592 2503 2730 2571 quod
2752 2506 2940 2572 juvare
2957 2521 3112 2573 posse
3139 2509 3415 2577 incipiunt,
3434 2522 3489 2563 ut
3514 2511 3683 2565 bobus

2088 2586 2354 2656 juveneus
2370 2589 2582 2657 dicitur,
2614 2610 2732 2647 eu:n
2766 2612 2792 2649 a
2827 2598 2994 2652 vitulo
3023 2599 3274 2654 discedit.

2164 2681 2254 2736 εἲ.
2295 2682 2412 2737 Jam
2445 2700 2572 2740 vero
2606 2687 2793 2742 media:
2848 2692 3022 2745 aetatis
3063 2695 3274 2761 proprie
3315 2695 3564 2749 dicuntur
3598 2700 3680 2752 vir

2091 2778 2145 2826 et
2181 2772 2389 2829 mulier.
2419 2774 2529 2847 94,
2550 2776 2642 2831 Vir
2665 2780 2841 2849 itaque
2885 2794 3242 2851 iniucnpatus,
3276 2794 3333 2838 ut
3358 2787 3427 2840 ait
3454 2788 3680 2842 Lactan-

2091 2862 2213 2926 tius,
2238 2867 2359 2933 quia
2395 2866 2566 2936 tnajor
2589 2869 2637 2921 in
2660 2885 2724 2924 eo
2755 2871 2831 2926 vis
2853 2872 2921 2926 ›ἰι
2944 2889 3101 2941 quam
3128 2876 3178 2929 in
3214 2877 3445 2945 Ietninis,
3466 2890 3519 2934 et
3551 2880 3676 2935 hine

2089 2958 2254 3012 virtus
2277 2974 2467 3014 nomen
2499 2963 2709 3032 accipit.
2736 2965 2862 3018 Item
2888 2966 3079 3022 mulier
3101 2983 3127 3021 a
3156 2970 3381 3026 mollitie
3399 2972 3677 3039 dieta,imv

2086 3060 2287 3103 mutata
2310 3062 2363 3105 et
2387 3053 2626 3108 detracta
2654 3056 2846 3123 littera,
2878 3060 3027 3127 quasi
3060 3062 3287 3116 mo!lier.

2157 3140 2246 3196 8'5.
2274 3142 2377 3196 Sed
2403 3144 2521 3200 ideo
2544 3146 2670 3200 viris
2695 3148 2809 3214 plus
2835 3150 3038 3205 roboris
3060 3153 3238 3207 datum
3262 3164 3364 3219 est,
3392 3166 3449 3210 ut
3475 3157 3675 3213 facilius

388 3232 463 3288 trl
485 3244 665 3286 crtum
714 3242 767 3285 et
814 3236 1102 3285 actionem.
1156 3233 1286 3299 Qua:
1326 3234 1444 3288 dum
1478 3237 1710 3289 nominat
1751 3249 1905 3292 erant
1933 3242 1980 3291 in
2015 3232 2058 3292 C
2090 3234 2153 3287 ad
2201 3234 2511 3302 patientiam
2539 3238 2873 3307 conjugalem
2900 3240 3110 3297 femina:
3132 3259 3469 3314 cogerentur.
3491 3248 3672 3305 Mulier

384 3324 589 3391 pueris,
622 3333 670 3376 et
706 3322 994 3391 porrigitur
1024 3322 1139 3376 hzec
1177 3330 1308 3377 actas
1336 3338 1365 3376 a
1393 3324 1580 3393 quinto
1610 3324 1817 3379 decimo
1842 3342 1981 3381 anno

381 3429 556 3481 usque
585 3416 650 3466 ad
681 3428 867 3468 xxvltt.

459 3505 554 3558 75.
611 3505 741 3559 Post
797 3506 910 3559 limc
959 3506 1255 3559 succedens
1297 3506 1549 3574 juventus
1580 3509 1750 3565 tribus
1780 3510 1967 3566 hebdo-

380 3596 633 3651 madibus
665 3606 963 3665 permanet,
998 3606 1217 3665 propter
1259 3599 1357 3652 tria
1414 3600 1522 3666 illa,
1563 3601 1887 3655 intellectum
1925 3612 1979 3657 et

377 3690 673 3750 aetionent,
704 3689 1057 3757 corporisniue
1103 3691 1373 3744 virtutem.
1435 3691 1535 3745 Ista
1581 3704 1710 3747 retas
1747 3709 1775 3746 a
1810 3711 1976 3749 χχιιι

376 3795 524 3834 anno
580 3782 843 3843 exoritur,
892 3788 945 3834 et
998 3782 1402 3851 quadragesimo
1453 3800 1593 3837 nono
1639 3800 1976 3840 consumma-

376 3882 487 3934 tur,
517 3874 733 3942 quando
763 3880 819 3926 et
862 3871 913 3925 in
964 3870 1174 3926 feminis
1221 3884 1408 3941 partus
1438 3874 1642 3929 deﬁcit.

447 3965 540 4018 76.
566 3964 738 4018 Porro
761 3972 1009 4017 senectus
1034 3972 1262 4031 quatuor
1287 3964 1707 4021 hebdomadibus
1734 3971 1973 4036 eompIco

375 4065 464 4110 tur
493 4066 711 4124 propter
740 4054 1083 4109 accedentem
1115 4052 1220 4109 illis
1243 4053 1416 4111 tribus
1449 4056 1611 4112 animi
1646 4066 1699 4113 et
1728 4063 1971 4129 corpor‘s

376 4151 720 4219 gravitatem.
755 4148 945 4218 Incipit
980 4149 1123 4201 enim
1170 4150 1282 4203 ha-c
1310 4159 1440 4206 mtas
1468 4167 1496 4206 a
1529 4154 1971 4221 quinquagesimo

372 4258 539 4305 anno,
595 4252 649 4295 et
693 4241 1091 4309 septuagesimo
1121 4241 1349 4308 septimo
1398 4244 1736 4297 terminatur.
1775 4246 1966 4303 Ultima

374 4347 509 4386 vero
536 4332 746 4385 senium
777 4332 922 4384 llllIIO
944 4342 1093 4388 certo
1122 4346 1383 4385 annorum
1415 4346 1655 4403 tempore
1688 4335 1965 4406 delinitur,

369 4425 466 4479 sed
495 4422 612 4479 sol»
644 4433 849 4477 natura:
881 4423 985 4477 line
1014 4423 1367 4477 concluditur.

1110 4519 1227 4573 XX.

2085 3334 2260 3379 autem
2295 3344 2397 3382 non
2452 3344 2549 3398 pro
2576 3334 2875 3399 corruptela
2919 3334 3254 3405 integritatis,
3286 3340 3377 3391 sed
3421 3355 3519 3408 pro
3557 3344 3669 3396 sola

2084 3420 2387 3474 maturitate
2417 3423 2588 3476 anatis
2619 3424 2812 3479 mulier
2847 3427 3179 3492 nominatur;
3213 3431 3350 3483 sicut
3376 3440 3426 3484 et
3451 3432 3531 3486 vir
3568 3450 3665 3499 pro

2086 3510 2198 3562 sola
2230 3510 2503 3575 virilitate,
2536 3513 2745 3568 etiamsi
2775 3515 2844 3570 ab
2864 3530 3026 3586 Opere
3059 3519 3298 3575 lcmiuca:
3328 3522 3671 3581 admixtionis

2081 3602 2339 3660 haheat'ur
2387 3607 2661 3663 immttni=.

2152 3706 2239 3759 8L
2299 3708 2564 3763 Extrrnne
2627 3710 2736 3780 jam
2798 3715 3007 3780 inlatis,
3076 3729 3232 3770 senes
3281 3725 3331 3771 el
3387 3734 3523 3772 auus
3575 3735 3666 3772 vo-

2077 3808 2287 3855 cantur.
2346 3800 2516 3856 Senes
2580 3812 2756 3856 autem
2820 3807 3032 3872 quidam
3092 3807 3264 3862 dictos
3330 3798 3545 3874 putant,
3594 3825 3660 3865 eo

2076 3891 2214 3957 (ptod
2263 3905 2321 3944 se
2370 3893 2647 3957 nesciunt,
2692 3904 2745 3948 et
2797 3911 2891 3962 per
2929 3895 3145 3949 nimiam
3189 3906 3399 3951 artatem
3433 3898 3662 3953 delirent

2076 3990 2234 4052 atque
2258 3981 2545 4053 desipiant.
2579 3983 2729 4042 [inde
2758 3994 2812 4043 et
2838 3986 2983 4044 Plato
3017 4012 3028 4044 :
3067 3985 3130 4044 In
3148 3986 3325 4050 ρυενίε
3348 3990 3527 4041 crescit
3548 4007 3665 4043 sen-

2074 4092 2182 4139 sus,
2210 4077 2259 4130 in
2281 4078 2554 4146 jurent’bus
2585 4087 2734 4148 riget,
2771 4081 2822 4132 in
2852 4082 3053 4135 senibus
3080 4083 3345 4136 minuitur.
3382 4086 3524 4137 Anus
3561 4100 3660 4140 att-

2076 4175 2179 4221 tem
2212 4184 2275 4222 cx
2308 4168 2489 4224 multis
2514 4171 2667 4225 annis
2698 4172 2838 4225 dicta
2872 4180 2984 4239 est,
3024 4174 3175 4241 quasi
3216 4189 3438 4227 annosa.

2785 4244 2943 4317 xx’tt.

2142 4352 2233 4408 85.
2280 4353 2423 4408 later
2451 4356 2756 4409 ra'ionabile
2785 4367 2837 4409 et
2867 4357 3118 4409 rationale
3146 4358 3243 4410 hoc
3274 4358 3532 4411 interesse
3560 4373 3659 4411 sa-

2072 4444 2221 4513 piens
2259 4447 2471 4515 quidam
2498 4449 2633 4501 dixit
2662 4466 2674 4501 :
2729 4448 3003 4501 Rationale
3031 4461 3101 4502 est
3144 4452 3281 4516 quod
3321 4452 3533 4502 rationis
3556 4450 3655 4504 uti-

2070 4537 2449 4598 tnrintrllrctu,
2483 4550 2535 4591 ut
2574 4539 2763 4601 homo;
2795 4541 3026 4592 rationub
3051 4541 3095 4593 le
3133 4556 3248 4593 vero
3295 4541 3430 4609 quod
3459 4544 3653 4595 ratione

434 4612 545 4682 93
574 4611 663 4666 77.
694 4610 840 4665 Inter
856 4623 1157 4665 senectutem
1182 4623 1231 4665 et
1255 4614 1451 4667 senium
1475 4615 1575 4669 hoc
1595 4614 1793 4680 diﬂ'ert,
1818 4616 1959 4685 quod
1990 4614 2038 4675 D
2068 4626 2257 4678 dictum
2282 4628 2357 4679 vel
2392 4627 2583 4696 furtum
2611 4641 2704 4681 est.

365 4719 425 4758 se
452 4716 619 4757 iectus
643 4720 870 4773 vergens
892 4715 1022 4757 aetas
1043 4720 1071 4756 a
1094 4707 1371 4770 juventute
1398 4709 1446 4759 in
1469 4708 1699 4772 senium,
1725 4710 1959 4763 nondum

364 4804 542 4849 tamen
569 4794 873 4862 decrepita;
897 4797 1103 4849 senium
1123 4813 1248 4850 vero
1274 4810 1352 4852 est
1382 4798 1517 4853 fessa
1538 4810 1698 4870 atque
1722 4812 1958 4857 exttema

360 4900 513 4951 atas,
543 4895 599 4941 et
626 4890 784 4940 vitam
812 4888 1051 4943 ultimam
1082 4890 1361 4945 anhelans.

432 5023 521 5076 78.
546 5024 585 5075 Α
612 5024 852 5096 puritate.
880 5022 1039 5096 Nom,
1080 5024 1331 5090 Pueritia,
1358 5027 1409 5077 id
1437 5036 1507 5079 est
1530 5029 1750 5096 purilaa.
1783 5028 1949 5081 Varro

356 5095 563 5152 Rerum
619 5094 845 5147 divinar.
880 5095 974 5149 lib.
1010 5110 1048 5161 1,
1084 5101 1210 5163 Qua:
1260 5098 1482 5165 pueritia
1530 5094 1609 5150 est
1658 5101 1948 5169 infrequens

355 5166 583 5235 polluta.

432 5236 572 5309 Ibid.
603 5234 736 5299 Quin
753 5236 978 5288 nondum
998 5237 1174 5306 lanug.
1203 5237 1368 5303 Fest.,
1399 5236 1556 5304 Puer,
1586 5239 1811 5309 impubes
1833 5250 1945 5295 tan-

350 5316 464 5359 tum
495 5307 707 5361 dicitur.

426 5378 519 5448 ξε).
551 5376 712 5448 Quasi
740 5376 900 5439 pulla.
930 5375 1142 5448 Pnllum
1168 5388 1240 5431 est
1262 5380 1428 5431 wtutis
1458 5381 1687 5448 novellw,
1711 5382 1785 5435 ait
1806 5382 1941 5437 Non.

424 5444 570 5502 Ibid.
586 5444 911 5517 iPuerilitate,
926 5447 1187 5517 itatlndex
1206 5450 1350 5517 Ilisp.
1368 5449 1614 5504 Varrode
1632 5444 1807 5504 Liber.
1824 5455 1949 5506 edu-

348 5518 540 5581 caud.,
580 5516 760 5574 Velim.
792 5533 872 5569 me
914 5516 1121 5592 Herrle,
1150 5520 1257 5592 ipse
1296 5516 1391 5572 usu
1422 5537 1603 5592 magno
1631 5524 1939 5591 puerilitais

350 5590 642 5660 formulam
666 5588 867 5660 audire.
904 5588 986 5660 Al.
1028 5591 1209 5660 puerili
1237 5601 1407 5643 (etate.

426 5659 569 5713 Ibid.
604 5657 754 5710 Nutu:
786 5656 990 5710 Wicefii
1028 5662 1076 5713 in
1108 5658 1293 5714 Gt'ialii
1328 5660 1571 5715 Editione
1618 5662 1936 5727 petlttrhatma

350 5741 501 5791 sunt.
540 5738 597 5782 et
627 5739 778 5782 extra
836 5731 1078 5781 ordinem
1138 5746 1290 5783 suum
1346 5732 1639 5785 collocatae.
1674 5733 1859 5799 Notas,
1895 5738 1929 5785 Α

2770 4718 2955 4772 XXIII.

2135 4805 2221 4859 86.
2270 4806 2409 4860 Inter
2436 4819 2648 4861 utentem
2671 4820 2722 4863 et
2750 4812 2998 4864 rationem
3028 4812 3128 4866 hoc
3157 4813 3353 4867 differt.
3379 4814 3523 4867 Mens
3563 4824 3647 4867 est

2054 4912 2176 4966 pars
2200 4901 2394 4951 anima:
2427 4901 2787 4968 praestantior,
2809 4918 2959 4971 aqua
2994 4905 3231 4973 procedit
3270 4906 3641 4975 intelligentia.

2057 5046 2211 5086 suum
2244 5032 2414 5107 locum
2474 5049 2753 5091 revocare.
2781 5037 2929 5091 Notae
2970 5038 3289 5107 piteiilitote;
3320 5039 3391 5091 ila
3440 5037 3640 5104 Codex,

2057 5114 2189 5169 etc.,
2224 5113 2273 5156 et
2297 5103 2397 5169 al.,
2427 5107 2611 5178 puerili
2638 5118 2804 5174 (etate,
2837 5103 3081 5161 vnlentur
3126 5111 3312 5178 positu)
3342 5126 3435 5178 pro
3467 5103 3641 5163 tellus

2056 5190 2151 5242 pro
2179 5184 2324 5225 n'tate
2346 5176 2550 5240 puerili.
2587 5176 2755 5229 Attav.

2129 5243 2218 5296 8|.
2250 5244 2301 5296 In
2331 5245 2575 5299 Editione
2601 5248 2781 5317 tirialii
2814 5248 3063 5301 mendum
3086 5248 3285 5301 clarum
3314 5258 3429 5303 erat
3450 5254 3639 5317 juven-

2054 5322 2133 5385 tus
2165 5330 2257 5380 pro
2276 5316 2529 5385 jneencus
2554 5333 2568 5381 ;
2598 5316 2649 5370 in
2676 5320 2795 5371 aliis
2823 5322 3013 5372 desunt
3044 5320 3156 5373 haec
3187 5321 3372 5385 Verba,
3404 5316 3455 5373 ιιξ
3479 5324 3529 5373 in
3552 5324 3638 5373 bu-

2054 5384 2164 5451 bus,
2196 5396 2300 5437 etc.
2338 5384 2506 5441 Anev.

2119 5456 2207 5508 δὲ.
2245 5455 2647 5521 Quasimollier.
2679 5456 2794 5512 Non
2854 5460 2992 5513 male
3040 5458 3153 5528 alii,
3209 5460 3355 5529 quasi
3407 5460 3633 5524 ntolfior,

2046 5524 2214 5579 Anev.

2113 5599 2145 5650 8
2168 5599 2201 5648 ἱ.
2232 5594 2509 5669 Rationale
2533 5597 2813 5653 est.Verba
2842 5610 2964 5655 sunt
2995 5604 3217 5669 August.
3253 5618 3285 5655 ll
3315 5602 3382 5657 de
3411 5601 3628 5669 0rdin.,

2040 5680 2155 5733 Cap.
2192 5667 2271 5719 II.

2110 5740 2197 5814 δίῘτ
2235 5734 2746 5814 Ῐητθίίίθίίθέίιέεςε...
2772 5742 3075 5811 sentiuntur,
3106 5743 3259 5800 verba
3284 5746 3501 5814 August.
3537 5757 3628 5798 vut

349 5801 598 5871 puritate,
631 5808 763 5866 etc.,
793 5807 845 5855 et
874 5800 996 5869 quia
1037 5802 1259 5855 nondum
1301 5804 1513 5874 lanugo,
1548 5802 1699 5859 Iacile
1745 5806 1837 5860 luit
1867 5807 1932 5863 ad
2038 5805 2104 5862 de
2137 5807 2318 5871 ειη,
2349 5800 2465 5878 ςεῲ,
2500 5813 2553 5866 ti.
