4108 6178
462 340 526 393 8'5
1526 340 1585 396 S.
1627 340 1868 394 ISIDURI
1910 340 2346 400 IIISPALENSIS
2384 342 2682 400 EI‘ISCUPI
3657 340 3730 399 8-5-

457 456 613 510 Ratio
645 471 775 512 vero
803 465 884 510 est
934 465 1109 510 motus
1150 455 1367 525 quidam
1426 458 1592 512 animi
1625 475 1792 512 visum
1849 467 2042 512 mentis
2070 468 2117 519 Α

456 562 677 615 acuens,
708 561 941 617 veraque
978 560 1007 599 a
1034 545 1181 600 falsis
1209 545 1564 616 distinguens.

1168 636 1357 692 XXIV.

523 728 613 783 87.
639 729 778 783 Inter
803 729 1118 791 memoriam,
1153 739 1389 796 mentem,
1420 739 1473 783 et
1503 733 1876 801 cogitationem,
1919 732 2042 787 talis

451 822 726 875 tllSlilttfllO
746 828 846 883 est,
870 820 1009 889 quod
1043 821 1300 875 memoria
1344 823 1607 889 praeterita
1636 824 1850 888 retinet,
1887 839 2037 879 mens

451 912 625 967 futura
658 914 912 983 przevidet
937 954 950 978 ,
982 915 1236 985 cogitatio
1266 916 1545 981 przrsentia
1573 917 1963 986 (τοιιιρίεειίῑυτ.

1174 1005 1339 1061 XXV.

518 1095 606 1150 88.
634 1096 773 1150 Inter
793 1113 999 1150 sensum
1018 1106 1072 1152 et
1094 1100 1393 1152 memoriam
1411 1099 1511 1153 hoc
1533 1100 1777 1153 interest.
1808 1100 2031 1171 Sensus,

446 1188 525 1242 rei
556 1186 812 1259 cujusque
835 1189 1169 1255 adinventio;
1200 1192 1481 1255 memoria,
1506 1192 1581 1245 rei
1606 1191 1833 1245 iuventa:
1857 1208 2033 1246 recor-

445 1279 611 1334 datio:
639 1280 727 1336 ille
755 1282 1021 1350 excogitat
1043 1294 1094 1336 et
1126 1282 1347 1350 reperit,
1381 1282 1492 1336 haec
1522 1294 1728 1351 reperta
1754 1285 2011 1337 custodit.

1148 1372 1337 1428 XXVI.

512 1462 622 1534 95
653 1462 745 1517 89.
787 1462 930 1516 Inter
967 1464 1314 1533 intelligibilia
1359 1472 1413 1519 et
1452 1465 1712 1518 sensibilia
1748 1465 1919 1520 taliter
1941 1483 2031 1522 ve-

444 1562 586 1608 teres
606 1553 980 1608 discreverunt
1006 1573 1018 1607 :
1045 1554 1393 1624 intelligihilia
1422 1571 1546 1610 esse
1568 1571 1684 1625 qua:
1707 1567 1882 1611 mente
1910 1560 2027 1612 ani-

443 1658 638 1714 moque
687 1642 1081 1713 percipiuntur;
1130 1647 1399 1699 sensibilia
1459 1657 1681 1711 autem,
1737 1664 1858 1717 qua:
1913 1651 2028 1704 Vlall

443 1744 695 1801 tactuque
722 1750 984 1803 corporeo
1012 1737 1334 1791 sentiuntur.

2843 464 3029 519 XXIX.

2213 547 2299 601 94.
2334 550 2476 605 Inter
2500 552 2796 608 animantet
2817 556 3040 608 animam
3067 554 3371 610 Lactantius
3400 556 3722 627 distinguere

2144 642 2490 711 philosophos
2511 645 2769 713 quosdam
2793 646 2864 699 ita
2888 648 3193 701 existimat:
3222 666 3240 699 ι
3269 648 3515 715 Quidam,
3533 651 3722 722 inquit,

2141 732 2291 785 aiunt
2334 734 2474 786 aliud
2507 750 2626 790 esse
2649 737 2879 789 animam
2913 754 3013 806 qua
3039 737 3296 802 vivimus;
3323 737 3462 793 aliud
3483 742 3719 795 animum

2139 838 2245 891 quo
2265 824 2524 880 sentimus
2547 834 2602 879 et
2621 828 2877 895 sapimus,
2895 829 3039 898 quia,
3062 831 3270 884 valente
3287 809 3349 883 'in
3368 846 3590 898 corpore
3610 835 3725 888 ani-

2141 930 2225 967 ma
2244 955 2258 979 ,
2285 931 2668 987 nonnunquam
2690 918 2901 973 animus
2925 922 3077 989 perit,
3094 920 3485 976 sicutaccidet'e
3505 923 3723 977 demen-

2142 1006 2279 1059 tibus
2311 1006 2465 1061 solet.

2210 1095 2298 1150 95.
2329 1096 2544 1150 Addunt
2574 1113 2785 1168 quoque
2816 1100 3044 1153 animam
3079 1111 3248 1154 morte
3276 1100 3713 1170 sopiri,animum

2138 1196 2347 1243 somno.
2381 1190 2461 1245 0b
2493 1190 2593 1245 hoc
2639 1192 2762 1246 inde
2806 1203 2992 1261 putant
3035 1208 3153 1248 esse
3196 1195 3453 1260 divisum,
3484 1210 3549 1249 eo
3577 1196 3714 1265 quod

2136 1278 2362 1332 actionis
2392 1279 2570 1333 officio
2586 1292 2927 1349 separentur.
2959 1282 3059 1349 Qui
3089 1298 3214 1338 vero
3242 1295 3527 1353 utrumque
3558 1286 3713 1339 indif-

2137 1366 2367 1423 ferenter
2384 1369 2668 1437 accipiunt,
2685 1372 2925 1427 veracius
2945 1382 3414 1441 argumentantur:
3440 1374 3588 1440 Quod
3614 1390 3712 1430 nec

2134 1459 2317 1513 vivere
2371 1460 2487 1516 sine
2520 1477 2679 1516 sensu
2713 1477 3019 1533 possumus,
3070 1480 3166 1519 nec
3196 1465 3395 1518 sentire
3425 1465 3541 1520 sine
3585 1467 3711 1519 vita.

2205 1551 2293 1605 96.
2328 1551 2529 1607 Idcirco
2578 1570 2910 1623 nequaquam
2944 1571 3100 1624 posse
3152 1571 3269 1611 esse
3312 1558 3539 1611 divisum
3570 1560 3711 1628 quod

2133 1655 2163 1694 a
2207 1654 2265 1696 se
2319 1642 2539 1696 minime
2588 1655 2882 1712 separatur.
2940 1645 3045 1700 Sed
3102 1645 3240 1699 idem
3295 1662 3487 1710 unum,
3538 1656 3594 1701 et
3639 1648 3713 1700 vi-

2133 1734 2287 1787 vendi
2323 1734 2525 1788 habere
2557 1736 2814 1805 vigorem,
2846 1746 2898 1790 et
2926 1737 3190 1791 sentiendi
3237 1737 3440 1805 perfrui
3470 1741 3672 1793 ratione
3694 1756 3722 1804 ;.

514 1826 603 1882 90.
639 1826 773 1883 Sunt
800 1840 975 1883 autem
1024 1844 1211 1883 si-nsus
1254 1829 1496 1898 corporei
1536 1831 1770 1900 quinque
1804 1847 1819 1884 :
1857 1830 2023 1899 visus,
2062 1839 2105 1898 Β
2135 1835 2190 1880 ct
2219 1828 2344 1881 dum
2401 1838 2525 1882 sunt
2586 1839 2810 1897 utraque
2843 1845 3027 1895 unum,
3064 1831 3209 1884 varia
3255 1846 3536 1899 sumpsere
3564 1848 3719 1886 voca-

437 1917 688 1984 auditus,
740 1920 1028 1985 odoratus,
1079 1929 1298 1989 gustus,
1351 1930 1541 1975 tactus.
1596 1922 1741 1975 Visni
1790 1923 2029 1991 subjacet

440 2011 675 2074 habitus,
706 2021 759 2066 et
800 2013 971 2080 color,
1003 2027 1096 2066 seu
1136 2012 1444 2081 magnitudo
1493 2028 1776 2068 mensurae.
1811 2014 2028 2067 Auditui

436 2115 596 2159 Voces
626 2116 679 2159 ct
706 2119 891 2170 sonus,
917 2103 1162 2160 odoratui
1195 2104 1419 2158 odorum
1455 2104 1767 2174 fragrantia,
1799 2106 1881 2159 vel
1907 2120 2027 2174 quae

437 2196 595 2250 aliter
624 2210 683 2250 se
725 2195 945 2260 habent,
988 2196 1167 2264 gustui
1216 2212 1377 2264 sapor
1426 2211 1639 2251 amarus
1690 2212 1784 2249 so-u
1831 2197 2022 2263 dulcis,

438 2287 598 2341 taettti
631 2287 800 2342 calida
831 2288 915 2343 vel
947 2287 1161 2358 frigida,
1188 2302 1376 2352 aSpera
1409 2289 1487 2341 vel
1515 2289 1715 2355 mollia,
1743 2304 1835 2343 seu
1861 2289 2021 2343 lenia.

509 2380 597 2435 9i.
626 2379 686 2434 lli
709 2389 883 2433 autem
908 2380 1145 2450 quinque
1166 2394 1355 2433 ενιπευς
1377 2395 1443 2432 ex
1471 2379 1709 2446 partibus
1730 2380 2025 2434 elemento-

436 2488 555 2528 rum
582 2483 727 2540 sunt,
751 2475 846 2529 sed
870 2490 975 2528 non
999 2489 1060 2529 ex
1086 2475 1338 2528 omnibus
1361 2475 1643 2529 elementis
1660 2486 1906 2542 quatuor,
1927 2477 2020 2530 sed

437 2580 503 2618 ex
534 2579 661 2620 aere
694 2576 935 2635 terraque
964 2568 1269 2636 gignuntur.
1316 2565 1393 2619 Ex
1422 2581 1545 2621 acre
1589 2566 1805 2635 quidem
1853 2569 2022 2637 visu-,

435 2654 712 2722 odoratus,
740 2656 981 2721 auditus;
1013 2672 1080 2710 ex
1106 2666 1247 2710 terra
1272 2666 1445 2711 tactus
1468 2672 1734 2727 saporque
1763 2660 2017 2714 nascitur.

1099 2744 1334 2802 'XXVII.

508 2839 601 2896 9‘3.
641 2840 786 2894 Inter
816 2842 1044 2894 animam
1067 2851 1121 2895 et
1148 2857 1333 2909 corpus
1368 2842 1434 2895 ita
1468 2843 1765 2897 secernitur
1798 2860 1812 2897 :
1842 2844 2015 2897 anima

434 2944 517 2988 est
543 2932 840 2987 substantia
871 2934 1208 3002 incorporea,
1266 2934 1668 2999 intellectualis,
1704 2937 1975 2989 rationalis
2002 2981 2016 3003 ,

437 3025 748 3089 invisibilis,
808 3037 969 3096 atque
1024 3027 1269 3092 mobilis,
1322 3041 1373 3083 et
1426 3028 1762 3094 immortalis,
1822 3028 2022 3082 habens

434 3115 671 3183 ignotam
694 3116 983 3185 originem,
1002 3117 1129 3178 nihil
1165 3127 1338 3172 tamen
1372 3118 1422 3172 in
1456 3129 1642 3171 natura
1673 3133 1764 3172 sua
1791 3119 2018 3173 mixtum

2131 1920 2273 1986 bula,
2301 1937 2394 1987 pro
2424 1922 2736 1977 diversitate
2759 1922 3121 1977 effectionum.
3154 1922 3304 1978 Sicut
3332 1925 3473 1978 enim
3497 1925 3715 1994 Spiritus

2133 2026 2253 2077 pars
2281 2012 2475 2066 animae
2509 2022 2593 2068 est
2638 2028 2731 2082 per
2753 2030 2910 2084 quam
2945 2014 3202 2084 imagines
3245 2031 3421 2070 rerum
3466 2031 3713 2085 corpora-

2130 2104 2255 2159 lium
2277 2107 2677 2174 imprimuntur,
2694 2110 2771 2164 sic
2788 2110 3134 2180 animuspars
3153 2110 3390 2178 ejusdem
3406 2110 3595 2166 anima:
3610 2120 3712 2176 est,

2128 2215 2232 2266 quo
2259 2200 2488 2254 sentitur
2515 2208 2567 2255 et
2588 2200 2824 2270 sapitur;
2853 2203 2989 2255 sicut
3010 2210 3064 2255 et
3096 2216 3246 2255 mens
3267 2200 3503 2270 ejusdem
3537 2203 3713 2270 partio

2127 2300 2228 2356 est,
2256 2308 2350 2361 per
2371 2308 2524 2361 quam
2554 2294 2728 2347 omnis
2753 2294 2892 2347 ratio
2914 2295 3370 2363 intelligentiaque
3396 2297 3708 2365 percipitur.

2199 2382 2289 2436 97.
2324 2382 2477 2439 Sicut
2504 2384 2768 2450 voluntas,
2817 2399 2919 2455 qua
2965 2386 3234 2439 intellecta
3261 2388 3707 2455 consentiunmr;

2126 2476 2264 2531 sicut
2313 2478 2609 2543 memoria,
2662 2493 2763 2545 qua
2814 2476 3067 2532 meditata
3123 2491 3570 2534 rememorantur.
3640 2480 3706 2534 Et

2127 2567 2243 2621 haec
2280 2567 2494 2635 quidem
2526 2568 2649 2621 dum
2701 2567 2985 2637 multiplici
3035 2578 3279 2622 constant
3307 2570 3659 2636 appellatione
3682 2608 3701 2636 ,

2128 2671 2232 2711 non
2268 2664 2444 2711 tamen
2478 2661 2549 2711 ita
2591 2658 2905 2713 dividuntur
2934 2659 2988 2712 in
3035 2658 3327 2713 substantia
3354 2660 3489 2713 sicut
3528 2660 3579 2712 in
3613 2677 3706 2715 uo~

2126 2744 2291 2810 mine,
2321 2747 2443 2816 quia
2472 2747 2658 2802 eadem
2690 2765 2789 2801 una
2818 2758 2899 2802 est
2940 2751 3136 2803 anima.
3158 2750 3284 2816 Qua:
3315 2749 3436 2803 dum
3470 2762 3717 2805 contem-

2126 2842 2319 2908 piatur,
2355 2840 2579 2908 spiritus
2620 2849 2737 2905 est;
2795 2840 2919 2894 dum
2964 2842 3148 2908 sentit,
3200 2857 3389 2897 sensus
3421 2852 3539 2909 est;
3585 2844 3708 2898 dum

2123 2931 2296 2998 sapit,
2346 2932 2556 2984 animus
2597 2941 2712 2998 est,
2758 2933 2883 2985 dum
2918 2932 3183 3001 intelligit,
3239 2950 3390 2987 mens
3419 2947 3530 2999 e5t;
3581 2935 3713 2987 dum

2124 3024 2401 3089 discernit,
2429 3024 2562 3078 ratio
2586 3033 2701 3089 est;
2724 3023 2850 3077 dum
2874 3027 3160 3089 consentit,
3184 3025 3290 3094 97
3316 3026 3560 3079 voluntas
3586 3037 3701 3091 est;

2125 3114 2253 3168 dum
2291 3114 2628 3177 recordatur,
2662 3114 2918 3168 memoria
2952 3125 3069 3180 est;
3106 3124 3159 3169 et
3195 3116 3316 3167 dum
3351 3115 3585 3169 membra
3618 3133 3711 3170 ve-

432 3219 775 3273 concretutn,
806 3208 887 3264 vel
915 3219 1211 3276 terrenum,
1242 3209 1376 3263 nihil
1412 3210 1711 3275 humidum,
1744 3211 1875 3265 nihil
1913 3211 2018 3265 Ila-
2051 3220 2093 3281 ο
2125 3218 2295 3277 gelat,
2335 3209 2510 3262 anima
2536 3218 2616 3263 est
2644 3217 2697 3262 et
2723 3208 2880 3262 modo
2922 3209 3080 3277 sapit,
3116 3208 3273 3261 modo
3301 3207 3515 3277 desipit,
3552 3209 3709 3262 tundo

432 3297 565 3364 bile,
596 3301 680 3353 vel
725 3302 935 3368 igneum
960 3320 975 3367 ;
998 3312 1051 3355 at
1078 3311 1261 3355 contra
1290 3316 1488 3370 eoi-pus
1510 3311 1593 3356 est
1621 3301 1919 3356 substantia
1942 3304 2017 3357 vi-

434 3392 633 3460 sibilis,
664 3404 822 3463 atque
845 3394 1079 3461 mobilis,
1110 3396 1371 3461 mortalis,
1412 3395 1614 3449 habens
1640 3411 1821 3451 semen
1862 3413 1924 3451 ex
1948 3398 2019 3451 vi-

435 3486 533 3551 tio,
565 3494 618 3537 et
647 3501 711 3539 ex
768 3497 978 3539 terrena
1011 3484 1140 3539 faece
1183 3487 1482 3540 materiam.
1529 3487 1632 3542 Sed
1663 3488 1868 3550 anima,
1896 3488 2015 3556 quia

433 3577 728 3646 Spiritualis
758 3586 1004 3631 creatura
1034 3587 1138 3643 est,
1180 3578 1386 3632 initium
1419 3579 1587 3644 navit,
1633 3580 1788 3633 linem
1822 3579 2017 3633 habere

438 3687 542 3724 non
576 3672 743 3727 novit.
774 3669 923 3727 Sicut
972 3672 1114 3725 enim
1148 3672 1364 3740 angeli,
1413 3673 1488 3740 ita
1537 3683 1590 3727 ct
1635 3673 1825 3726 anima:
1873 3681 2014 3726 sunt.

434 3762 646 3816 Ilahent
675 3766 815 3814 enim
846 3762 1080 3828 initium,
1129 3761 1288 3816 linem
1322 3763 1545 3817 nullum.
1580 3760 1783 3830 Corpus
1813 3775 2014 3830 autem,

431 3853 554 3920 quia
585 3868 649 3908 ex
679 3863 908 3923 quatuor
930 3856 1209 3909 elementis
1239 3861 1439 3918 comat,
1475 3854 1637 3923 ignis,
1663 3858 2015 3921 aeris,aqu-.e,

430 3955 487 3998 et
520 3955 696 4012 terrae,
729 3945 855 3999 dutn
908 3944 1067 4000 fuerit
1119 3944 1419 4000 excedente
1473 3946 1650 3997 anima
1697 3945 2012 4008 resolutum,

431 4034 576 4090 redit
602 4051 787 4090 rursus
821 4036 961 4090 unde
991 4034 1160 4090 fuerat
1187 4045 1385 4089 ortum.
1422 4033 1546 4088 Inde
1577 4045 1628 4088 et
1660 4035 1852 4105 partim
1880 4050 2019 4089 mor-

435 4126 597 4195 tales,
624 4128 817 4196 partim
856 4128 1187 4181 immortales
1210 4141 1418 4185 sumus.
1452 4130 1656 4180 Animae
1685 4128 1825 4181 enim
1868 4141 2023 4182 natu-

436 4234 551 4274 ram
584 4234 928 4274 communem
962 4220 1223 4274 habemus
1243 4234 1363 4275 cum
1389 4221 1613 4290 angelis,
1648 4236 1861 4276 carnem
1895 4238 2020 4276 vero

433 4325 557 4364 cum
590 4311 891 4379 pecoribus.

1111 4399 1345 4457 XXVIII.

503 4489 595 4548 95.
620 4490 762 4545 Inter
783 4507 986 4546 carnem
1004 4500 1058 4546 et
1078 4509 1262 4560 corpus
1301 4491 1517 4561 quidam
1547 4492 1761 4561 sapiens
1780 4491 2023 4547 distitmt

2124 3300 2341 3354 remotis
2399 3298 2670 3369 paulisper
2724 3297 2906 3363 cutis,
2942 3300 3185 3367 corporis
3235 3313 3429 3368 scpore
3483 3299 3709 3353 delinitai

2124 3392 2379 3461 quiescit,
2410 3405 2712 3460 rursusque
2740 3400 3007 3445 commota
3038 3390 3102 3445 ad
3152 3390 3587 3460 contemplandis
3618 3407 3705 3445 re-

2120 3498 2239 3538 rum
2265 3481 2530 3550 imagines
2560 3482 2802 3551 protinus
2826 3481 3052 3535 excitata
3082 3482 3325 3535 recurrit.

2830 3585 2992 3641 XXX.

2192 3680 2280 3735 9?.
2308 3680 2448 3735 Inter
2472 3680 2694 3732 animam
2724 3688 2777 3733 et
2800 3680 3034 3746 spiritum
3068 3677 3168 3730 hoc
3209 3676 3421 3729 differre
3460 3674 3709 3733 drctorcs

2121 3770 2393 3834 direruut,
2425 3772 2565 3838 quod
2613 3769 2786 3823 anima
2822 3771 2928 3837 ipsa
2983 3768 3082 3820 vita
3130 3778 3211 3820 est
3260 3767 3509 3831 hominis,
3568 3784 3705 3835 pne-

2122 3872 2270 3915 stans
2327 3877 2540 3917 sensum
2589 3871 2894 3929 motumque
2920 3859 3211 3927 corporis:
3260 3857 3477 3923 spiritus
3529 3868 3707 3913 autem

2122 3952 2289 4021 ipsius
2319 3954 2509 4006 animze
2550 3960 2633 4006 est
2674 3952 2913 4020 quzedam
2944 3950 3023 4003 vis
3049 3956 3104 4003 et
3153 3946 3382 4018 putentia
3415 3948 3713 4013 rationalis,

2122 4056 2217 4107 per
2244 4058 2397 4109 quam
2430 4042 2543 4111 lege
2589 4051 2793 4094 natura:
2832 4048 3094 4108 praestare
3115 4040 3165 4092 vi
3189 4043 3218 4089 li
3242 4046 3323 4091 tur
3363 4038 3572 4091 exteris
3614 4055 3707 4105 pe-

2122 4132 2358 4186 coribus.
2407 4130 2636 4183 Proinde
2690 4129 2867 4182 anima
2926 4129 3080 4181 ﬂatus
3129 4129 3249 4181 vitae
3291 4138 3394 4191 est,
3428 4126 3706 4179 animalem

2124 4223 2391 4277 hominem
2418 4220 2617 4275 faciens
2651 4236 2665 4284 ;
2710 4219 2931 4285 spiritus
2959 4227 3159 4280 autem,
3206 4219 3282 4269 vis
3311 4233 3427 4284 qua:
3468 4215 3708 4269 carnales

2123 4313 2587 4382 eoucupiscentias
2617 4310 2805 4374 calcat,
2831 4320 2989 4375 atque
3015 4310 3293 4361 mortalem
3319 4308 3381 4360 ad
3408 4305 3708 4359 immutabi-

2124 4405 2323 4460 litateni
2382 4403 2503 4455 vitae
2557 4403 2821 4455 hominem
2854 4409 3122 4467 provocit.

2194 4497 2281 4550 99.
2317 4493 2621 4549 Certissime
2646 4502 2822 4546 autem
2859 4491 3099 4559 spiritum
3137 4490 3365 4542 animam
3400 4503 3519 4541 esse
3546 4502 3706 4541 evan-

432 4581 650 4636 dicens:
686 4580 827 4635 Caro
855 4594 932 4637 eat
962 4599 1079 4650 qua:
1110 4583 1320 4651 proprie
1347 4586 1623 4652 Sanguine,
1656 4584 1855 4650 nervis,
1884 4585 2021 4638 ο›εἰ-
2055 4600 2105 4659 ι)
2128 4588 2313 4659 gelista
2338 4593 2581 4647 testatur,
2607 4584 2725 4654 quia
2757 4584 2984 4637 animam
3014 4597 3170 4649 quam
3201 4580 3444 4634 Christus
3467 4580 3516 4632 in
3545 4594 3707 4633 carne

436 4673 646 4743 basque
686 4671 1068 4743 distinguitur;
1094 4689 1290 4742 corpus
1321 4690 1465 4740 vero,
1497 4689 1794 4741 quanquam
1819 4684 1870 4729 et
1900 4690 2025 4728 caro

433 4765 663 4830 dicatur,
696 4764 961 4818 interdum
993 4774 1169 4818 tamen
1202 4776 1255 4817 et
1298 4780 1514 4819 aereum
1555 4766 1665 4835 96
1700 4767 2018 4831 nominatur,

433 4856 574 4926 quod
589 4856 752 4911 tactui
784 4857 1029 4926 visuique
1059 4872 1165 4912 non
1196 4856 1493 4927 subjaceat,
1518 4868 1571 4911 et
1599 4860 1908 4926 plerumque
1939 4869 2022 4913 est

433 4948 643 5005 visibile
673 4960 832 5019 atque
878 4949 1152 5019 tangibile.
1196 4949 1382 5003 Paries
1426 4964 1620 5017 corpus
1656 4958 1759 5013 est,
1789 4949 1881 5003 sed
1912 4964 2017 5003 non

434 5057 595 5109 caro;
625 5040 972 5109 lapiscorpus
999 5050 1101 5105 est,
1128 5040 1221 5094 sed
1250 5056 1355 5094 non
1384 5054 1530 5094 caro.
1559 5041 1646 5095 Sic
1664 5050 1713 5094 et
1728 5043 2022 5109 Apostolus

434 5148 663 5200 corpora
708 5134 950 5189 cmiestia
1009 5132 1288 5202 appellat,
1341 5141 1393 5186 et
1455 5147 1680 5201 corpora
1727 5135 2019 5189 terrestria.

434 5223 669 5277 (Ioeleste
696 5238 888 5293 corpus
946 5223 1111 5290 solis,
1143 5223 1281 5276 luna;
1320 5231 1374 5277 et
1402 5222 1712 5288 stellarum,
1767 5231 2021 5279 terreStre

436 5312 597 5382 ignis,
631 5313 796 5377 aeris,
827 5330 999 5384 aquae,
1061 5326 1239 5379 terrae,
1290 5322 1347 5369 et
1393 5315 1744 5384 reliquorum,
1775 5330 1895 5383 quae
1927 5315 2018 5369 ab-

438 5419 573 5473 sque
602 5402 779 5457 anima
802 5404 867 5457 iis
892 5417 1177 5460 censentur
1206 5406 1508 5461 elementis.

510 5539 604 5595 91.
635 5535 833 5593 Confer
859 5538 925 5592 de
956 5538 1037 5593 his
1070 5540 1304 5611 Etymol.
1358 5538 1456 5594 lib.
1481 5554 1557 5602 ιι,
1602 5553 1721 5606 cap.
1761 5540 1812 5604 Ι,
1871 5553 2019 5591 num.

439 5610 822 5743 ίδὸῖῆῗῖἷῐω,
873 5694 992 5748 quae
1036 5680 1102 5733 de
1133 5695 1307 5733 anima
1338 5680 1423 5733 hic
1453 5679 1705 5734 dicuntur
1732 5718 1746 5743 ,
1795 5678 2021 5745 repetita

442 5750 639 5807 suntin
681 5751 820 5806 libro
870 5750 1101 5818 qundam
1156 5750 1223 5803 de
1276 5751 1540 5815 Numeris,
1575 5765 1730 5811 quem
1787 5751 2020 5804 nondum

441 5823 647 5883 editum
677 5831 807 5895 puto
830 5864 846 5894 ,
879 5831 935 5880 et
962 5822 1099 5879 inter
1129 5820 1453 5892 appendices
1484 5820 1749 5878 exhibebo
1769 5862 1783 5891 ,
1822 5830 1878 5876 ut
1910 5821 2020 5877 diu

2127 4679 2365 4748 suscepit
2392 4678 2635 4747 spiritum
2677 4672 2985 4728 nominavit.
3029 4671 3159 4725 Nam
3201 4686 3319 4723 cum
3350 4669 3568 4722 dix'sset
3600 4669 3709 4722 Do-

2126 4773 2326 4840 minus,
2354 4769 2660 4823 Poteslatem
2686 4766 2841 4819 habeo
2878 4763 3101 4834 pomndi
3122 4763 3343 4815 animum
3365 4776 3545 4821 manu,
3575 4759 3710 4813 hanc

2123 4866 2239 4919 sine
2260 4863 2419 4917 dubio
2438 4872 2559 4914 tunc
2581 4859 2776 4929 posuit,
2808 4855 3021 4924 quando
3052 4856 3103 4907 in
3130 4868 3309 4917 cruce,
3338 4851 3591 4905 inclinato
3620 4864 3709 4901 ca-

2129 4958 2259 5025 pite,
2289 4955 2529 5024 Spiritum
2573 4952 2807 5008 tradidit.
2847 4947 3031 5004 Omnis
3069 4956 3241 5001 autem
3270 4946 3443 4999 anima
3490 4943 3709 5011 spiritus

2128 5060 2245 5099 esse
2269 5051 2462 5111 potest,
2479 5057 2583 5094 non
2608 5052 2782 5095 tamen
2800 5039 2976 5093 omnis
3001 5037 3216 5107 spiritus
3231 5037 3427 5088 anima.
3448 5033 3576 5088 Nam
3593 5032 3713 5099 ipse

2130 5131 2616 5202 Deusspiritusest,
2636 5138 2690 5185 et
2713 5138 2887 5183 tamen
2910 5128 3085 5181 anima
3117 5142 3219 5179 non
3244 5137 3354 5190 est;
3375 5123 3547 5193 angeli
3571 5134 3705 5191 quo-

2129 5239 2231 5294 que
2261 5233 2313 5278 et
2342 5223 2484 5278 venti
2515 5222 2734 5290 spiritus
2758 5228 2901 5283 sunt,
2929 5227 2982 5272 et
3014 5226 3187 5273 tamen
3209 5217 3399 5269 anima).
3428 5231 3530 5268 non
3552 5218 3702 5275 sunt.

2159 5312 2279 5367 100.
2296 5313 2408 5379 Ipsa
2423 5322 2598 5365 autem
2612 5311 2807 5373 anima,
2822 5309 2943 5377 quid
2959 5310 3048 5373 sit,
3062 5307 3231 5377 qualis
3243 5308 3329 5373 sil,
3346 5307 3431 5360 ubi
3446 5306 3703 5375 sit,quanl

2128 5406 2351 5461 formam
2385 5404 2868 5472 habeat,velqnam
2895 5401 3022 5468 vim,
3053 5401 3194 5454 nullo
3217 5399 3373 5453 modo
3400 5398 3696 5453 certissime

2132 5540 2182 5594 in
2213 5539 2539 5593 lsidoriauis.
2576 5551 2696 5601 cap.
2727 5532 2823 5598 65,.
2852 5552 2996 5587 nam.
3034 5534 3100 5587 10
3130 5548 3277 5601 seqq.
3312 5533 3487 5588 Anev.

2206 5613 2327 5663 100.
2366 5611 2438 5663 De
2468 5610 2548 5663 his
2581 5600 2940 5677 agitlsiitorus
2972 5605 3064 5658 lib.
3096 5600 3410 5677 I_Sentettt.,
3435 5617 3554 5670 cap.
3587 5600 3657 5656 12
3685 5641 3703 5668 ,

2130 5696 2287 5743 quem
2342 5681 2406 5734 ad
2438 5675 2633 5732 locum
2664 5676 2904 5729 videndae
2953 5686 3075 5730 sliat
3107 5675 3308 5729 luiaisa-
3339 5684 3513 5741 notae,
3583 5688 3709 5741 qua

2131 5752 2232 5807 huc
2260 5766 2468 5821 quoilue
2502 5750 2722 5806 faciunt.
2758 5750 2926 5803 Ansv.
