4108 6178
340 316 414 373 es
1578 309 2181 383 nirrenesrtancn
2224 309 2350 365 LIB.
2391 308 2454 365 ll.
3547 311 3615 361 se

341 429 613 499 sapientes
644 426 802 497 hujus
832 426 1015 481 mundi
1066 426 1409 481 deﬁnierunt.
1463 426 1562 481 Alii
1597 440 1824 494 namque
1851 425 1931 493 ig-
1964 427 2007 484 Α
2035 432 2158 475 cant
2184 425 2459 493 utriusque
2489 438 2609 479 csse
2641 425 3097 493 propagationem.
3132 422 3239 478 Sed
3289 424 3340 476 itr
3370 422 3620 478 Conside-

343 537 463 575 nem
499 520 751 587 arimam,
793 519 878 572 alii
926 519 1236 587 sanguinem
1264 532 1383 573 esse
1414 517 1682 579 dixerunt,
1716 518 1802 570 alii
1853 518 1932 568 irt-

340 624 681 675 corpoream,
736 622 909 675 neque
954 608 1149 661 habere
1188 608 1348 660 ullam
1400 606 1643 675 ﬁguram.
1679 606 1929 660 Nonnulli

341 714 556 766 quoque
611 697 852 752 eamdem
886 698 1080 751 divina:
1130 707 1334 751 natura:
1366 712 1486 751 esse
1517 707 1722 765 partem
1773 696 1929 765 impia

342 795 650 847 terueritate
707 792 1069 846 crediderun'.

418 884 511 938 101
529 923 543 938 .
563 883 669 938 Nos
690 894 861 937 autem
885 885 1127 937 eamdem
1150 898 1251 937 non
1276 884 1473 955 ignem,
1495 882 1574 936 vel
1595 884 1926 949 sangu'nem,

338 975 436 1029 sed
464 976 836 1043 incorporeum
867 976 1113 1038 dicimus,
1151 975 1477 1041 passibilem,
1510 984 1669 1041 atque
1700 972 1930 1025 Inritabi-

341 1068 473 1133 lem,
497 1077 769 1121 carentem
793 1066 1047 1133 pendere,
1075 1068 1258 1135 ﬁgura,
1291 1068 1400 1121 sive
1430 1066 1625 1121 colore.
1662 1065 1769 1119 Nec
1796 1064 1930 1119 ilici-

341 1175 465 1214 mus
492 1160 722 1211 animant
770 1170 994 1227 partem,
1026 1159 1119 1212 sed
1161 1166 1460 1213 creaturam
1511 1173 1630 1211 esse
1664 1156 1789 1221 Dei,
1837 1172 1934 1211 nec

339 1254 415 1304 de
446 1250 741 1303 substantia
793 1250 903 1313 Dei,
953 1250 1033 1303 vel
1084 1249 1150 1302 de
1209 1248 1446 1318 qualibet
1487 1247 1781 1316 subjacenti
1825 1248 1935 1303 ele-

341 1354 647 1393 ttrcuiorntrt
684 1340 928 1399 materia.
957 1340 1050 1393 sed
1097 1357 1161 1393 ex
1202 1340 1368 1395 nihilo
1399 1340 1561 1395 fuisse
1604 1350 1859 1395 creatam.

420 1429 542 1483 tati.
567 1428 721 1493 Nam,
747 1438 802 1483 ut
824 1430 899 1482 ait
919 1429 1159 1498 quidam,
1181 1431 1225 1484 si
1247 1445 1363 1485 eam
1392 1431 1530 1486 Deus
1551 1446 1615 1487 ex
1647 1431 1934 1500 semetipso

342 1522 584 1588 feciSSet,
616 1538 950 1592 nequaquam
978 1522 1185 1582 vitiosa,
1212 1522 1291 1576 vel
1320 1522 1605 1589 mutabilis,
1628 1524 1710 1578 vel
1741 1525 1934 1578 misera

340 1624 510 1667 esset.
537 1614 686 1676 Item,
720 1614 763 1667 si
786 1630 850 1666 ex
886 1614 1164 1667 elementis
1204 1614 1315 1685 98
1354 1623 1499 1667 esset
1527 1613 1823 1668 visibilibus
1855 1614 1933 1665 fa-

336 1716 451 1767 cta,
486 1705 708 1759 habt-ret
759 1705 941 1772 utique
977 1704 1057 1758 vel
1100 1720 1164 1756 ex
1208 1717 1346 1758 terra
1378 1704 1724 1769 soliditatem,
1755 1712 1845 1757 aut
1868 1718 1933 1757 ex

2038 514 2243 566 ratione
2274 514 2537 567 seminum
2565 530 2685 583 quae
2716 530 2819 569 non
2858 524 3112 583 concepta
3144 523 3388 583 pereunt,
3437 522 3493 567 et
3521 515 3619 581 ipsi

2036 605 2245 674 penitus
2267 605 2655 660 obmutescunt.

2104 699 2215 768 93
2251 698 2370 751 Ib7.
2415 700 2655 752 Animam
2689 697 2884 767 quippe
2914 700 3197 751 humanam
3221 707 3428 754 certum
3458 708 3539 752 est
3568 699 3618 751 in

2037 790 2154 857 ipsn
2200 792 2524 846 cooditionis
2571 807 2681 846 sure
2728 809 2949 848 munere
2994 795 3316 861 percepisse.
3358 794 3486 859 Qum
3528 809 3622 847 ne-

2036 895 2185 935 cesse
2240 892 2323 935 est
2376 890 2429 935 ut
2475 896 2666 950 corpus
2714 883 2761 935 in
2812 898 2916 951 quo
2964 884 3047 935 hic
3093 883 3621 951 quantulumcunque

2038 985 2244 1041 tempus
2292 974 2514 1039 vixerit,
2557 974 2607 1028 in
2640 978 3024 1028 resurrectione
3054 974 3294 1044 recipiat.
3325 976 3453 1041 Quis
3494 989 3623 1041 ergo

2036 1063 2175 1116 dicat
2205 1064 2431 1117 animata
2464 1065 2665 1117 semina
2710 1064 3044 1131 proﬂuxisse,
3095 1065 3208 1119 sive
3234 1063 3318 1118 illa
3349 1080 3466 1133 (μηδ
3517 1081 3622 1118 non

2038 1158 2429 1225 concipiuntur,
2465 1160 2579 1211 sive
2612 1158 2699 1211 illa
2727 1175 2842 1224 qua:
2893 1168 3150 1210 nocturna
3205 1157 3453 1211 illusrone
3508 1160 3623 1210 furr-

2036 1250 2269 1305 dunlur?
2292 1250 2444 1319 Quod
2464 1254 2639 1305 omnis
2668 1252 2877 1319 sapiens
2902 1250 3041 1305 videt
3066 1266 3220 1317 quam
3244 1250 3312 1305 sit
3334 1249 3621 1306 absurdum

2037 1355 2090 1400 et
2120 1361 2147 1399 a
2183 1348 2388 1402 ratione
2416 1346 2663 1400 omnibus
2693 1344 2862 1398 modis
2893 1346 3144 1399 alienum.
3185 1345 3277 1398 llis
3328 1358 3454 1413 ergo
3502 1357 3625 1411 pro-

2039 1434 2389 1505 positionibus
2416 1438 2482 1492 de
2512 1438 2718 1505 origine
2748 1438 2939 1491 anima:
2970 1446 3145 1505 partes
3176 1452 3233 1490 se
3260 1437 3481 1490 invicem
3508 1435 3624 1489 vin-

2037 1537 2185 1593 cunt,
2217 1528 2338 1597 quia
2372 1544 2701 1597 unaquaeque
2732 1543 2914 1582 earum
2951 1528 3172 1581 alteram
3208 1526 3624 1595 propositionem

2039 1619 2282 1684 destruit,
2309 1628 2361 1671 et
2389 1620 2497 1689 ipsa
2530 1636 2635 1674 non
2670 1618 2810 1672 valet
2838 1629 3077 1672 astruere
3115 1616 3254 1687 quod
3286 1617 3551 1685 preponit.

2118 1712 2239 1765 103.
2280 1713 2358 1767 0b
2392 1712 2489 1767 hoc
2541 1712 2609 1767 de
2641 1711 2741 1764 hac
2788 1712 3078 1778 qurestione
3128 1709 3331 1763 cautius
3383 1723 3627 1775 quaeren-

337 1812 477 1864 aqua
494 1796 797 1860 humorem,
812 1805 902 1849 aut
920 1794 1098 1849 [latum
1114 1811 1174 1848 ex
1196 1811 1340 1859 aere,
1359 1804 1448 1848 aut
1462 1799 1690 1851 calorem
1712 1812 1775 1851 ex
1794 1798 1933 1866 igne;

2047 1809 2164 1863 dum
2188 1819 2307 1862 est:
2341 1806 2567 1859 maxime
2621 1804 2760 1873 quod
2801 1818 2827 1855 a
2862 1803 3059 1855 sanctis
3091 1800 3217 1855 viris
3268 1800 3397 1855 nihil
3429 1801 3628 1856 certius

338 1886 438 1939 sed
482 1886 605 1955 quia
658 1887 739 1939 bis
781 1885 1029 1940 omnibus
1057 1894 1235 1952 caret,
1279 1894 1643 1953 appareteam
1670 1886 1793 1940 inde
1832 1904 1933 1939 non

338 1992 485 2042 esse,
514 1978 635 2046 quia
667 1992 787 2031 cum
820 1976 925 2031 illis
958 1976 1087 2030 nihil
1118 1976 1366 2044 probatur
1401 1975 1597 2031 habere
1630 1991 1935 2030 Commune.

419 2069 544 2123 105.
578 2067 727 2122 Unde
750 2076 801 2119 et
834 2082 995 2135 prave
1020 2082 1046 2118 a
1078 2066 1392 2135 quibusdam
1411 2066 1647 2120 creditur
1674 2079 1791 2120 csse
1821 2081 1937 2119 cor-

342 2172 528 2227 porca,
555 2173 673 2227 qua}
700 2171 913 2227 rropter
945 2157 992 2210 id
1018 2158 1082 2209 ad
1109 2157 1391 2226 imaginem
1421 2156 1509 2210 Dei
1549 2156 1683 2210 facta
1712 2166 1793 2209 est
1817 2164 1873 2209 ut
1893 2158 1935 2212 si

343 2265 450 2302 r.0n
478 2249 825 2302 imnrutabilis
862 2257 913 2301 ut
962 2246 1103 2302 Deus
1141 2259 1306 2313 esset,
1339 2257 1513 2302 tamen
1542 2247 1855 2317 incorporea
1884 2256 1939 2302 tit

343 2343 489 2395 Deus
536 2341 810 2394 existeret.
853 2339 906 2393 Si
954 2338 1095 2393 enim
1149 2352 1461 2406 corpoream
1505 2339 1772 2393 credimus
1820 2339 1939 2393 arri-

340 2449 510 2497 marn,
560 2448 686 2501 ergo
712 2442 764 2487 et
799 2432 967 2485 Deum
1014 2432 1283 2485 credimus
1318 2431 1513 2485 habere
1553 2432 1791 2501 corporis
1836 2431 1941 2485 for-

342 2540 535 2588 tnam,
584 2522 704 2592 quia
757 2522 941 2576 eadem
1007 2521 1072 2575 ad
1127 2536 1278 2576 suam
1334 2520 1573 2575 condidit
1628 2522 1939 2592 imaginem.

420 2635 543 2689 104.
607 2633 775 2702 Hujus
827 2644 1003 2687 autem
1070 2633 1262 2687 animae
1330 2641 1508 2702 partes
1557 2633 1795 2687 nonnulli
1851 2649 1942 2687 ve-

341 2735 492 2777 teres
550 2733 659 2777 tres
722 2736 841 2776 esse
897 2721 1146 2777 dixerunt
1201 2740 1212 2774 :
1269 2723 1568 2787 rationale,
1634 2723 1938 2789 irascibilc,

336 2828 396 2871 rt.
454 2816 893 2883 coxrcupiscrbile.
953 2815 1265 2878 Rationale,
1334 2832 1427 2885 per
1490 2816 1631 2885 quod
1701 2816 1940 2870 invisibi-

342 2910 410 2960 lia
440 2907 743 2976 conSpicit;
786 2904 1073 2969 irascibile,
1114 2921 1207 2975 per
1247 2907 1386 2977 quod
1428 2907 1655 2976 impetus
1707 2908 1798 2961 ira:
1832 2922 1943 2962 sum

338 2999 600 3053 emendat
639 3011 693 3052 et
742 2996 997 3063 corrigit;
1046 2998 1486 3065 concupiscibile,
1518 3013 1612 3066 per
1645 2996 1788 3067 quod
1816 3012 1943 3051 corr-

340 3092 735 3157 copiscentiam
798 3091 974 3144 carnis
1049 3090 1314 3159 spirituali
1363 3089 1561 3145 virtute
1630 3089 1940 3158 compescit.

2040 1905 2315 1961 deﬁnitum
2341 1913 2420 1955 est
2441 1943 2457 1967 ,
2493 1917 2589 1954 nec
2629 1910 2937 1955 sanctarum
2967 1897 3361 1963 Scripturarum
3391 1901 3627 1951 auctori-

2041 2010 2148 2055 tate
2177 1997 2462 2068 quidquam
2497 1995 2832 2049 manifestius
2860 1991 3250 2061 pronuntiatur.
3283 1989 3416 2046 Illud
3451 2000 3627 2046 tamen

2043 2091 2328 2145 tenendum
2367 2100 2447 2143 est
2480 2087 2819 2156 parvulorum
2864 2086 3069 2139 animas
3100 2099 3239 2138 nexu
3274 2084 3473 2152 peccati
3520 2081 3628 2137 ori-

2040 2185 2235 2256 ginalis
2262 2198 2380 2239 esse
2408 2182 2673 2245 astrictus,
2697 2196 2815 2251 qua:
2849 2178 2947 2233 nisi
2983 2178 3270 2247 percipiant
3296 2176 3627 2246 baptismatis

2042 2284 2456 2339 sacramentum,
2516 2275 2663 2343 regni
2721 2273 2954 2327 caelestis
3006 2270 3287 2340 participes
3345 2283 3465 2323 esse
3521 2282 3623 2321 non

2046 2378 2293 2439 possunt;
2314 2369 2406 2423 sed
2425 2382 2543 2421 cum
2568 2380 2725 2421 carne
2741 2378 3023 2419 Commune
3040 2363 3307 2416 habebunt
3330 2368 3623 2429 peccatum,

2042 2474 2097 2521 et
2130 2464 2242 2535 pari
2266 2463 2469 2534 judicio
2492 2461 2884 2515 damnabantur
2910 2459 2962 2511 in
2996 2457 3167 2526 ignem
3201 2465 3476 2509 aeternum.

2742 2570 2933 2626 XXXI.

2118 2649 2240 2705 109.
2282 2648 2423 2704 Inter
2470 2644 2934 2716 concupiscentiam
2979 2642 3147 2695 carnis
3191 2648 3244 2694 et
3290 2636 3497 2709 spiritus
3528 2638 3629 2689 hoc

2047 2743 2301 2797 interest:
2330 2736 2757 2807 concupiscentia
2790 2734 2973 2789 carnis.
2994 2741 3075 2787 est
3107 2740 3281 2785 motus
3312 2729 3628 2783 animantur-

2048 2836 2127 2904 pis
2156 2836 2206 2887 in
2240 2834 2487 2888 ell'eetutu
2518 2829 2750 2884 sordida:
2772 2826 3166 2888 delectationis;
3201 2820 3625 2889 concupiscentia

2047 2944 2172 2981 vero
2201 2925 2436 2993 Spirilus,
2489 2924 2684 2977 ardens
2733 2919 2955 2974 intentio
3005 2915 3197 2970 tuentis
3254 2914 3303 2967 iit
3359 2911 3626 2967 desidet-ia

2045 3031 2242 3072 saneta:
2299 3015 2530 3069 virtutis.
2590 3014 2691 3067 Ista
2746 3012 2846 3064 sibi
2903 3010 3297 3063 consentientes
3348 3005 3509 3058 mittit
3564 3004 3628 3055 ad

2048 3123 2303 3177 regnum,
2348 3106 2434 3160 illa
2480 3104 2546 3158 ad
2592 3102 2905 3171 supplicium
2958 3099 3360 3166 sempiternum.
3417 3097 3504 3149 llla
3548 3094 3628 3148 lex

342 3183 513 3253 Cujus
545 3182 869 3236 domicilium
904 3182 1122 3251 quidam
1166 3183 1217 3236 in
1251 3191 1467 3251 pectore
1492 3198 1613 3237 esse
1640 3184 1941 3252 voluerunt,

2056 3200 2253 3267 peccati
2288 3208 2390 3261 est,
2434 3198 2499 3251 de
2550 3196 2699 3264 primi
2737 3194 2964 3247 hominis
3021 3188 3362 3243 damnatione
3406 3187 3630 3240 descen-

341 3276 564 3344 qrn’dam
594 3292 719 3331 vero
763 3277 811 3329 in
845 3276 1035 3345 capitis
1076 3292 1201 3330 arce
1231 3291 1349 3331 eam
1385 3276 1624 3331 habitare
1668 3276 1938 3341 dixerunt,

342 3380 601 3437 tanquam
634 3369 686 3422 lit
711 3370 852 3423 rario
881 3378 1170 3434 rectorem,
1204 3378 1261 3424 ut
1288 3384 1316 3423 a
1360 3384 1570 3424 summo
1600 3370 1776 3424 omnia
1810 3387 1940 3424 cou-

344 3463 667 3529 templetur.
696 3462 797 3515 Alii
829 3462 1029 3515 nullum
1062 3462 1109 3514 ei
1138 3472 1343 3516 certum
1375 3462 1549 3516 locum
1593 3461 1939 3528 deﬁnierunt,

346 3553 445 3609 sed
479 3568 593 3607 eam
624 3570 718 3622 per
748 3569 937 3607 omnes
969 3564 1118 3607 artus
1151 3554 1374 3607 infusam
1403 3554 1708 3609 discurrere
1736 3554 1938 3607 dicunt.

425 3644 547 3699 105.
572 3644 647 3698 De
678 3645 882 3717 origine
904 3645 1019 3714 ejus
1046 3645 1205 3698 varize
1230 3644 1493 3699 habentur
1518 3646 1796 3714 opiniones
1816 3661 1829 3696 :
1848 3660 1940 3698 ve-

353 3752 469 3790 rum
502 3752 703 3798 tamen,
730 3739 844 3789 sine
871 3734 1171 3789 aflirmandi
1198 3735 1634 3805 praesumptione,
1663 3735 1786 3802 quid
1820 3734 1943 3789 inde

354 3831 571 3883 I'atrnm
607 3830 893 3900 disputatio
928 3829 1509 3896 seuserit,rel‘cramus.
1530 3830 1667 3884 Inter
1683 3846 1815 3898 quos
1832 3844 1945 3883 san-

357 3922 625 3974 etis~imus
656 3920 970 3991 Fulgentius
996 3922 1252 3976 incertam
1304 3920 1369 3976 de
1401 3921 1495 3974 hac
1542 3922 1837 3989 quaestione
1869 3921 1945 3974 sic

358 4013 559 4077 profert
617 4011 960 4076 sententiam,
1019 4014 1169 4081 cujus
1227 4012 1460 4065 breviter
1511 4012 1668 4064 verba
1704 4011 1943 4079 ponenda

359 4113 481 4155 sunt
511 4121 523 4157 :
555 4121 572 4153 ι
602 4104 809 4171 Utrum,
864 4104 1055 4171 inquit,
1111 4105 1250 4158 sicut
1291 4118 1417 4157 caro
1468 4105 1821 4169 nascentium,
1870 4105 1949 4159 sic

358 4206 543 4247 omnes
575 4194 766 4247 anima:
808 4209 870 4248 ex
901 4194 1065 4248 Adam
1121 4195 1302 4248 venire
1333 4194 1639 4257 credantur,
1688 4210 1753 4248 an
1790 4211 1945 4250 nova:

360 4280 506 4349 fiant,
542 4292 599 4338 et
647 4300 711 4337 ex
761 4285 1063 4351 parentibus
1118 4286 1338 4341 rrrirrime
1386 4288 1787 4355 propagentur?
1818 4287 1947 4355 Qu:e

360 4376 586 4441 qurestio
642 4376 693 4429 in
723 4374 1030 4429 deﬁniendo
1073 4375 1312 4432 difﬁcilis
1363 4387 1464 4443 est,
1498 4381 1617 4447 quia
1664 4380 1948 4435 coirtrariis

360 4468 754 4538 olrjectionibus
800 4469 1110 4524 drstru'tur.

433 4583 555 4638 106.
601 4583 729 4637 Nam
763 4583 837 4637 illi
887 4584 974 4653 qui
1024 4599 1187 4638 novas
1228 4584 1434 4637 animas
1467 4588 1797 4643 contendunt
1835 4589 1945 4645 sin-
1984 4572 2032 4631 ι)

358 4675 491 4740 gulis
522 4676 839 4741 corporibus
880 4678 1011 4739 dari,
1060 4694 1179 4731 etnn
1231 4677 1334 4731 illis
1376 4679 1571 4745 opponi
1601 4682 1825 4749 creperit
1854 4698 1949 4735 cur

359 4770 537 4821 anima
580 4769 809 4835 parvuli,
859 4784 976 4836 ane
1019 4785 1125 4822 non
1168 4779 1511 4840 propagatur,
1555 4781 1611 4825 ut
1654 4788 1947 4839 C.ll‘0,CUIII

359 4875 522 4912 carne
570 4851 1097 4929 originalis'peccati
1155 4869 1395 4916 teneatur
1440 4866 1750 4919 consortio?
1805 4864 1948 4921 Nun-

362 4950 486 5013 quid
516 4948 748 5018 iujustus
787 4961 867 5003 est
914 4950 1072 5015 Deus,
1128 4960 1185 5005 ut
1239 4968 1358 5007 cum
1409 4968 1569 5008 carne
1626 4955 1798 5009 mittat
1832 4958 1949 5009 ani—

361 5053 501 5090 mam
544 5039 599 5091 in
642 5038 816 5106 ignem
865 5054 1142 5105 teternum,
1178 5057 1297 5110 qua:
1345 5059 1464 5097 cum
1504 5060 1667 5100 carne
1710 5061 1813 5100 noo
1856 5046 1951 5100 ha-

362 5131 451 5183 bet
486 5145 771 5185 commune
824 5135 1147 5199 peccatum?
1179 5135 1287 5189 Iloc
1317 5152 1436 5191 cum
1488 5139 1592 5193 illis
1640 5140 1947 5207 0pp0uitur,

363 5220 583 5272 munitio
610 5220 887 5276 deﬁciunt.
922 5226 987 5278 At
1025 5235 1207 5279 contra
1240 5227 1314 5281 illi
1337 5228 1427 5297 qui
1469 5240 1716 5285 asserunt
1744 5233 1951 5286 animas

363 5324 483 5361 rum
517 5310 646 5377 ipsis
686 5313 1002 5377 corporibus
1032 5319 1332 5386 propagari,
1384 5332 1606 5387 possunt
1646 5323 1857 5389 quidem
1901 5325 1952 5378 in

365 5399 601 5464 parvulis
645 5398 847 5470 justum
878 5402 973 5459 Dei
1014 5404 1269 5474 judicium
1300 5410 1534 5475 firmare,
1577 5421 1634 5465 ut
1674 5428 1957 5469 commune
2019 5411 2023 5415 ’

286 5574 295 5579 ρ
366 5489 597 5544 habeant
625 5502 899 5560 peceatum
928 5495 1202 5565 originale,
1234 5498 1372 5553 sicut
1414 5516 1754 5557 communem
1788 5504 1961 5559 vindi-

439 5622 670 5701 (θερμῇ
722 5628 886 5680 etiam
922 5627 1129 5701 parret
1160 5629 1399 5685 Isidorus
1443 5647 1561 5685 cum
1619 5635 1940 5701 Augustino,

499 5694 743 5774 tt_Qlﬁc.,
771 5712 891 5762 cap.
916 5697 1007 5774 ΞΑ.
1034 5698 1167 5774 Vide
1198 5712 1332 5764 not.,
1376 5712 1429 5755 et
1459 5700 1552 5755 lib.
1578 5718 1591 5755 r
1622 5692 1796 5767 Sciit”
1822 5692 1941 5774 cap.

374 5764 462 5831 1‘1,
493 5766 582 5822 ubi
611 5776 755 5824 recte
778 5768 969 5824 astruit
991 5770 1213 5825 animam
1246 5774 1412 5829 creari
1460 5776 1666 5843 quando
1694 5785 1739 5831 et
1764 5764 1948 5848 corpus

2048 3294 2202 3354 dens,
2252 3292 2347 3342 ista
2405 3290 2489 3343 lex
2544 3288 2737 3341 mentis
2768 3286 2942 3338 estde
2991 3297 3213 3337 munere
3264 3278 3631 3344 liedemptotis

2048 3383 2212 3436 nos:ri
2244 3382 2556 3449 procedens.
2589 3379 2682 3432 lla:
2708 3387 2883 3431 autem
2916 3376 3013 3429 sibi
3057 3374 3278 3427 invicem
3311 3386 3407 3439 pro
3439 3368 3627 3421 affectu

2049 3477 2299 3527 virtutmu
2330 3486 2393 3525 ac
2427 3471 2698 3536 vitiorum,
2728 3467 3031 3537 quotidiana
3055 3462 3430 3519 eollumatione
3464 3460 3632 3512 letha-

2050 3565 2169 3620 liter
2200 3565 2567 3617 adversantur.

2121 3659 2244 3713 110.
2284 3654 2729 3724 Concupiscenzia
2776 3667 3001 3723 namque
3046 3649 3221 3704 carnis
3264 3646 3491 3717 primum
3523 3642 3635 3697 ille-

2048 3751 2237 3807 Cebras
2305 3749 2554 3803 vitiorum
2607 3749 2661 3802 in
2711 3743 3121 3814 cogitationibus
3177 3739 3382 3808 gignit,
3434 3749 3635 3790 cenen-

2049 3845 2304 3917 piscentia
2347 3858 2473 3897 vero
2519 3842 2734 3910 spiritus
2764 3854 2794 3893 e
2823 3836 3091 3892 contrario
3133 3830 3484 3901 cogitationes
3512 3844 3639 3881 sau-

2048 3951 2161 3995 ctas
2216 3937 2579 3993 indesinenter
2616 3938 2853 4003 opponit.
2898 3932 2986 3985 Illa
3036 3928 3225 3983 fabulis
3276 3926 3427 3979 vanis
3487 3923 3636 3978 oble-

2049 4046 2227 4088 ctatur
2257 4040 2311 4085 et
2341 4030 2537 4092 verbis,
2559 4030 2659 4081 ista
2685 4026 3075 4093 Scripturarum
3100 4017 3528 4075 meditationibus
3557 4026 3636 4070 at-

2049 4141 2151 4195 que
2182 4120 2461 4191 pricceptis
2490 4137 2502 4185 ;
2537 4120 2622 4173 illa
2656 4119 2846 4188 gaudet
2890 4114 3205 4185 Spectaculis
3245 4127 3422 4166 rerum
3469 4121 3638 4165 terre-

2051 4217 2274 4275 5trinm;
2308 4214 2405 4266 ista
2435 4210 2884 4278 (otttemplatioue
2903 4207 3058 4277 100
3081 4204 3382 4259 cwlestium
3414 4200 3638 4271 gaudio-

2052 4324 2188 4361 rum.
2214 4306 2302 4360 llla
2333 4314 2544 4359 terrena
2571 4302 2763 4371 gaudia
2786 4310 2994 4369 qua-rit,
3022 4302 3116 4352 ista
3146 4296 3371 4367 gemitus
3393 4302 3447 4349 et
3466 4290 3639 4361 suSpi-

2052 4401 2128 4453 ria
2156 4396 2317 4452 trahit
2342 4415 2353 4448 :
2381 4397 2465 4450 illa
2497 4405 2707 4463 torpore
2726 4392 2901 4448 somni
2924 4402 3081 4460 atpie
3108 4392 3311 4459 pigritia
3335 4403 3528 4456 eorpus
3554 4400 3641 4440 re-

2053 4490 2212 4551 laxat,
2230 4488 2325 4540 ista
2342 4485 2530 4556 vigiliis
2544 4483 3029 4551 etconrpetentibus
3044 4480 3365 4535 orationibus
3378 4477 3638 4533 elaborat.

2131 4574 2252 4631 111.
2294 4578 2385 4630 Illa
2429 4592 2519 4643 per
2561 4573 2843 4641 ingluviem
2888 4572 3150 4626 illecebris
3181 4572 3378 4625 ventris
3415 4580 3468 4622 et
3496 4568 3639 4623 desi—

2056 4673 2218 4727 deriis
2238 4672 2461 4740 gutturis
2485 4677 2693 4733 aestuat,
2720 4668 2816 4719 ista
2838 4665 3177 4731 semetipsum
3200 4664 3415 4733 jejuniis
3440 4671 3493 4717 et
3515 4662 3638 4715 abs-

2059 4765 2290 4820 tinentia:
2339 4762 2662 4817 crnciatlhus
2716 4765 2969 4815 macerat.
3031 4758 3120 4812 llla
3171 4758 3395 4809 luxuria:
3426 4754 3636 4807 subdita

2061 4857 2286 4921 turpium
2315 4853 2761 4922 perpetrationuur
2784 4850 3169 4917 alfecms,quos
3196 4848 3482 4901 intentione
3504 4845 3641 4913 cogi-

2059 4950 2274 5005 tationis
2304 4948 2433 5015 agit,
2470 4945 2795 5014 perfectione
2824 4942 3110 5011 voluptatis
3143 4942 3359 5009 explere
3405 4949 3634 4992 conterr-

2059 5045 2170 5107 dil;
2212 5045 2309 5096 ista
2353 5042 2611 5096 castitatis
2651 5048 2700 5093 el
2738 5037 3004 5106 pudicitia:
3035 5033 3482 5105 pulchritudinem
3514 5030 3639 5084 dili-

2053 5138 2146 5207 git.
2182 5134 2277 5189 llla
2305 5133 2541 5187 avaritia:
2575 5133 2785 5185 ﬁaturna
2816 5145 3070 5184 succensa
3094 5128 3295 5195 appetit
3334 5125 3537 5179 lucrum
3584 5131 3640 5179 et

2056 5231 2188 5297 fugit
2227 5227 2420 5280 damtra
2470 5223 2838 5292 temporalium
2895 5235 3096 5302 rerum;
3142 5218 3238 5271 i5ta
3288 5224 3640 5272 contetttneus

2060 5320 2311 5375 mundum
2343 5318 2511 5371 solum
2544 5315 2645 5368 sibi
2692 5313 2920 5365 vindicat
2949 5311 3245 5363 Christum.
3301 5305 3390 5361 llla
3437 5305 3637 5361 invidia

2062 5415 2265 5467 nullum
2296 5410 2396 5464 sibi
2427 5410 2759 5477 superiorem
2807 5408 2887 5460 vel
2916 5406 3171 5475 acqmlem
3204 5420 3327 5460 esse
3360 5404 3635 5475 permittit,

2069 5504 2165 5560 sed
2215 5505 2425 5557 interno
2476 5501 2642 5554 livore
2672 5497 2902 5551 vulneris
2932 5497 2998 5552 de
3037 5506 3351 5552 cunctorum
3398 5494 3635 5566 profeCtu

2050 5651 2273 5698 crearur,
2307 5637 2390 5686 cui
2412 5636 2679 5684 adiriisrert
2711 5630 2928 5683 ridetur.
2967 5634 3135 5685 Ant-tv.

2127 5704 2640 5777 1‹,9.ννὶ‹1.(ὶ;ιδδίαη.
2664 5702 2753 5757 lib.
2779 5703 2843 5757 de
2865 5703 3183 5773 Concupisc.
3205 5715 3353 5759 caro.
3376 5701 3638 5777 ctspirit.,

2055 5792 2170 5847 cap.
2208 5776 2269 5831 ll
2302 5783 2355 5831 et
2378 5788 2490 5843 seq.
