4108 6178
466 319 534 379 87
1459 314 1520 370 S.
1566 307 1808 370 ISIDORI
1851 306 2294 366 lllSPALENSlS
2337 303 2643 364 El’lSCOl’l
3677 295 3744 358 83

466 432 734 503 tabescit;
780 431 879 488 ista
929 431 998 487 de
1049 439 1359 486 cunctorum
1407 426 1689 481 virtutibus
1738 425 1952 497 gaudet,
1998 434 2051 478 et
2080 429 2126 485 Α
2157 433 2257 477 rat.
2314 422 2446 478 Nam
2491 422 2579 477 ille
2609 420 2790 475 habuit
2821 418 3103 474 inchoandi
3153 417 3276 472 boni
3314 415 3538 472 liberum
3606 413 3746 470 arbi-

467 536 707 581 tntnores
737 523 834 578 sibi
868 538 962 593 per
984 522 1301 578 charitatem
1336 519 1618 587 praeponit.

542 619 664 673 112.
702 618 812 686 llla,
838 616 915 670 ira
946 625 1278 681 exuastuaus,
1305 612 1434 668 nihil
1469 611 1836 682 aequanimiter
1856 617 2054 680 portat,

470 713 562 764 sed
603 707 959 774 perturbatam
1004 713 1236 758 mentem
1278 718 1444 770 usque
1480 701 1544 754 ad
1584 701 1729 756 vocis
1773 700 2056 754 tumultum

473 803 702 860 etaltat;
737 801 832 853 ista
867 799 1008 851 nulla
1054 796 1462 864 exasperatione
1511 806 1784 860 movetur,
1827 795 1921 849 sed
1962 809 2057 864 per

476 890 906 959 tranquillitatem
955 896 1009 940 et
1059 887 1526 941 mansuetudinem
1577 887 1840 955 patienter
1878 886 2056 941 omnia

473 983 718 1034 susunet.
747 979 832 1031 llln
860 977 1070 1031 tristitia
1103 977 1359 1044 inficitur,
1389 977 1514 1030 dum
1537 975 1792 1045 quzelibet
1833 975 2057 1029 adversa

471 1069 829 1140 persenscrit;
858 1069 957 1121 ista
988 1069 1132 1121 nullo
1180 1081 1412 1122 mmrore
1454 1067 1744 1138 frangitur,
1775 1066 1866 1120 sed
1895 1069 2056 1120 etiam

471 1167 606 1215 mala
649 1162 714 1215 de
765 1160 1020 1226 proximis
1054 1171 1310 1229 portans,
1350 1161 1416 1214 ab
1443 1158 1696 1215 interiore
1718 1159 1910 1225 gaudio
1953 1173 2056 1211 non

469 1264 732 1309 movetur.
764 1255 854 1308 Illa
890 1254 1179 1308 ambitione
1223 1253 1505 1313 honorum.
1542 1251 1772 1306 inlicitur
1814 1249 2059 1304 humanis

469 1347 734 1410 laudibus,
779 1349 863 1401 Vel
913 1347 1180 1401 ilict-chris
1213 1362 1362 1399 vana!
1392 1345 1575 1414 gloria:
1618 1344 1914 1408 delinitur;
1957 1343 2058 1398 ista

472 1437 826 1490 humilitatem
860 1445 1023 1502 autat,
1056 1446 1113 1492 et
1136 1436 1237 1490 soli
1267 1437 1376 1491 Deo
1406 1450 1533 1502 suo,
1564 1435 1650 1505 qui
1682 1436 1948 1502 inspector
1976 1443 2061 1489 est

469 1530 685 1593 mentis,
721 1531 930 1598 placere
961 1529 1212 1584 delectat.
1264 1529 1355 1584 Illa
1387 1529 1566 1583 inﬂata
1610 1528 1873 1594 superbia:
1921 1527 2058 1582 fastu

472 1635 567 1672 tor
595 1620 845 1673 miserum
869 1620 1060 1685 elevat;
1088 1622 1208 1686 ista,
1234 1638 1299 1675 ne
1323 1636 1354 1675 a
1374 1619 1687 1676 celsitudine
1704 1635 1798 1676 sua
1822 1631 2057 1687 corruat,

472 1726 638 1778 usque
666 1711 728 1763 ad
760 1710 940 1764 inllma
981 1713 1210 1779 seipsam
1247 1713 1504 1767 humiliut.

2158 514 2349 583 trium,
2384 515 2524 584 quod
2575 508 2752 568 tamen
2801 511 2894 566 Dei
2921 509 3184 580 adjutorio
3223 524 3303 580 pe:
3321 509 3587 563 liceretur.
3641 507 3746 560 Nos

2157 622 2307 670 vero,
2337 617 2390 660 et
2419 605 2814 660 inchoationem
2841 603 2990 656 liberi
3019 601 3255 666 arbitrii,
3278 609 3332 655 et
3363 597 3742 668 perfectionrut

2158 700 2226 754 de
2269 698 2360 752 Dei
2389 697 2652 751 sumimus
2681 693 2872 764 gratia.
2898 693 3030 760 Quia
3061 702 3115 748 et
3146 691 3379 759 incipere
3409 697 3464 742 et
3495 687 3748 754 perlicere

2159 789 2357 844 bonum
2383 788 2450 841 de
2481 787 2596 854 ipso
2625 785 2886 840 habemus
2905 826 2921 851 ,
2945 800 2974 838 a
3001 798 3108 852 quo
3133 790 3188 836 et
3216 781 3399 849 gratiae
3429 779 3625 832 donum
3654 779 3746 830 duo

2165 890 2270 936 tum
2292 921 2309 946 ,
2333 892 2382 934 et
2414 881 2636 934 liberum
2674 877 2952 932 arbitrium
2995 877 3045 930 in
3073 874 3224 929 nobis
3255 882 3338 928 est
3366 879 3745 927 restauratum.

2233 974 2356 1028 117.
2395 973 2482 1026 Dei
2510 982 2590 1025 est
2619 985 2746 1040 ergo
2776 970 2972 1024 bonum
2995 965 3134 1037 quod
3159 967 3364 1036 agimus
3387 975 3604 1032 propter
3624 977 3744 1030 gra-

2163 1066 2288 1120 tiam
2317 1064 2726 1135 praevenientem
2747 1101 2762 1127 ,
2788 1072 2842 1116 et
2873 1062 3306 1129 subsequentem.
3341 1057 3588 1112 Nostrum
3621 1067 3751 1108 vero

2161 1166 2264 1222 est,
2308 1167 2525 1226 propter
2551 1155 2928 1223 obsequentem
2962 1152 3112 1206 liberi
3144 1149 3348 1204 arbitrii
3395 1150 3744 1201 voluntatem.

2162 1249 2292 1306 Nam
2314 1250 2356 1304 si
2378 1249 2470 1303 Dei
2489 1264 2594 1302 non
2615 1256 2776 1313 esset,
2795 1261 2890 1299 cur
2908 1245 2979 1298 illi
3002 1242 3198 1310 gratias
3219 1241 3458 1311 agimus?
3482 1240 3546 1292 Et
3562 1237 3603 1290 si
3629 1252 3754 1289 nos-

2164 1353 2302 1397 trttm
2333 1356 2438 1395 non
2467 1351 2580 1408 est,
2612 1352 2779 1409 quare
2808 1335 3212 1390 retributionem
3243 1334 3501 1388 bonorum
3524 1343 3748 1398 operum

2169 1437 2325 1506 102
2349 1429 2754 1501 exspectamus?
2801 1426 3030 1483 Proinde
3078 1441 3206 1496 ergo
3234 1425 3373 1478 ineo
3409 1422 3549 1493 quod
3583 1420 3750 1492 gratia

2164 1525 2540 1598 prtevenitnur,
2571 1522 2662 1578 Dei
2683 1531 2762 1577 est
2782 1564 2796 1587 ,
2826 1520 2877 1574 in
2907 1534 2972 1574 eo
3001 1533 3128 1573 vero
3155 1516 3294 1588 quod
3321 1516 3454 1570 bene
3479 1512 3751 1583 operando

2164 1618 2576 1690 praavenientem
2599 1613 2821 1686 gratiam
2844 1611 3117 1682 sequimur
3135 1652 3152 1678 ,
3183 1616 3425 1663 nostrum
3447 1613 3553 1659 est.
3582 1603 3749 1656 Nemo

2163 1721 2343 1767 autem
2378 1710 2542 1764 Deum
2573 1705 2778 1762 meritis
2818 1703 3113 1767 antecedit,
3141 1710 3198 1756 ut
3229 1712 3413 1756 tenere
3440 1712 3560 1753 eum
3596 1695 3748 1765 quasi

546 1801 668 1857 115.
711 1802 813 1856 Sed
873 1804 998 1872 quid
1054 1805 1236 1874 pittra'!
1286 1805 1725 1875 Concupiscentia
1776 1805 1952 1860 carnis
2004 1805 2058 1859 in
2096 1804 2462 1882 “debitorem
2517 1798 2700 1868 possit.
2730 1795 2832 1852 Sed
2879 1796 3017 1850 tniro
3063 1791 3222 1847 modo
3267 1804 3450 1858 aequus
3502 1785 3751 1841 omnibus

473 1895 713 1948 omnium
767 1898 1012 1950 vitiorum
1073 1899 1463 1954 multitudinem
1518 1902 1916 1956 consentientes
1953 1901 2054 1955 sibi

473 1987 802 2056 praecipitat,
856 1989 1282 2053 concupiscentia
1352 2004 1478 2042 vero
1547 1991 1764 2058 spiritus
1827 1999 2059 2045 mentem

475 2079 676 2147 lapsam
730 2096 795 2133 ne
847 2080 1080 2144 deliriat,
1137 2095 1231 2146 spe
1287 2080 1476 2135 futurae
1512 2082 1697 2151 gloria:
1725 2083 2058 2137 corroborat.

473 2168 705 2223 l'roinde
758 2171 877 2235 illa,
919 2173 1160 2239 quamvis
1208 2182 1457 2242 superet,
1515 2174 1820 2229 nullatenus
1866 2175 2063 2243 despe-

469 2261 697 2314 randum
755 2271 859 2326 cst,
914 2262 1058 2331 quia,
1115 2274 1364 2332 reparato
1410 2266 1732 2328 certamine,
1783 2281 2064 2332 possumus

474 2353 541 2406 de
595 2369 658 2408 ea
714 2354 874 2409 etiam
927 2355 1212 2425 gloriosius
1270 2356 1617 2425 triumphare.
1676 2357 1780 2411 lsta
1822 2361 2064 2428 quamvis

473 2443 689 2510 vincat,
723 2445 787 2499 de
840 2446 1061 2501 victoria
1115 2463 1218 2501 non
1272 2459 1355 2502 est
1395 2464 1618 2514 secura,
1669 2449 1790 2518 quia
1841 2451 2064 2504 callidus

474 2537 787 2612 b05tis,rt~'i
819 2538 1056 2593 devictus
1090 2540 1379 2605 interdum,
1421 2550 1596 2596 tamen
1623 2542 1853 2597 victores
1876 2543 2064 2596 ultimo

479 2630 656 2687 vincit.
703 2633 768 2686 Et
795 2649 929 2703 quos
959 2636 1128 2703 prima
1160 2635 1536 2704 congressione
1567 2650 1671 2690 non
1703 2637 1950 2706 percutit,
1973 2635 2066 2691 de-

477 2727 658 2792 cipere
685 2725 736 2778 in
780 2726 936 2780 finem
970 2728 1262 2780 contendit.

547 2816 672 2872 H4.
735 2818 869 2873 llinc
925 2831 1008 2874 est
1063 2820 1223 2874 etiam
1281 2821 1420 2888 quod
1467 2821 1579 2888 ipsa
1635 2821 2064 2891 concupiscentia

474 2910 652 2962 carnis
695 2924 862 2979 usque
905 2910 957 2964 in
1011 2911 1166 2977 hujus
1197 2913 1321 2966 vitae
1347 2914 1631 2966 terminum
1675 2913 1931 2968 dimicare
1959 2929 2064 2968 non

475 3008 674 3054 cessat.
735 3001 839 3056 Sed
898 3002 942 3056 si
1008 3005 1443 3071 concupiscentia
1504 3006 1723 3073 Spiritus
1788 3021 1960 3075 usque
2013 3007 2065 3059 in

479 3094 638 3147 tinent
687 3105 940 3163 Superat,
996 3096 1232 3151 vittoria:
1289 3113 1416 3165 pare
1465 3112 1655 3152 secura
1705 3097 1757 3151 in
1807 3107 2064 3152 aeternum

2166 1893 2410 1948 Conditor
2436 1891 2568 1945 alios
2600 1887 3027 1959 praedestinando
3055 1883 3342 1953 praeeligit,
3369 1880 3502 1933 alios
3541 1879 3594 1931 in
3640 1873 3752 1929 suis

2165 1985 2403 2038 moribus
2429 1980 2606 2052 pravis
2630 1979 2776 2049 justo
2799 1976 2998 2046 judicio
3025 1974 3366 2042 derelinquit.
3401 1969 3555 2026 Unde
3583 1965 3752 2022 veris~

2166 2072 2357 2129 sitnum
2389 2081 2470 2127 est
2498 2071 2679 2141 gratia:
2710 2083 2900 2124 utunus
2924 2083 3028 2120 non
3073 2081 3140 2120 ex
3182 2065 3409 2117 humana
3443 2061 3642 2116 virtute
3665 2058 3749 2112 vel

2165 2185 2232 2224 ex
2281 2168 2471 2222 merito
2515 2163 2722 2220 arbitrii
2754 2160 3041 2232 consequi,
3071 2158 3165 2215 sed
3208 2159 3372 2212 solius
3398 2154 3593 2209 divina:
3642 2153 3752 2222 pie-

2169 2263 2291 2316 tatis
2321 2259 2555 2314 bonitate
2585 2254 2778 2325 largiri.

2242 2352 2365 2408 118.
2407 2351 2631 2419 Quidam
2679 2349 2818 2401 enim
2863 2346 3179 2415 gratissima:
3216 2337 3594 2397 misericordia:
3638 2332 3754 2404 eius

2168 2443 2544 2512 prtevenicntis
2602 2439 2744 2494 dono
2797 2439 3104 2499 salvantur,
3159 2430 3332 2486 effecti
3379 2443 3501 2482 vasa
3549 2426 3754 2482 miseri-

2166 2537 2404 2602 Cordize;
2461 2532 2675 2603 quidam
2735 2544 2862 2584 vero
2923 2527 3138 2596 reprobi
3195 2523 3382 2588 habiti,
3423 2523 3487 2576 ad
3540 2532 3754 2592 pinnam

2168 2626 2558 2701 prmdestinati,
2611 2624 2971 2688 damnantur,
3030 2615 3202 2672 t-il‘ecti
3258 2631 3377 2668 vasa
3429 2614 3543 2666 ine.
3601 2610 3754 2677 Quod

2165 2722 2473 2792 exetuplum
2517 2720 2582 2773 de
2621 2715 2760 2771 Esau
2815 2723 2868 2768 et
2909 2713 3074 2768 Jacob
3131 2711 3364 2764 nondum
3414 2707 3551 2759 natis
3603 2703 3748 2757 colli-

2165 2818 2327 2886 gitur.
2385 2813 2483 2878 Qui
2531 2810 2657 2865 dum
2698 2813 2880 2864 essent
2934 2820 3035 2858 una
3087 2799 3328 2868 concepti
3352 2812 3433 2852 tne
3479 2795 3561 2852 vel
3599 2803 3752 2864 partu

2165 2905 2328 2971 editi,
2355 2905 2575 2975 parique
2621 2915 2759 2955 nexu
2802 2897 3005 2968 peccati
3037 2893 3308 2963 originalis
3354 2888 3589 2953 astricti,
3619 2886 3757 2938 alte.

2169 3013 2284 3054 rum
2308 3007 2488 3050 tamen
2518 3009 2704 3049 eorum
2735 2990 2801 3044 ad
2844 3003 2902 3043 se
2930 2984 3310 3042 misericordiae
3336 2981 3531 3035 divina:
3555 2992 3755 3047 prrevc-

2169 3090 2361 3146 nieutis
2387 3087 2596 3142 bonitas
2621 3084 2845 3152 gratuita
2878 3077 3060 3141 traxit,
3084 3075 3309 3128 alterum
3340 3071 3566 3142 quadam
3594 3066 3757 3138 justi-

485 3185 638 3256 ]01
673 3201 793 3239 cum
825 3186 935 3240 suis
966 3186 1258 3242 victoribus
1290 3197 1493 3258 regnat.
1525 3187 1766 3256 Quando,
1814 3203 2063 3241 consum-
2093 3203 2141 3268 ο
2173 3189 2263 3241 tite
2292 3182 2574 3239 severitate
2599 3177 2723 3232 odio
2769 3173 3006 3229 habitum
3039 3170 3090 3224 in
3137 3182 3310 3222 massa
3341 3163 3649 3235 perditionis
3679 3176 3760 3215 re-

479 3282 626 3327 tnato
685 3277 1136 3342 concupiscentiae
1184 3278 1391 3342 aculeo,
1460 3291 1558 3330 nec
1607 3278 1750 3331 carui
1822 3275 2064 3346 spiritus,

479 3381 652 3434 neque
679 3381 804 3421 caro
829 3368 1036 3436 spiritui
1080 3367 1471 3422 adversahitur.
1506 3368 1610 3422 Sed
1645 3379 1882 3436 utra-que
1928 3368 2068 3422 invi-

479 3473 595 3512 cem
628 3448 843 3513 :t-tcrnte
889 3459 1032 3525 pacis
1062 3460 1346 3514 Concordia
1391 3462 1671 3526 copulatae,
1723 3459 2070 3528 Bedctnptori

481 3564 579 3603 suo
611 3550 727 3604 sine
757 3553 1153 3621 oppugnatione
1207 3550 1259 3602 itt
1291 3560 1602 3619 perpetuum
1633 3548 2001 3603 adlttcrebunt.

1166 3663 1379 3718 XXXII.

556 3754 677 3809 115.
725 3754 864 3809 lutcr
893 3756 1075 3826 gratia:
1109 3757 1289 3808 divina:
1319 3754 1635 3808 inlusionem
1663 3763 1716 3808 ct
1746 3755 1901 3807 Imma
1923 3753 1957 3806 .i
1985 3767 2071 3806 ar-

493 3847 630 3900 bi:rii
662 3847 986 3902 voluntatem
1013 3849 1114 3901 hoc
1141 3852 1392 3902 interest:
1417 3847 1696 3901 arbitrium
1719 3858 1798 3901 est
1827 3845 2073 3900 voluntas

492 3939 673 3992 liberae
709 3941 1016 4008 potestatis,
1048 3956 1167 4008 qute
1199 3954 1292 4007 per
1319 3952 1378 3993 se
1407 3949 1596 4004 sponte
1617 3978 1630 4002 ,
1662 3938 1744 3992 vel
1787 3939 1955 4003 bona,
1989 3937 2073 3992 vel

489 4031 628 4084 tnala
661 4043 911 4098 appetere
942 4042 1147 4098 potest;
1187 4032 1351 4099 gratia
1381 4045 1556 4085 autem
1581 4040 1663 4084 est
1690 4031 1892 4084 divina:
1918 4031 2076 4085 mise-

489 4121 737 4173 ricordiae
767 4122 963 4174 donum
986 4124 1306 4190 gratuitum,
1335 4136 1431 4190 per
1454 4123 1590 4189 quod
1615 4131 1668 4175 et
1705 4121 1860 4176 bona:
1889 4123 2075 4176 volun-

487 4210 615 4265 tatis
656 4212 864 4265 initium
894 4224 946 4265 et
975 4214 1153 4282 operis
1185 4229 1550 4276 irromeremur
1578 4214 1845 4268 ellectum.
1891 4215 2077 4269 Nullus

492 4315 669 4359 autem
703 4307 850 4360 liberi
882 4306 1083 4360 arbitrii
1116 4307 1400 4375 quidquam
1436 4319 1606 4374 potest
1653 4306 1944 4374 prmvnlere
1971 4308 2080 4360 vir-

488 4410 623 4462 tute,
645 4399 741 4452 t-isi
765 4413 1006 4466 superine
1031 4399 1218 4469 gratiae
1238 4408 1565 4454 sustentetur
1581 4400 1874 4468 juvamine.
1896 4399 2077 4455 Divina

492 4492 691 4560 quippe
712 4493 876 4562 gratia
903 4495 1222 4560 prwvcuitur
1248 4495 1425 4557 homo,
1460 4502 1515 4545 ut
1547 4491 1717 4546 bonus
1745 4491 1834 4555 sit,
1857 4507 1955 4546 nec
1982 4491 2079 4545 hu-

2174 3281 2355 3334 lictum
2404 3273 2694 3330 damnavit.
2742 3268 2891 3323 Sicut
2939 3280 3030 3334 per
3085 3261 3394 3330 prophetam
3445 3258 3582 3311 idem
3618 3257 3756 3308 Deus

2173 3369 2411 3438 loquitur
2437 3365 2654 3418 dicens:
2686 3359 2845 3414 Iacob
2875 3357 3056 3421 dilexi,
3085 3351 3133 3406 Ε
3162 3369 3229 3405 au
3250 3361 3418 3404 autem
3443 3348 3561 3403 odio
3581 3344 3756 3399 habui.

2245 3479 2368 3535 119.
2410 3477 2561 3533 Unde
2604 3485 2937 3542 consequens
2984 3476 3067 3521 est
3115 3465 3273 3520 nullis
3315 3457 3762 3532 praevenieutibus

2173 3568 2377 3625 mrritis
2409 3565 2636 3622 conferri
2679 3561 2938 3634 gratiam,
2971 3559 3063 3613 sed
3092 3557 3205 3610 sola
3247 3554 3524 3610 vot-atione
3553 3551 3756 3604 divina.

2179 3665 2361 3734 Neque
2390 3674 2709 3731 quemquam
2731 3655 2923 3710 salvari
2965 3655 3078 3708 sive
3111 3647 3386 3712 damnari,
3410 3643 3532 3714 eligi
3561 3644 3640 3696 vel
3678 3659 3755 3696 rc-

2175 3732 2420 3826 probari,
2455 3753 2554 3805 nisi
2605 3765 2671 3805 ex
2719 3749 2990 3818 praposito
3040 3737 3463 3810 praedestinantis
3499 3734 3630 3797 Dei,
3670 3732 3760 3801 qui

2170 3823 2346 3918 iustus
2374 3856 2458 3900 est
2490 3843 2542 3898 in
2589 3841 2914 3910 reprobatis,
2961 3833 3262 3890 misericors
3309 3829 3360 3884 in
3391 3827 3599 3883 electis.
3631 3823 3764 3878 Uni-

2179 3917 2347 3993 versa:
2375 3935 2518 3991 enim
2551 3949 2650 3987 vta:
2674 3929 2881 3986 Domini
2908 3922 3272 3981 misericordia
3295 3929 3349 3975 ct
3370 3917 3588 3973 veritas.

2250 4029 2372 4084 121).
2415 4027 2553 4082 Ante
2579 4023 2762 4096 gratiae
2795 4022 2936 4077 enim
2965 4019 3161 4073 donum
3189 4014 3413 4068 liberum
3438 4008 3652 4080 quidem
3682 4012 3766 4059 est

2177 4122 2229 4176 itt
2255 4121 2469 4174 homine
2497 4116 2809 4177 arbitrium,
2833 4111 2925 4166 sed
2961 4125 3064 4164 non
3096 4109 3291 4161 bonum
3313 4145 3330 4172 ,
3353 4104 3474 4171 quia
3505 4103 3619 4157 sine
3645 4116 3766 4171 gra-

2179 4216 2265 4270 tia:
2305 4212 2569 4284 adjutorio
2600 4217 2780 4262 manet
2809 4205 3096 4259 inﬁrmum.
3123 4201 3253 4256 Nam
3293 4201 3433 4255 sicut
3474 4197 3660 4251 oculus
3685 4195 3766 4250 vi-

2179 4310 2306 4364 dere
2345 4323 2447 4360 non
2478 4304 2647 4364 valet,
2674 4301 2716 4354 si
2747 4308 2894 4354 caret
2916 4295 3094 4349 ol‘ﬂcio
3125 4292 3372 4355 luminis,
3417 4292 3485 4343 ita
3517 4287 3764 4340 humana:

2180 4394 2467 4458 voluntatis
2486 4393 2766 4448 arbitrium
2793 4387 2923 4443 nihil
2957 4384 3124 4450 valet,
3154 4384 3199 4439 si
3232 4382 3442 4436 luminis
3469 4377 3638 4448 gratia
3686 4377 3766 4428 in-

2181 4495 2391 4565 digeat;
2423 4488 2546 4543 illttd
2576 4485 2756 4553 utique
2781 4483 2921 4554 qttod
2952 4478 3217 4533 illuminat
3246 4489 3461 4528 omnem
3496 4469 3765 4524 hominem

497 4585 1001 4639 manumarbitriUm
1027 4583 1669 4652 Deigratiamauter-edit;
1695 4583 1787 4637 scd
1818 4583 1926 4652 ipsa
1948 4597 2072 4652 grav
2111 4591 2157 4650 ι)
2185 4557 2487 4640 γενηὶθιιιεηι
2539 4580 2588 4631 in
2641 4582 2780 4628 hunc
2823 4571 3098 4626 mundum.
3133 4568 3382 4621 Librrum
3423 4570 3601 4615 autem
3630 4557 3770 4611 arbi-

493 4676 564 4728 lia
593 4677 682 4730 Dei
709 4680 971 4733 volentem
989 4677 1256 4730 liOtninem
1273 4675 1523 4744 prmvettit
1543 4675 1766 4728 utcliatu
1784 4675 1918 4729 bene
1930 4673 2074 4727 velit.

575 4766 694 4822 116.
739 4767 868 4820 Nam
905 4769 1139 4836 poitdere
1177 4769 1351 4821 carnis
1397 4767 1558 4821 homo
1593 4767 1669 4820 sic
1705 4766 1900 4834 agitur,
1933 4775 1989 4818 ut
2013 4765 2078 4817 ad

497 4861 821 4926 peccandum
879 4859 949 4912 sit
1001 4858 1166 4913 lacihs
1198 4900 1212 4922 ,
1266 4869 1318 4913 et
1371 4858 1438 4912 ad
1499 4858 1858 4922 “Enitendum
1911 4857 2076 4926 piger.

498 4953 666 5005 llubct
690 4954 752 5006 de
771 4966 830 5006 se
857 4952 1000 5005 umle
1027 4960 1266 5012 corruat.
1289 4959 1340 5003 et
1371 4965 1474 5003 non
1504 4950 1659 5004 habet
1691 4951 1828 5003 unde
1857 4961 2081 5001 consur-

496 5054 608 5114 gat,
630 5048 756 5112 nisi,
783 5049 946 5114 gratia
971 5045 1296 5109 Conditoris,
1315 5053 1371 5098 ut
1391 5043 1627 5109 erigatur
1648 5059 1858 5096 ntanum
1882 5041 2078 5110 jaceuti

497 5139 771 5192 extendat.
808 5139 1041 5207 Denique
1075 5137 1272 5191 homini
1321 5152 1414 5204 per
1449 5137 1538 5190 Dei
1581 5137 1803 5203 gratiam
1855 5135 2080 5185 liberum

501 5241 832 5286 restaurator
861 5232 1172 5298 arbitrium,
1201 5231 1341 5302 quod
1387 5233 1589 5300 primus
1635 5230 1796 5283 homo
1841 5223 2086 5296 perdide-

576 5361 696 5414 115.
730 5362 995 5436 llonorius
1035 5363 1545 5436 Augustodunensis.
1605 5361 1682 5436 in,
1707 5356 2079 5436 opere.Dc_li-

509 5433 633 5485 bern
664 5435 883 5485 arbitrio
913 5437 1050 5488 inter
1081 5425 1376 5489 se’ttlcttlizts
1421 5432 1635 5486 Patrum
1672 5432 1770 5484 hac
1797 5432 1958 5484 etiam
1989 5425 2083 5480 lsi-

506 5504 624 5556 tiari
660 5507 708 5554 in
745 5520 852 5556 l‘t‘ttl
886 5523 1030 5556 suum
1063 5511 1252 5561 utitur.
1287 5514 1457 5560 ΛΜΝ.

580 5575 599 5625 1
621 5576 698 5629 l6.
726 5573 956 5627 Liberum
977 5578 1311 5632 arbitrium...
1330 5576 1465 5644 quod
1485 5574 1680 5644 primus
1702 5572 1850 5644 homo
1870 5567 2090 5644 perdide-

507 5658 608 5699 rat.
641 5647 836 5718 Eodem
877 5648 1032 5698 modo
1075 5654 1206 5718 Aug.
1259 5649 1308 5699 itt
1344 5639 1634 5700 tEttcl'tit'ld.
1665 5642 1888 5718 (νειμ...ξο
1914 5659 1926 5691 :
1957 5639 2090 5718 Nam

507 5719 671 5771 libero
697 5717 910 5770 arbitrio
938 5717 1068 5770 male
1103 5711 1247 5770 uicus
1293 5719 1462 5780 Immo,
1491 5727 1536 5767 et
1570 5731 1623 5765 se
1668 5712 1888 5784 perdidit
1922 5719 1965 5761 et
2007 5711 2090 5774 ip-

507 5803 645 5844 sum.
696 5787 824 5858 Quas
865 5791 1131 5860 quomoda
1155 5789 1466 5860 accipienda
1498 5785 1633 5854 sint,
1662 5801 1726 5840 ex
1761 5786 1872 5856 ipso
1911 5785 2092 5852 Augu—

2187 4676 2345 4729 lriutn
2368 4669 2434 4724 ad
2456 4681 2616 4722 ontne
2643 4665 2836 4718 malum
2862 4671 3159 4729 protnptutn
3183 4663 3266 4708 est
3287 4668 3378 4723 per
3398 4651 3766 4715 semetipsum,

2188 4766 2254 4820 ad
2285 4767 2478 4817 bonum
2507 4771 2633 4810 vero
2661 4765 2993 4820 nequaquam
3019 4747 3116 4800 nisi
3145 4761 3236 4812 per
3257 4742 3439 4812 gratia:
3461 4743 3693 4792 donum:
3717 4744 3771 4788 et

2187 4855 2371 4912 eadem
2403 4856 2619 4920 praestat
2641 4843 2840 4898 homini
2871 4850 2926 4896 et
2955 4840 3090 4893 bona
3134 4835 3270 4888 velle
3299 4841 3353 4886 et
3393 4829 3566 4884 facere
3586 4871 3599 4892 ,
3634 4825 3768 4880 mala

2189 4917 2452 5015 prater-ita
2484 4940 2642 5002 ﬂere,
2676 4947 2782 4989 tum
2809 4949 2837 4986 a
2865 4930 3186 5001 cogitatione
3209 4941 3366 4994 quam
3399 4922 3466 4974 ab
3494 4935 3657 4988 opere
3681 4917 3775 4971 de-

2191 5011 2310 5092 licm
2344 5029 2623 5102 pricsentia
2670 5041 2891 5088 cavere,
2920 5019 3062 5088 quod
3092 5019 3252 5073 etiam
3287 5013 3571 5082 Apostolus
3605 5011 3777 5065 mani-

2195 5129 2381 5182 festius
2406 5123 2594 5176 scribit
2617 5120 2802 5172 dicens
2830 5132 2846 5168 :
2881 5113 3003 5168 Non
3029 5127 3204 5163 sumus
3231 5108 3526 5176 sumi-iantes
3551 5104 3777 5172 cogitare

2193 5215 2390 5289 aliquid
2419 5230 2482 5268 ea:
2507 5212 2672 5274 nobis,
2694 5208 2842 5276 quasi
2867 5221 2930 5258 ex
2958 5204 3098 5256 nobis
3116 5245 3128 5262 .
3153 5201 3240 5254 sed
3283 5197 3580 5268 sufﬁcientia
3605 5207 3774 5248 nostra

2185 5353 2331 5406 stiuo
2356 5348 2486 5403 satis
2515 5353 2723 5402 constat
2751 5353 2803 5398 et
2841 5358 2902 5395 ex
2949 5339 3169 5398 Isidoro,
3194 5336 3282 5405 qui
3334 5334 3491 5403 paulo
3540 5345 3657 5398 post
3697 5333 3776 5406 ita

2187 5421 2405 5492 subjicit
2426 5437 2450 5492 :_
2470 5420 2598 5492 Aule
2620 5409 3251 5492 gratiordonantitberum
3274 5407 3475 5486 quidam
3499 5415 3572 5456 est
3604 5407 3654 5456 in
3683 5405 3776 5484 lio-

2196 5483 2331 5544 nmie
2373 5489 2667 5549 arbitrium,
2721 5487 2811 5540 sed
2864 5499 2965 5534 non
3017 5483 3235 5543 bonum,
3265 5483 3383 5547 quia
3431 5483 3539 5528 sine
3596 5488 3778 5546 grant

2191 5564 2454 5634 adjtttorio
2483 5557 3007 5634 mortalin/irritatus
3147 5620 3159 5634 _
3301 5619 3310 5629 ο
3399 5616 3410 5624 ,
3516 5612 3560 5634 Β

2267 5615 2389 5687 120.
2417 5631 2470 5684 Iit
2499 5631 2620 5683 aliis
2649 5615 2870 5681 Earinis
2900 5633 3015 5686 pmt
3047 5620 3211 5676 verba
3243 5615 3592 5671 miseri-‘ordia
3613 5615 3668 5687 ¹ενι
3695 5623 3774 5658 νε-

2197 5681 2612 5768 ritas—{omissis
2663 5699 2816 5759 aliis,
2849 5681 3109 5768 sequitur,
3156 5707 3302 5745 omne
3359 5697 3526 5741 autem
3589 5681 3774 5731 deum:

2196 5763 2395 5846 gratior,
2430 5783 2534 5828 etc.
2593 5781 2649 5826 ut
2675 5785 2818 5825 num.
2855 5763 2970 5819 lﬂ'Z.
3003 5767 3173 5820 Ausv.
