4104 6172
320 284 395 337 £9
1508 284 2113 344 l'lFFi-ZRENTIARUM
2162 287 2283 341 LIB.
2329 287 2369 342 Il
3537 294 3610 349 ‘39

319 405 392 443 ee:
418 390 523 443 Deo
545 400 637 444 est.
669 389 852 461 Itaque
884 407 987 445 non
1020 393 1070 446 in
1099 408 1253 447 «mne
1278 409 1443 463 genus
1468 396 1739 452 hominum
1771 399 1924 470 103
1958 402 2002 459 Α
2030 408 2509 465 sacramentorum,
2538 399 2764 455 futuram
2792 403 3062 475 Evangelii
3089 406 3310 476 gratiam
3352 409 3605 472 prmilica-

319 483 515 552 gratiae
538 486 857 539 hex-eliciam
885 486 1140 550 tenditur,
1160 486 1251 541 sed
1278 487 1331 540 in
1355 487 1457 541 illis
1481 497 1681 540 tantum
1712 502 1799 557 qui
1831 504 1924 556 per

322 573 489 626 ﬁdem
518 575 911 640 illuminantur;
940 590 1036 630 nec
1060 576 1200 632 enim
1226 577 1275 630 in
1301 577 1507 631 cunctis
1528 581 1772 649 gentibus
1800 580 1920 634 lidei

320 670 568 736 perri-nit
597 670 831 723 auditus.

402 759 519 813 121.
566 754 719 815 Unde
764 770 819 814 et
874 762 1186 831 Apostolus:
1224 762 1521 830 Quomodo,
1558 765 1752 834 inquit.
1781 769 1925 820 invo-

315 851 512 902 mbtrnt
560 851 613 901 in
663 868 808 920 quem
850 870 949 904 non
994 856 1352 909 crediderunt?
1399 857 1497 908 Aut
1526 857 1779 927 quomodo
1817 875 1924 911 cre-

313 944 443 991 dent
471 942 518 991 ei
548 958 696 1009 quem
752 960 851 995 non
883 945 1195 997 audierunt?
1224 947 1388 1014 Ipsius
1428 951 1587 999 etiam
1618 947 1801 1010 gratim
1824 948 1922 999 do-

315 1048 451 1085 num
486 1033 892 1100 quibuscumque
922 1033 1099 1100 datur,
1135 1051 1239 1088 non
1294 1038 1568 1103 mqnaliter
1597 1038 1919 1101 rom-editur,

316 1126 417 1175 sed
446 1127 514 1178 ad
547 1142 853 1177 mensuram
888 1140 983 1192 pro
1013 1128 1204 1179 merito
1243 1129 1614 1193 accipientium
1649 1128 1920 1181 distribui-

309 1224 430 1277 tur,
461 1216 611 1283 juxta
632 1216 769 1281 quod
798 1217 1088 1284 bCl‘lpllllll:
1122 1217 1208 1271 aui
1234 1217 1407 1270 reddet
1439 1220 1707 1287 unicuique
1734 1235 1922 1272 secun-

309 1310 445 1361 dum
471 1325 625 1377 opera
664 1326 776 1361 sua.

392 1398 520 1452 ΗΞ.
565 1398 739 1453 Omne
792 1409 968 1453 autem
1023 1400 1219 1454 donum
1274 1402 1461 1469 gratia:
1517 1417 1621 1455 non
1680 1403 1924 1456 omnibus

320 1492 392 1545 ad
445 1494 709 1560 integrum
739 1492 916 1557 datur,
949 1492 1040 1547 sed
1070 1494 1290 1561 singulis
1320 1494 1456 1547 dona
1506 1478 1709 1563 singula
1742 1496 1924 1548 distri-

318 1583 581 1641 lmnntnr,
640 1591 696 1633 ut
746 1580 981 1647 scilicet,
1023 1582 1174 1649 quasi
1223 1584 1459 1637 membra
1514 1585 1753 1650 corporis
1806 1585 1920 1638 sin-

314 1671 444 1738 gula
488 1671 662 1723 oilicia
699 1669 957 1737 habeant,
1009 1683 1059 1723 et
1113 1673 1243 1725 alter
1274 1672 1509 1741 indigeat
1556 1676 1726 1727 altero
1782 1676 1923 1744 quod

2027 487 2174 545 haut.
2207 488 2260 544 In
2310 490 2426 561 lege
2456 508 2583 562 ergo
2609 494 2854 547 mandata
2887 506 3157 562 tenentur,
3191 498 3448 567 promissa
3484 512 3609 549 vero

2027 580 2077 633 in
2105 578 2376 651 Evnngelii
2400 582 2725 652 plenitudine
2757 598 3214 642 consummantur.
3246 587 3438 657 Legem
3464 586 3611 645 enim

2028 671 2318 741 Evangelia
2346 674 2638 741 complent,
2670 684 2723 729 et
2750 675 3196 746 signiﬁcationem
3228 678 3477 749 prrecepti
3498 678 3609 749 ple-

2027 764 2208 819 nitudo
2240 765 2723 822 Testamentorum.

2097 852 2223 909 127.
2256 855 2383 910 Item
2417 857 2545 909 nihil
2575 857 2713 910 aliud
2741 856 2825 911 lex
2859 859 3121 926 prmstitit,
3151 860 3249 913 nisi
3272 859 3409 928 quod
3430 860 3608 914 solum

2028 956 2243 1014 peccata
2282 948 2628 1011 monstravit,
2661 964 2764 1002 non
2794 948 3035 1012 abstulit,
3069 959 3124 1004 et
3154 953 3253 1004 sub
3282 966 3381 1003 suo
3407 959 3611 1004 t«-rroro

2029 1035 2269 1091 redactos
2297 1054 2484 1093 omnes
2510 1053 2695 1093 servos
2720 1038 2917 1096 ell'ecit.
2949 1049 3003 1094 et
3024 1040 3147 1094 inde
3173 1040 3413 1107 spiritum
3437 1037 3613 1093 servi-

2028 1127 2154 1180 tutis
2200 1125 2448 1182 habuisse
2498 1131 2728 1195 priorem
2779 1129 3026 1197 populum
3076 1130 3360 1197 Apostolus
3407 1128 3609 1183 docuit.

2032 1216 2375 1285 Evangelium
2417 1232 2542 1271 vero
2572 1215 2790 1272 veniens
2831 1219 3198 1273 crudelit'uem
3234 1219 3363 1288 legis
3388 1221 3610 1283 amovit;

2032 1319 2244 1377 peccata
2267 1351 2283 1376 ,
2326 1325 2445 1378 qua:
2489 1309 2574 1364 lex
2622 1312 2872 1380 puniebat
2901 1326 2995 1379 per
3021 1313 3263 1381 spiritum
3294 1312 3573 1366 servitutis
3592 1350 3609 1373 .

2028 1401 2225 1455 laxavit
2253 1415 2346 1469 per
2364 1401 2610 1470 spiritum
2639 1402 2961 1469 adoptionis,
2989 1402 3126 1456 Iilios
3149 1418 3211 1456 ex
3234 1402 3404 1456 servis
3430 1400 3611 1455 reddi-

2028 1493 2126 1559 dit,
2146 1507 2383 1546 amorem
2404 1491 2686 1559 implenda:
2709 1492 2838 1561 legis
2858 1492 3102 1547 omnibus
3116 1492 3453 1555 cond0navit,
3471 1501 3544 1558 et,
3564 1489 3608 1543 si

2033 1582 2287 1649 deinceps
2320 1581 2584 1650 punienda
2609 1581 3012 1644 commiserunt,
3040 1597 3133 1650 per
3162 1581 3410 1635 eumdem
3450 1578 3612 1647 spiri-

2031 1684 2138 1727 tum
2164 1675 2464 1743 adoptionis
2496 1673 2737 1743 indulget
2768 1689 2782 1727 :
2816 1673 3039 1726 formam
3088 1673 3225 1727 bene
3253 1670 3438 1741 agendi
3480 1686 3617 1739 pra-.-

317 1780 429 1814 nnn
478 1762 638 1815 habet
679 1764 855 1828 alter;
898 1764 1119 1829 proinde
1175 1766 1352 1817 Omnia
1404 1766 1537 1817 ﬁunt
1588 1768 1919 1833 communia,
1959 1780 1997 1838 Β
2030 1765 2161 1827 buil,
2195 1775 2244 1819 et
2281 1773 2336 1817 ut
2376 1766 2590 1837 possint
2617 1765 2699 1835 agi
2735 1780 2852 1834 qua:
2882 1762 3063 1818 docuit
3097 1764 3395 1833 adjutorem
3438 1760 3612 1830 Spiri«

316 1853 450 1906 dum
491 1853 624 1906 fiunt
656 1853 873 1907 sibimet
914 1855 1152 1907 membra
1186 1854 1412 1909 invicem
1456 1860 1776 1910 necessaria.

1010 1965 1250 2020 XXXIII.

400 2034 525 2090 1'25.
560 2035 701 2089 luter
726 2033 907 2106 Legem
940 2046 991 2088 et
1025 2037 1358 2107 Emmgclimn
1382 2037 1483 2091 hoc
1508 2040 1754 2103 interest,
1781 2041 1919 2103 quod

321 2126 376 2179 in
413 2125 557 2195 Lege
588 2127 762 2179 littera
796 2137 898 2187 est,
932 2126 983 2180 in
1031 2126 1323 2198 Evangelio
1365 2129 1533 2198 gratia
1570 2146 1584 2183 :
1617 2130 1705 2183 illa
1739 2129 1925 2184 imbuit

321 2219 595 2278 cuthram,
622 2216 721 2270 ista
766 2215 1086 2287 imaginem;
1125 2219 1210 2272 illa
1236 2218 1357 2273 data
1387 2229 1470 2273 est
1502 2230 1720 2288 propter
1750 2228 1921 2273 trans-

320 2308 678 2377 gressionem,
726 2307 823 2362 ista
870 2320 1086 2377 promer
1108 2308 1580 2381 justilicatfonem;
1642 2311 1732 2365 illa
1772 2312 1922 2381 igno-

323 2401 517 2454 rantis:
549 2401 885 2455 demonstrat
935 2416 1236 2469 pecca‘um,
1284 2404 1381 2456 ista
1410 2401 1645 2473 agnitum
1684 2402 1921 2473 adjuvat,

321 2505 380 2550 ut
407 2497 636 2559 vitetur;
678 2495 764 2548 illa
799 2494 1010 2564 ﬂagitiis
1041 2494 1253 2549 deditos
1280 2496 1541 2563 increpat,
1569 2496 1669 2550 ista
1700 2510 1924 2564 peccan-

320 2601 405 2646 tes
436 2591 677 2645 bonitate
709 2590 920 2658 propria
949 2590 1168 2652 liberat;
1196 2591 1286 2644 illa
1321 2591 1567 2645 talionem
1595 2591 1920 2645 reddendum

320 2678 592 2747 decrevit,
637 2682 735 2735 ista
784 2683 944 2736 etiam
997 2697 1091 2750 pro
1126 2681 1355 2736 inimicis
1384 2697 1539 2736 orare
1560 2681 1766 2753 jussit:
1811 2683 1922 2747 illa,

321 2773 704 2841 coniugiorum
746 2772 966 2827 indultis
1016 2773 1260 2839 habenis,
1293 2788 1537 2830 crescere
1566 2786 1620 2829 et
1666 2789 1923 2844 generare

317 2866 602 2935 prmcepit,
638 2867 735 2917 ista
782 2866 1165 2919 continentiam
1212 2868 1397 2921 suasit.

396 2955 524 3010 1:25.
561 2954 671 3009 Illic
707 2956 1029 3022 praedicatur
1071 2954 1408 3012 circumcisio
1443 2958 1555 3011 sola
1598 2958 1795 3021 carnis,
1841 2956 1926 3012 hic

318 3045 600 3101 lavacrum
652 3047 703 3099 in
747 3045 1019 3100 ablutiohe
1046 3048 1225 3102 cordis
1253 3060 1303 3103 et
1337 3053 1613 3119 corporis;
1647 3052 1751 3105 illic
1788 3050 1928 3105 Cha-

2029 1866 2137 1909 tum
2168 1853 2379 1909 infudit.

2093 1943 2215 1999 123.
2259 1945 2387 1999 Nam
2431 1953 2696 2015 prazcepta
2748 1943 2939 2015 legalia
2988 1959 3108 2014 qua:
3156 1944 3227 1999 illi
3269 1944 3461 2013 popqu
3491 1944 3612 1997 data

2029 2045 2173 2103 sunt,
2207 2037 2604 2106 comparatione
2655 2038 2953 2100 meliorum,
3005 2036 3163 2090 etiam
3207 2051 3310 2089 non
3366 2035 3501 2089 bona
3542 2035 3619 2088 di-

2029 2139 2243 2194 cuntur,
2298 2128 2419 2199 quia
2459 2144 2575 2198 qua!
2625 2129 2940 2199 prmcipiunt
2980 2145 3083 2182 non
3143 2128 3454 2199 perﬁciunt;
3501 2143 3621 2197 gra-

2036 2220 2103 2273 tia
2133 2234 2261 2274 vero
2288 2219 2563 2289 Evangelii
2605 2220 2745 2286 quod
2777 2220 3015 2274 exterius
3042 2219 3291 2290 imperat,
3316 2219 3536 2273 interius
3565 2227 3622 2271 ut

2039 2312 2345 2380 perﬁciatur
2378 2309 2549 2381 juvat.
2586 2310 2887 2365 Ezechielis
2926 2294 3099 2364 etiam,
3130 2310 3434 2364 teSIimonio
3484 2309 3621 2362 diri-

2034 2413 2119 2454 tur
2151 2417 2165 2455 :
2194 2400 2323 2455 Dedi
2352 2401 2424 2454 eis
2454 2411 2705 2469 prwcepta
2740 2416 2839 2452 non
2870 2402 2969 2453 bon
2989 2418 3022 2454 ι.
3071 2400 3260 2465 Utique
3304 2397 3424 2466 quia
3467 2397 3517 2450 in
3543 2398 3622 2451 eis

2030 2492 2274 2561 quadam
2321 2493 2528 2546 inutilia
2579 2492 2956 2547 inlirmioribus
2996 2492 3240 2547 sensibus
3269 2490 3470 2560 agenda
3502 2505 3621 2558 per-

2030 2583 2187 2637 missa
2215 2592 2358 2646 sunt,
2393 2583 2532 2637 sicut
2574 2583 2727 2650 illud,
2778 2583 2863 2637 ubi
2905 2583 3043 2637 Deus
3076 2583 3429 2637 lsraelitarum
3468 2580 3621 2649 cupi-

2027 2673 2246 2728 ditatem
2272 2674 2455 2742 spoliis
2482 2673 2855 2745 Egyptiorum
2884 2676 3067 2729 satiari
3105 2676 3364 2743 permisit.

2104 2766 2226 2820 129.
2274 2767 2403 2820 Nam
2439 2782 2535 2836 pro
2565 2782 2629 2822 eo
2673 2768 2813 2838 quod
2861 2768 3092 2822 carnalis
3133 2770 3356 2835 papulas
3404 2766 3617 2820 modum

2031 2859 2380 2927 egrederetur
2402 2859 2671 2925 vindictzn,
2704 2861 2785 2914 lex
2812 2859 3093 2929 -perntittit
3125 2860 3426 2913 carnalibus
3449 2859 3615 2912 vicem

2031 2951 2326 3019 rependere
2356 2951 2498 3012 mali,
2531 2950 2671 3022 quod
2707 2953 2992 3021 Evangelia
3042 2951 3367 3004 ﬁrmioribus
3416 2961 3615 3004 vetant.

2034 3038 2264 3095 Proinde
2291 3056 2419 3111 ergo
2444 3039 2692 3094 dicuntur
2724 3056 2827 3094 non
2862 3042 3017 3103 bulla,
3051 3040 3298 3107 quoniam
3335 3039 3620 3109 Evangelia

319 3137 587 3191 nanitidls
616 3153 836 3206 regnum
868 3147 921 3193 et
944 3140 1322 3208 promissiones
1347 3157 1521 3196 rerum
1546 3144 1916 3213 temporalium

2033 3142 2361 3200 comparata,
2394 3132 2525 3203 legis
2554 3142 2812 3201 praecepta
2845 3132 3093 3187 inferiora
3121 3142 3426 3186 noscuntur.
3462 3130 3616 3202 105

314 3229 686 3291 cominentur,
708 3229 791 3282 hic
815 3231 920 3282 vita
944 3239 1139 3283 :rtcrna
1171 3247 1498 3300 regnumque
1520 3234 1775 3287 «telorum
1801 3250 1925 3303 pro-

315 3322 586 3387 mittitur;
619 3321 723 3375 illic
746 3320 953 3375 sabbati
980 3322 1149 3375 otium
1174 3334 1226 3377 et
1259 3325 1471 3393 requies
1493 3325 1813 3392 celebratur,
1839 3327 1925 3381 hic

316 3413 436 3479 ipsa
460 3412 669 3465 sabbati
703 3413 912 3480 requies
939 3412 990 3465 in
1022 3411 1232 3467 Christo
1256 3413 1501 3479 habetur,
1522 3416 1608 3482 qui
1629 3417 1794 3470 dixit:
1828 3416 1927 3471 Ve-

314 3516 427 3557 ηιίε
472 3502 543 3554 ad
572 3518 671 3567 me,
714 3518 887 3556 omnes
911 3504 996 3571 qui
1019 3504 1260 3557 labomtis
1290 3513 1334 3557 et
1364 3507 1557 3558 onerati
1585 3507 1721 3570 estis,
1753 3518 1799 3560 et
1836 3525 1927 3580 ego

317 3592 552 3660 reﬁciam
572 3607 677 3654 vos,
695 3602 737 3645 et
762 3592 1025 3645 invenietis
1053 3593 1271 3659 requiem
1294 3595 1557 3647 animabus
1580 3598 1780 3652 vestris.
1816 3597 1928 3653 Illic

319 3698 452 3736 esus
478 3682 789 3736 animalium
824 3682 1218 3736 immundorum
1252 3684 1583 3753 prohibetur,
1614 3686 1699 3741 hic
1730 3689 1779 3740 in
1809 3704 1930 3743 ecr-

317 3788 455 3840 pnre
501 3772 699 3827 Christi
727 3812 741 3835 ,
774 3772 824 3826 id
852 3783 935 3828 est
967 3774 1018 3826 in
1049 3776 1248 3830 sanctis
1297 3776 1439 3840 suis,
1487 3793 1590 3832 non
1631 3778 1929 3836 admittitur

318 3863 582 3933 quidquid
626 3878 717 3931 per
749 3863 837 3917 illa
868 3863 1113 3919 animalia
1156 3866 1426 3921 immunda
1458 3867 1509 3921 in
1544 3884 1719 3925 tumes
1749 3870 1918 3924 horni-

320 3972 453 4009 num
501 3954 844 4024 ﬁgurabatur.

402 4044 526 4100 19.5.
553 4047 686 4109 Illic,
721 4046 1002 4115 pecoribus
1032 4047 1337 4115 immolatis,
1368 4049 1546 4106 carnis
1573 4060 1627 4106 et
1656 4054 1926 4122 sanguinis

323 4140 517 4194 lto~tia
540 4138 925 4207 oll'erebautur,
966 4142 1051 4194 hic
1081 4140 1403 4197 sacriﬁcium
1434 4148 1611 4198 carnis
1637 4156 1689 4199 et
1716 4148 1930 4216 sangui-

325 4238 409 4287 nis
433 4230 635 4286 Christi
660 4232 902 4297 offertur,
927 4233 1069 4302 quod
1106 4232 1265 4306 105.
1298 4251 1390 4303 per
1412 4236 1499 4290 illa
1523 4238 1771 4292 animalia
1798 4240 1929 4307 ligu-

326 4322 582 4387 rabatur;
614 4323 721 4376 illic
748 4338 810 4375 ex
853 4336 1014 4376 carne
1054 4325 1187 4393 Agni
1231 4324 1426 4379 Pascha
1470 4329 1799 4394 ce'ebratur,
1844 4329 1929 4384 hic

326 4412 533 4466 l’ascha
570 4421 808 4466 nostrum
844 4413 1147 4466 immo‘azus
1169 4424 1248 4468 est
1273 4413 1536 4477 Christus.
1558 4421 1643 4485 qui
1667 4431 1748 4473 est
1772 4435 1929 4475 Verus

2032 3228 2168 3280 Ante
2192 3224 2477 3278 adventum
2504 3224 2645 3278 cnim
2672 3224 3042 3291 ltcletnploris
3067 3224 3261 3287 nostri,
3289 3222 3503 3292 gentilis
3527 3238 3623 3292 po-

2032 3318 2189 3385 pulus
2218 3318 2337 3371 ideo
2365 3333 2469 3369 non
2493 3317 2883 3385 obtemperavit
2903 3316 3026 3386 legi,
3052 3315 3174 3384 quia
3202 3316 3432 3368 nomium
3463 3316 3620 3368 intcl-

2030 3411 2289 3479 ligebatur
2311 3424 2469 3462 sensu
2496 3409 2772 3477 spirituali.
2796 3408 2902 3460 Lex
2928 3409 3067 3460 enim
3091 3406 3271 3476 gravia
3304 3415 3357 3458 at
3380 3420 3459 3471 me
3482 3405 3615 3459 dura

2032 3506 2325 3562 secundum
2358 3508 2589 3558 litteram
2612 3502 2854 3574 juhellat,
2881 3506 2998 3557 ideo
3029 3501 3489 3554 contemnebatur.
3524 3496 3621 3553 Ve-

2034 3599 2111 3651 nit
2153 3605 2329 3650 autem
2364 3596 2534 3663 gratia
2567 3595 2859 3663 Evangelii,
2895 3594 3202 3663 temperavit
3239 3594 3368 3662 legis
3396 3590 3620 3646 austeri-

2034 3697 2219 3752 tatem,
2246 3684 2636 3755 appliravitque
2664 3684 2762 3738 sibi
2792 3684 3043 3754 gentilem
3075 3684 3349 3754 populum.

2695 3791 2941 3849 XXXIV.

2104 3886 2227 3941 15;).
2258 3887 2401 3941 Inter
2420 3888 2637 3940 activam
2661 3895 2715 3941 et
2738 3868 3181 3952 conternplativmit
3206 3886 3377 3949 vitam,
3401 3883 3513 3938 lucc
3535 3883 3618 3937 di-

2030 3979 2248 4034 stinctio
2280 3994 2364 4034 esr
2399 3996 2410 4030 :
2441 3979 2616 4032 activa
2644 3980 2748 4032 vita
2780 3988 2861 4031 est
2891 3993 3010 4046 qua:
3042 3979 3092 4030 in
3124 3977 3374 4043 Operihus
3399 3976 3621 4044 justitizc

2031 4083 2084 4126 et
2128 4070 2356 4138 proximi
2408 4069 2637 4125 uliltate
2682 4078 2961 4133 versatur;
3010 4068 3443 4136 contemplativa,
3498 4083 3618 4135 qum

2033 4177 2228 4217 vacans
2266 4162 2334 4215 ab
2374 4161 2514 4216 omni
2560 4161 2796 4229 negotio,
2824 4162 2873 4213 in
2904 4161 3015 4214 sola
3050 4160 3139 4213 Dei
3172 4160 3454 4213 dilectione
3483 4160 3618 4213 deli-

2030 4257 2192 4324 gitur.
2223 4253 2418 4306 llarmn
2463 4268 2565 4304 una
2600 4252 2652 4305 in
2694 4267 2856 4321 opere
2878 4252 3029 4306 bona:
3066 4250 3508 4315 Conversationis,
3540 4251 3621 4301 al-

2033 4355 2143 4399 tera
2204 4343 2256 4398 in
2305 4343 2754 4410 contemplatione
2807 4343 3156 4397 imnmtabilis
3206 4342 3445 4395 veritatis
3498 4350 3615 4403 est;

2031 4450 2158 4499 una,
2196 4450 2316 4502 que
2348 4450 2412 4487 ex
2447 4434 2549 4487 Iiile
2579 4434 2628 4486 in
2670 4435 2768 4487 hac
2813 4433 3240 4503 peregrinatione
3278 4431 3424 4495 vivit,
3452 4433 3617 4485 altera

326 4509 512 4573 Agnus
532 4503 926 4559 immaculatus.
953 4504 1065 4559 Illic
1088 4505 1412 4573 Neomeniae,
1439 4509 1487 4561 id
1510 4521 1590 4565 est
1616 4527 1765 4564 nove
1789 4512 1925 4567 luna:
1960 4544 2007 4603 υ
2034 4542 2153 4597 qua;
2185 4528 2318 4581 bene
2348 4528 2589 4580 viventes
2623 4540 2789 4593 usque
2817 4525 2881 4578 ad
2912 4540 3130 4593 regnum
3166 4524 3427 4592 perducit.

325 4596 538 4666 prim-ip
562 4611 587 4646 a
612 4594 975 4662 celebrantur,
998 4595 1081 4651 hic
1101 4611 1236 4650 nova
1257 4609 1500 4652 creatura
1526 4601 1574 4654 io
1598 4600 1811 4657 Christo
1831 4619 1925 4659 ac-

324 4689 527 4757 cipitur
549 4728 564 4751 ,
598 4688 739 4742 sicut
768 4688 960 4742 Paulus
989 4691 1261 4755 apostolus
1283 4692 1357 4745 ait
1386 4708 1401 4745 :
1434 4692 1617 4763 Siqua
1648 4697 1699 4749 in
1724 4695 1925 4751 Christo

327 4798 458 4835 riora
507 4789 780 4844 creatura,
840 4792 1005 4836 vetera
1053 4784 1407 4849 transierunt,
1464 4803 1575 4842 ecce
1626 4791 1762 4858 βίαια
1805 4800 1924 4844 sunt

326 4891 477 4926 ηουιι.

402 4964 529 5016 126.
557 4962 696 5030 Quid
748 4963 944 5030 plura?
986 4964 1039 5018 In
1090 4965 1203 5034 lege
1242 4983 1337 5036 per
1375 4969 1593 5039 liguram
1634 4988 1721 5027 res
1762 4984 1927 5043 gestae

329 5058 381 5109 in
421 5057 868 5124 signiﬁcationem
903 5058 1198 5112 futurorum
1231 5065 1700 5130 annuntiabantct‘,
1735 5068 1784 5121 in
1816 5084 1930 5137 gra-

328 5150 399 5201 tia
435 5164 597 5216 vero,
646 5148 968 5217 evangeiicze
1006 5150 1244 5205 veritatis
1268 5194 1283 5217 ,
1313 5170 1431 5218 qua:
1465 5155 1570 5210 illic
1618 5159 1925 5212 denuntiata

331 5245 578 5305 iuerurit,
630 5245 932 5310 explentur.
983 5244 1111 5298 Item
1167 5245 1218 5298 in
1270 5247 1382 5316 lege
1427 5248 1671 5301 mandata
1726 5250 1924 5318 scripta

328 5345 453 5387 sunt
482 5345 535 5387 et
569 5335 871 5401 promissa,
918 5337 1011 5390 sed
1066 5338 1311 5391 mandata
1360 5338 1528 5409 legem
1576 5340 1797 5411 implere
1845 5343 1925 5396 vel

331 5441 657 5480 rotiservare
691 5422 971 5492 iubebant,
1008 5430 1266 5496 promissa
1312 5446 1460 5495 vero,
1494 5430 1676 5501 lignris
1714 5434 1926 5488 obtecta

408 5557 532 5634 123i.
563 5558 726 5634 Vulg.
760 5574 774 5610 :
811 5559 1016 5634 Untniir
1045 5577 1196 5634 noro.
1253 5562 1579 5629 Exprimitur
1621 5568 1932 5634 socii/icium

328 5630 600 5691 sationinis
627 5639 677 5680 et
707 5631 933 5695 corporis
956 5630 1164 5684 (Ilii-isti.
1193 5633 1364 5688 Anev.

337 5772 382 5824 υ
417 5700 536 5822 ι’ἐῗ.
583 5697 871 5811 Nam".er
887 5715 1028 5772 cepta
1088 5702 1274 5772 legaliu
1296 5745 1309 5771 ,
1341 5715 1441 5761 clc.
1467 5748 1482 5775 ,
1512 5722 1542 5762 e
1572 5708 1730 5779 Greg.
1768 5724 1933 5767 ssvnt

398 5790 481 5824 ira
538 5813 550 5824 .
578 5788 691 5824 tau.
722 5810 770 5824 ι.

398 5788 502 5825 παι
538 5813 550 5837 ,
578 5788 691 5839 cap.
722 5788 770 5825 υ.

2102 4616 2226 4671 151.
2268 4617 2469 4671 Activa:
2506 4618 2648 4671 enim
2696 4616 2815 4669 vita:
2854 4630 3039 4684 magna
3076 4623 3200 4668 sunt
3244 4612 3491 4678 irazmia,
3522 4625 3549 4663 s
3582 4609 3615 4663 ι]

2028 4708 2456 4774 contemplativa:
2481 4708 2707 4775 potiora.
2737 4708 2919 4761 Acliva
2954 4704 3056 4758 vita
3088 4721 3150 4757 ex
3181 4704 3334 4756 bonis
3364 4705 3617 4769 operibus

2033 4798 2240 4867 incipit,
2281 4800 2689 4867 contemplativa
2720 4800 2954 4864 pervenit
2977 4798 3040 4850 ad
3072 4797 3211 4866 quod
3244 4795 3484 4849 intendit.
3513 4798 3616 4848 Ac-

2032 4892 2149 4944 tivtc
2175 4891 2294 4945 vitae
2323 4907 2482 4958 opera
2506 4907 2628 4943 cuin
2652 4905 2877 4958 corpore
2900 4888 3171 4950 liniuntur,
3192 4888 3617 4950 contemplativa:

2036 4993 2213 5035 autem
2246 4982 2434 5052 gaudia
2475 4980 2525 5034 in
2567 4983 2669 5035 line
2698 4982 2925 5049 amplius
2974 4990 3242 5035 crescunt.
3288 4977 3377 5033 Illa
3416 4993 3613 5045 autent,

2029 5074 2274 5141 quamvis
2304 5073 2445 5127 utilis
2488 5081 2541 5126 et
2571 5073 2707 5126 bona
2728 5114 2743 5140 ,
2777 5082 2953 5126 tamen
2992 5087 3110 5125 cum
3141 5072 3346 5140 requies
3388 5071 3613 5135 venerit,

2029 5165 2346 5226 transitura;
2402 5163 2498 5217 ista
2549 5178 2674 5217 vero
2712 5164 2833 5217 horti
2873 5166 3050 5233 operis
3091 5163 3361 5219 transituri
3405 5178 3613 5220 merces

2028 5263 2127 5315 est,
2160 5265 2207 5306 et
2238 5252 2448 5319 requies
2480 5268 2847 5321 permansura.

2103 5342 2223 5397 152.
2266 5342 2683 5412 Contemplativa
2744 5345 2847 5397 vita
2897 5359 2991 5412 per
3041 5343 3237 5399 Rachel
3290 5348 3611 5415 ostenditur,

2028 5452 2146 5506 qua:
2194 5445 2309 5490 erat
2349 5437 2567 5505 pulchra
2612 5448 2665 5492 et
2710 5438 2926 5505 sterilis,
2960 5441 3079 5508 quia
3136 5458 3228 5510 per
3280 5447 3610 5514 contempla-

2117 5570 2241 5625 150.
2279 5570 2604 5638 Opusculum
2656 5571 2723 5626 de
2775 5570 3076 5629 differentia
3118 5577 3254 5632 inter
3303 5580 3526 5633 activam
3556 5590 3612 5637 et

2044 5644 2511 5707 ctuttetnplativain
2546 5644 2701 5695 vitam
2735 5642 2918 5697 lsiilori
2952 5650 3164 5703 nurnine
3192 5651 3244 5702 in
3276 5649 3473 5706 Codice
3505 5654 3610 5706 Re-

2045 5711 2381 5789 giovalicano
2407 5713 2503 5789 2M
2539 5729 2568 5766 τι
2595 5730 2693 5789 me
2711 5727 3005 5789 repertum,
3035 5720 3099 5770 ad
3132 5721 3454 5787 appendices
3486 5725 3608 5789 reji-

2043 5794 2146 5851 c.o,
2172 5781 2238 5836 de
2262 5798 2365 5853 quo
2396 5788 2553 5840 etiam
2587 5784 2696 5840 disi
2728 5786 2782 5842 in
2818 5786 3115 5859 l‘rolegom.
3149 5781 3266 5863 cap.
3302 5792 3393 5847 85.
3427 5781 3599 5850 Aser.
