4104 6172
512 325 572 384 91
1573 307 1628 362 S.
1673 301 1916 360 ιειῡοῐιι
1959 293 2135 355 1118Ρέ

2240 290 2403 347 ENSIS
2446 285 2750 345 EPISCOPI
3736 274 3803 327 9‘3

516 454 677 495 1101115

517 541 695 584 autem
720 528 877 580 vitam
903 522 1228 577 monstrabat
1257 516 1347 570 Lia
1376 515 1490 568 sine
1521 509 1709 575 oculis,
1737 508 1828 562 sed
1858 502 2104 559 fecunda.

521 621 654 687 Quia
687 619 823 671 actio
855 613 1116 668 Ialm-iusa
1158 607 1369 676 quidem
1401 613 1504 666 est,
1535 602 1814 666 minusque
1842 595 1946 650 alta
1979 608 2107 646 con-

708 440 872 492 o'.ium
905 434 1078 489 minus
1116 443 1334 496 opermn
1369 424 1456 475 liiii
1489 429 1830 490 generantur.
1864 413 2102 468 Activam
2137 413 2181 466 Λ
2210 405 2348 457 ribus
2369 401 2689 473 justi/imm:
2723 405 2816 451 est.
2851 393 3048 450 Paulus
3074 391 3200 446 dicit
3231 407 3246 448 ς
3283 388 3509 444 Credidit
3541 386 3801 442 Abraham

2213 495 2341 556 Deo,
2369 502 2412 545 et
2433 500 2724 562 reputatum
2751 498 2822 542 est
2851 487 2896 540 ei
2919 486 2986 538 ad
3009 479 3434 557 justitiam.Quid
3467 479 3633 548 ergo?
3665 478 3805 531 Utri-

2213 605 2317 656 que
2359 602 2418 642 se
2448 582 2766 639 destruunt?
2799 579 2971 634 Absit.
3002 577 3106 632 Sed
3141 575 3349 643 utrique
3383 587 3480 627 nos
3512 582 3801 626 mstruunt.

524 663 654 687 κη...
687 663 820 671 ..νην
857 663 932 668 .-.ν
1010 663 1017 664 κ
1068 663 1077 664 κ
1177 663 1187 676 ,
1490 663 1498 666 ,
1731 663 1738 666 _

520 712 786 765 sitlerans.
835 708 936 760 Sed
969 707 1018 757 in
1065 719 1129 756 eo
1159 699 1297 768 quod
1329 713 1386 749 se
1415 710 1538 764 erga
1573 691 1797 761 pr0\ltltl
1829 687 2109 742 utilitatem
2214 683 2346 734 Nam
2381 675 2674 731 secundum
2706 670 2949 733 Paulum,
2981 667 3245 722 Abraham
3276 680 3340 719 ex
3384 664 3487 717 Iide
3527 663 3803 733 juslilicari
3843 708 3847 711 .

527 811 646 870 plus
696 803 906 855 exhibet
939 839 952 860 ,
1008 793 1285 848 l'ecnttdinr
1332 791 1623 857 operibus,
1677 782 1830 852 quasi
1890 783 1941 834 in
1995 778 2113 830 Iiliis

522 869 740 952 crescit.
769 891 855 943 Sc
887 887 1085 941 Martha
1119 892 1172 937 et
1214 882 1396 944 Maria,
1443 893 1662 946 quarum
1696 891 1794 927 una
1828 869 2113 923 Virtutibus

528 996 759 1036 Ineuezn
815 977 1096 1030 exercebat
1162 973 1212 1024 in
1274 984 1474 1038 opere,
1527 966 1695 1019 altera
1753 959 2120 1029 requiescebat

528 1073 700 1124 delixa
731 1072 782 1121 in
815 1065 1286 1131 contemplatione.

604 1162 727 1216 155.
769 1159 802 1212 Ii
836 1169 1010 1212 autem
1039 1157 1124 1224 qui
1159 1155 1221 1206 ad
1253 1151 1717 1216 ctmtemp‘latiums
1747 1153 1908 1196 ultum
1939 1152 2120 1194 Vt‘nlle

531 1253 880 1311 contundunt,
932 1249 1075 1314 prius
1105 1259 1160 1297 se
1201 1245 1252 1296 in
1284 1243 1456 1295 stadio
1483 1239 1668 1293 activae
1698 1236 1822 1287 vita:
1868 1245 2122 1284 exercere

534 1344 771 1404 debent,
830 1349 884 1392 ut
934 1338 1056 1391 dum
1111 1351 1268 1402 Opera
1313 1332 1530 1402 justitire
1577 1330 1731 1381 fasces
1786 1332 2121 1394 peccatorum

533 1433 895 1493 exhauriunt,
947 1442 1040 1479 cor
1083 1425 1337 1477 muniunt
1390 1421 1676 1474 exhibeant
1724 1419 1787 1468 ad
1842 1413 2124 1467 videndum

537 1526 725 1578 Deum.
761 1521 890 1574 Nam
934 1532 1086 1572 mens
1128 1532 1246 1583 qua:
1295 1514 1469 1567 adhuc
1517 1509 1859 1578 temporalem
1904 1506 2125 1574 gloriam

543 1616 702 1686 106
726 1613 931 1684 quatrit,
968 1620 1058 1664 aut
1082 1607 1308 1662 carnalis
1337 1603 1782 1671 ccucupisccntize
1822 1609 1962 1653 lenta
1991 1597 2130 1650 inn;-

543 1710 645 1761 Iius
671 1708 840 1772 cedit,
873 1720 901 1756 a
930 1701 1380 1772 contemplatione
1417 1694 1763 1764 proculdubio
1794 1691 2127 1761 prohibetur.

2219 770 2434 835 meruit,
2467 767 2679 837 quando
2707 763 2933 818 credidit
2957 762 3096 824 Deo;
3122 759 3410 813 secundum
3435 755 3711 812 .lacoLum.
3738 771 3802 807 es

2222 864 2474 933 operibus
2499 859 2717 930 placuit,
2740 855 2951 927 quando
2975 863 3204 906 tentatus
3230 847 3615 903 iuunolaudum
3641 848 3807 900 (ilium

2222 974 2328 1012 non
2359 951 2641 1009 recusavit.

2888 1031 3128 1090 XXXVI.

2244 1195 2250 1202 ,
2298 1138 2415 1193 159.
2447 1137 2588 1192 Inter
2617 1134 2791 1204 ﬁdem,
2833 1147 2973 1198 spem
3003 1141 3052 1182 et
3082 1127 3380 1180 charitatem
3434 1122 3535 1176 hoc.
3577 1119 3756 1174 dill‘ert
3788 1134 3810 1173 :

2227 1235 2360 1288 Iides
2399 1239 2480 1286 εει
2518 1227 2808 1282 divinitatis
2855 1221 3140 1284 confessio,
3166 1227 3220 1272 et
3266 1214 3540 1283 religionis
3580 1212 3806 1266 solidum

2229 1324 2659 1383 fundamentum;
2692 1331 2814 1386 spes
2844 1323 2928 1368 est
2959 1313 3220 1366 bonoruut
3247 1307 3576 1372 exspectatio
3608 1302 3816 1356 futuro-

2229 1433 2380 1477 rom;
2409 1414 2644 1468 charitas
2668 1418 2748 1463 cst
2781 1404 3012 1476 periei-ta
3044 1402 3259 1456 dilectio
3283 1401 3333 1452 in
3367 1398 3528 1452 Deum
3564 1407 3616 1448 et
3638 1394 3817 1462 proxio

2230 1523 2398 1562 mum.
2434 1505 2630 1559 Ilarum
2665 1504 2833 1571 prima
2862 1496 3232 1550 credulitatem
3283 1490 3422 1544 fovet
3473 1497 3813 1554 prtcsentcm,

2231 1597 2463 1655 secunda
2498 1597 2754 1664 promissa
2789 1586 3458 1660 prscstolaturfuturorum,
3489 1579 3637 1632 tertia
3670 1591 3820 1629 amo-

2235 1705 2346 1745 rem
2372 1685 2745 1756 complectitur
2773 1690 3054 1736 acternum.
3093 1678 3221 1742 Qus
3249 1673 3462 1744 quidem
3506 1672 3604 1725 tria
3637 1672 3684 1723 in
3718 1669 3821 1722 Itu-

545 1796 694 1852 Unde
722 1807 776 1850 et
803 1793 1027 1863 populus
1055 1792 1178 1845 dum
1211 1791 1377 1857 legem
1409 1789 1673 1852 acciperet
1695 1801 1723 1836 a
1754 1792 1952 1844 monte,
1979 1779 2028 1832 id
2052 1786 2133 1831 cst
2165 1771 2212 1832 B
2234 1783 2322 1854 jus
2352 1783 2470 1835 vita:
2495 1791 2733 1847 tempore
2764 1775 2838 1830 ita
2868 1773 3202 1842 copulantur,
3233 1776 3289 1821 ut
3318 1767 3480 1820 altera
3510 1763 3628 1818 sine
3649 1763 3822 1816 altera

539 1903 570 1941 a
613 1886 826 1940 sublimi
854 1883 1320 1950 contemplatione,
1351 1878 1497 1947 quasi
1528 1891 1685 1931 carna
1711 1875 1815 1928 iam
1846 1870 2128 1926 curiositas

540 1990 864 2031 removetur.
893 1977 954 2028 Et
982 1975 1034 2027 in
1060 1970 1347 2040 Evangelia
1371 1976 1586 2022 curatus
1608 1981 1636 2018 a
1661 1963 1865 2032 legione
1887 1961 1998 2014 vult
2028 1960 2130 2013 Do-

541 2069 742 2123 minum
779 2083 870 2136 per
900 2062 1400 2132 contemplationem
1439 2059 1622 2127 sequi;
1655 2055 1748 2110 Sed
1772 2054 1987 2123 jubetur
2029 2051 2129 2103 do-

541 2175 685 2214 mum
717 2158 1012 2222 reverti,et
1046 2157 1098 2208 in
1151 2155 1336 2206 activae
1383 2151 1505 2203 vitae
1554 2148 1864 2217 operatione
1910 2140 2127 2195 versari.

616 2251 739 2306 151.
779 2252 831 2303 In
864 2251 980 2316 ipso
1009 2257 1183 2300 autem
1217 2240 1680 2310 contemplationis
1704 2248 1752 2292 et
1781 2233 2002 2289 actionis
2036 2247 2130 2284 usu

541 2343 810 2398 interdum
846 2355 1032 2405 magna
1062 2335 1356 2391 dill'ereatia
1400 2333 1697 2386 animorum
1726 2339 1826 2382 est.
1861 2327 1989 2380 Nam
2018 2325 2132 2393 qui~

544 2436 764 2490 busdam
804 2435 914 2488 Sola
958 2428 1340 2496 contemplatio
1384 2425 1613 2496 prolicit,
1645 2423 1960 2491 quibusdam
2007 2433 2133 2472 vero

543 2527 716 2580 activa
746 2525 859 2579 sola
891 2533 972 2578 est
1001 2520 1312 2575 consolatio.
1359 2519 1450 2571 llis
1479 2515 1652 2570 media
1696 2524 1749 2566 ει
1789 2512 1856 2566 de
1899 2508 2134 2579 utrisque

545 2616 838 2684 composita
873 2613 1051 2667 utilior
1081 2619 1165 2666 est
1193 2609 1363 2678 magis
1391 2608 1454 2661 ad
1486 2603 1800 2659 referendas
1832 2602 2022 2654 mentis
2051 2615 2136 2653 an-

542 2709 765 2775 gustias,
797 2721 914 2774 quae
943 2704 1115 2758 soleat
1143 2718 1234 2771 per
1265 2702 1418 2754 unius
1450 2697 1799 2752 intentionem
1835 2692 2047 2757 nutriri,
2075 2701 2133 2744 ut

544 2798 612 2854 de
643 2800 913 2865 utriusque
946 2795 1182 2864 partibus
1210 2792 1399 2845 melius
1428 2797 1808 2858 temperentur.
1832 2787 1958 2838 Nam
1994 2781 2133 2851 quod

547 2891 788 2944 Salvator
810 2903 903 2958 per
931 2888 1070 2941 diem
1121 2885 1283 2954 signis
1327 2892 1379 2936 et
1421 2880 1686 2935 miraCnIis
1717 2875 2028 2930 toruscabat
2079 2875 2129 2927 in

547 2981 785 3046 urbibus,
817 2987 1040 3033 actvam
1091 2976 1243 3030 nobis
1292 2975 1452 3028 vitam
1507 2986 1748 3026 couunen
1789 2970 1934 3024 ahat.
1982 2965 2131 3032 Quod

545 3087 674 3126 vero
722 3072 770 3123 in
828 3078 1006 3122 monte
1054 3065 1311 3120 orationis
1358 3063 1532 3118 studio
1562 3060 1938 3131 pernocabat,
1967 3058 2128 3111 vitam

547 3162 1006 3231 cnntemplationis
1038 3159 1394 3230 signiﬁcabat.

626 3255 745 3310 1.35.
789 3257 986 3310 Idcirco
1020 3255 1108 3307 Det
1143 3265 1328 3304 servus
1355 3249 1503 3318 juxta
1533 3246 1701 3300 imitat
1725 3259 1879 3298 onem
1911 3239 2131 3303 Christi,

548 3366 648 3406 nec
672 3349 931 3404 actualem
967 3348 1124 3400 vitam
1155 3345 1365 3408 amittit,
1396 3349 1450 3394 et
1478 3338 1943 3406 conteutplatIVam
1973 3335 2129 3386 vitam

549 3442 675 3511 agit.
709 3440 876 3494 Alter
905 3436 1045 3491 enim
1095 3436 1345 3489 incedens
1385 3429 1625 3485 oIIcndit.
1682 3429 1828 3484 Sicut
1867 3427 2006 3480 enim
2042 3439 2136 3494 per

551 3529 1052 3598 contemplationem
1113 3526 1371 3577 anamlus
1418 3533 1498 3577 est
1547 3523 1716 3581 Deus,
1777 3522 1844 3572 ita
1905 3533 1998 3586 per
2042 3532 2133 3570 ac-

551 3622 747 3681 tualem
778 3621 934 3672 vitam
957 3616 1254 3685 diligendus
1277 3625 1360 3670 est
1389 3616 1682 3684 proximus.
1707 3615 1782 3665 Ac
1814 3628 1906 3680 per
1935 3611 2034 3664 hoc
2055 3609 2133 3663 sic

554 3730 658 3768 non
694 3727 976 3780 possumus
1006 3713 1122 3763 sine
1164 3721 1388 3777 utraque
1433 3721 1551 3761 esse
1582 3706 1708 3766 vita,
1741 3706 1878 3758 sicut
1919 3712 1973 3758 et
2021 3705 2137 3756 sine

556 3813 781 3873 utraque
812 3803 862 3856 iu
895 3800 1177 3858 dilectione
1209 3813 1328 3854 esse
1367 3812 1698 3866 nequaquam
1732 3808 2029 3862 possumus.

1237 3911 1452 3966 XXXV.

631 3984 748 4042 156.
778 3985 917 4040 Inter
937 3983 1122 4038 Fidem
1144 3993 1196 4038 et
1223 3984 1364 4053 Opus
1389 3984 1488 4037 hoc
1508 3980 1699 4036 distat:
1727 3994 1818 4048 per
1841 3977 1996 4033 ﬁdem
2021 3990 2140 4045 pos-

550 4078 779 4134 sibilitas
801 4079 921 4132 boiii
947 4079 1123 4146 operis
1147 4077 1442 4144 inchoatur,
1463 4092 1523 4130 ex
1550 4090 1711 4144 Opere
1734 4077 1844 4142 ipsa
1870 4073 1999 4128 ﬁdes
2020 4086 2140 4141 per-

554 4171 753 4222 Iicitur.
779 4167 922 4236 Opus
947 4170 1091 4222 enim
1125 4167 1227 4222 tide
1258 4166 1602 4235 praevenitur,
1625 4166 1765 4220 ﬁdes
1798 4181 1862 4219 ex
1891 4165 2143 4231 Operibns

555 4268 984 4312 consummatur.
1019 4259 1192 4326 Opera
1224 4269 1400 4312 autem
1447 4270 1569 4312 ante
1618 4257 1774 4312 [idem
1811 4272 2141 4324 nequaquam

555 4353 838 4422 prodesse,
871 4354 996 4422 quia
1023 4352 1150 4406 nihil
1183 4354 1324 4406 Valet
1351 4367 1381 4405 a
1423 4351 1561 4406 man
1591 4352 1861 4407 declinare
1891 4361 1946 4405 et
1987 4365 2146 4420 agere

553 4443 699 4513 quod
735 4444 960 4512 pertinet
985 4443 1048 4496 ad
1079 4443 1303 4497 salutem
1327 4443 1374 4497 ei
1405 4445 1493 4512 qui
1527 4446 1695 4511 ipsmn
1721 4442 1908 4495 salutis
1934 4442 2015 4495 vel
2048 4457 2143 4494 ue-

557 4545 651 4606 gat
699 4536 778 4589 visi
823 4535 995 4589 nescit
1043 4545 1338 4589 auctorem.
1394 4534 1522 4588 Item
1576 4534 1705 4586 ﬁdes
1735 4533 1851 4587 sine
1891 4532 2146 4602 cperibus
2179 4523 2228 4581 D

558 4641 894 4694 nequaquam
941 4627 1178 4693 prodest,
1219 4625 1340 4694 quia
1374 4639 1478 4679 non
1512 4630 1688 4693 potest
1720 4639 1813 4692 per
1844 4623 2002 4679 ﬁdem
2034 4623 2143 4678 Deo

561 4723 776 4792 placere
805 4719 889 4786 qui
932 4719 1093 4771 Deum
1123 4718 1416 4772 contemnit
1447 4717 1498 4771 in
1530 4731 1710 4785 opere.

641 4812 758 4866 157.
803 4813 880 4864 Ub
908 4811 1005 4863 hoc
1035 4813 1191 4863 etiam
1223 4810 1352 4863 Iides
1385 4811 1499 4862 sine
1527 4809 1773 4877 Operibus
1799 4819 2006 4862 mortua
2043 4816 2146 4872 est,

558 4903 708 4977 juxm
734 4905 1019 4970 Iacobum;
1047 4914 1100 4958 et
1123 4919 1254 4972 Opus
1282 4912 1429 4957 extra
1455 4902 1609 4956 Iidem
1633 4917 1852 4955 vacuum
1878 4911 1977 4967 est,
2011 4903 2151 4964 iuxta

569 4998 808 5050 I’aulum.
856 4995 1052 5048 Horum
1081 4994 1220 5048 enim
1253 4997 1387 5047 alter
1419 4993 1536 5047 Iidei
1568 4992 1824 5056 studium,
1855 4992 1993 5045 alter
2017 5005 2150 5061 Opus

567 5089 766 5143 laudat.
801 5086 993 5141 Paulus
1024 5084 1277 5156 prmdicat
1304 5097 1426 5140 ante
1458 5085 1610 5138 Iidem
1641 5084 1791 5154 107
1825 5084 1969 5135 nullo
1995 5083 2151 5136 modo

560 5196 686 5236 esse
714 5196 847 5249 opus
879 5179 1096 5242 bonum,
1122 5177 1350 5232 Iacobus
1374 5186 1552 5229 narrat
1598 5177 1754 5228 Iidem
1799 5174 1927 5228 nihil
1976 5179 2154 5228 valere

566 5275 684 5329 sine
723 5291 884 5340 opt-re
917 5279 1076 5331 bono.
1131 5281 1205 5330 Ac
1247 5289 1340 5342 per
1370 5275 1488 5340 hoc,
1515 5271 1667 5343 juxta
1700 5271 1957 5342 primum,
1992 5284 2153 5340 opera

567 5367 727 5419 Iidem
751 5369 1096 5444 praecedentia
1120 5367 1251 5422 nihil
1272 5375 1522 5436 prosunt;
1541 5367 1687 5434 juxta
1709 5367 1954 5428 alterum,
1977 5368 2158 5419 subse-

569 5462 781 5528 quentia
829 5463 1049 5515 multum
1083 5474 1324 5530 prosunt.

645 5548 766 5607 158.
808 5551 1035 5608 Jacnbus
1063 5555 1188 5608 dicit
1217 5573 1230 5609 :
1265 5553 1524 5608 Abraham
1556 5561 1699 5623 pater
1744 5561 1918 5606 noster
1945 5568 2009 5607 ea:
2039 5569 2154 5622 ope~

650 5690 771 5746 136.
819 5691 1154 5760 Nequaquam
1208 5694 1479 5762 prodesse,
1525 5691 1883 5762 supplendum
1925 5700 2156 5758 possunt,

584 5776 676 5820 aut
695 5774 912 5831 constat,
945 5775 1001 5818 ut
1029 5780 1171 5836 saepe
1201 5761 1392 5821 accidit
1428 5784 1478 5823 Ill
1503 5761 1753 5840 operibus
1787 5761 1996 5830 Isidori,
2031 5778 2165 5833 prte-

2230 1887 2374 1930 slare
2402 1888 2506 1926 non
2534 1870 2720 1938 possit.

2307 1964 2429 2018 HJ.
2484 1962 2720 2030 Denique
2777 1956 3038 2012 veraciter
3081 1953 3305 2008 credere
3352 1966 3454 2005 non
3507 1963 3821 2019 possumus,

2235 2060 2335 2116 nisi
2384 2073 2445 2112 ea
2495 2070 2613 2125 qum
2668 2050 2926 2122 promissa
2981 2056 3106 2102 sunt
3155 2060 3462 2115 speremus;
3525 2060 3621 2097 nec
3671 2055 3825 2111 pete-

2235 2155 2402 2206 rinms
2451 2148 2716 2201 suStinere
2769 2141 3063 2212 promise,
3113 2138 3214 2191 nisi
3261 2136 3330 2189 sit
3379 2135 3499 2189 Iidei
3536 2134 3825 2188 credulitas

2238 2246 2414 2308 Iirma;
2468 2255 2567 2293 nec
2612 2237 2784 2291 aderit
2833 2234 3037 2288 fructus
3083 2231 3215 2299 spei,
3260 2228 3340 2281 vel
3372 2227 3627 2281 stabilitas
3679 2225 3823 2283 fidei.

2243 2337 2342 2391 nisi
2375 2334 2536 2388 fuerit
2567 2328 2800 2400 perlecta
2836 2325 3070 2380 charitas
3101 2321 3318 2384 Christi,
3351 2336 3466 2390 qua:
3498 2328 3550 2372 et
3583 2318 3737 2371 Iidem
3771 2327 3826 2370 ut

2244 2427 2451 2491 credat,
2485 2424 2708 2492 adjuvet
2734 2431 2787 2474 et
2814 2433 2964 2486 spem
2993 2413 3335 2484 spectationis
3365 2412 3693 2466 corroboret.
3724 2411 3828 2464 Cu-

2237 2522 2325 2592 jus
2352 2515 2656 2589 spccialitcr
2692 2512 2984 2568 secundum
3015 2504 3326 2576 Apostolum
3357 2505 3494 2556 inter
3539 2504 3636 2556 has
3661 2501 3828 2554 virtu-

2239 2624 2316 2668 tes
2364 2611 2591 2665 traditur
2634 2607 2988 2676 priucipatus,
3033 2607 3088 2652 et
3132 2597 3306 2652 cultus
3349 2603 3529 2648 manet
3575 2602 3826 2646 mternus.

2310 2701 2430 2756 141.
2466 2701 2595 2754 Nam
2620 2709 2670 2752 et
2696 2696 2826 2749 lides
2849 2692 3102 2759 cessabit,
3128 2689 3250 2742 dum
3277 2685 3451 2740 futura
3473 2699 3590 2754 qua:
3611 2684 3830 2738 credun-

2238 2803 2322 2848 tur
2346 2790 2686 2851 advenerint;
2720 2795 2775 2840 et
2802 2798 2926 2851 st'es
2950 2782 3107 2835 liuent
3139 2776 3519 2840 habebit,dum
3551 2774 3830 2830 beatitudi-

2236 2901 2359 2941 nem
2390 2897 2546 2954 quam
2577 2879 2798 2949 quisque
2819 2877 2988 2930 bonus
3013 2870 3349 2941 priestolatur
3379 2867 3663 2934 acceperit.
3695 2866 3821 2920 Sola

2237 2979 2469 3036 charitas
2501 2977 2550 3030 in
2569 2985 2824 3029 aeternum
2857 2963 3249 3039 perseverabit,
3275 2962 3385 3030 ipsa
3412 2961 3522 3014 sola
3547 2968 3828 3027 utramque

2239 3073 2532 3144 perducens
2561 3067 2625 3121 ad
2655 3065 2925 3121 Christum
2954 3101 2968 3121 .
3023 3061 3132 3116 ipsa
3181 3055 3295 3110 sola
3324 3051 3520 3124 gaudio
3550 3050 3828 3121 pctfruetts

2159 3140 2206 3204 ο
2237 3140 2582 3234 sempiterno.

2902 3238 3170 3297 XXXVII.

2314 3341 2431 3397 142.
2466 3340 2606 3396 Inter
2632 3351 2857 3390 amorem
2886 3343 2940 3388 et
2969 3332 3310 3394 dilectionem,
3343 3326 3455 3382 sive
3485 3323 3824 3391 charitatem,

2239 3433 2340 3489 huc
2367 3431 2571 3496 dill'ert,
2604 3426 2746 3498 quod
2778 3439 2928 3478 amor
2958 3431 3013 3477 et
3049 3420 3261 3475 dilectio
3291 3419 3462 3473 media
3495 3423 3636 3478 sunt,
3669 3423 3723 3469 et
3762 3415 3829 3467 ad

2238 3537 2528 3592 utrumque
2577 3530 2780 3590 parata,
2818 3516 2976 3570 modo
3006 3513 3058 3567 in
3091 3511 3310 3574 bonum,
3344 3507 3504 3561 modo
3549 3507 3600 3560 in
3633 3505 3830 3559 malum

2238 3627 2544 3673 vertuntur.
2576 3613 2821 3666 Charitas
2848 3616 3024 3660 autem
3065 3619 3171 3657 non
3203 3601 3301 3655 nisi
3333 3601 3382 3654 in
3416 3599 3648 3663 bonum;
3681 3594 3833 3663 cujus

2238 3712 2395 3764 etiam
2430 3720 2622 3760 nomcn
2654 3717 2718 3754 eo
2749 3712 2912 3768 usque
2940 3694 3236 3757 extollitur,
3271 3701 3327 3744 ut
3356 3691 3468 3758 ipse
3497 3688 3637 3743 Deus
3673 3687 3831 3756 108

2240 3801 2486 3858 Charitas
2512 3795 2827 3866 appelletur.
2874 3790 2965 3844 llla
3001 3801 3083 3843 εει
3135 3787 3277 3840 enim
3311 3782 3546 3855 perfecta
3575 3782 3830 3844 Charitas,

2241 3909 2356 3961 que
2383 3888 2622 3944 inimicos
2651 3892 2705 3939 et
2732 3881 2993 3954 patienter
3013 3877 3261 3940 sustinet,
3284 3883 3336 3928 et
3359 3872 3583 3939 benigne
3605 3868 3834 3924 refovet.

2243 3985 2342 4052 Qui
2391 3996 2517 4036 vero
2559 3981 2673 4033 haac
2706 3991 2811 4030 non
2862 3972 2991 4042 agit,
3023 3971 3183 4040 longe
3231 3981 3259 4019 a
3290 3963 3551 4019 ebaritate
3588 3961 3834 4017 discedit.

2207 4131 2214 4150 ,
2247 4077 2373 4131 Ila3c
2397 4075 2538 4129 enim
2578 4083 2785 4126 summa
2818 4067 2928 4122 sola
2959 4071 3082 4118 sunt
3111 4063 3270 4114 bona.
3306 4059 3436 4112 Nam
3465 4072 3492 4110 a
3523 4056 3711 4127 quibus
3745 4052 3838 4109 ha-

2247 4168 2466 4229 bentur,
2500 4163 2679 4232 utique
2703 4158 2966 4214 veraciter
2995 4154 3278 4208 habentur.
3310 4149 3441 4204 Alia:
3463 4164 3589 4201 vero
3615 4147 3839 4199 virtutes

2254 4260 2426 4315 media
2477 4260 2612 4312 bona
2657 4265 2801 4319 sunt,
2833 4260 2887 4306 et
2929 4266 3048 4319 quae
3093 4247 3157 4300 ad
3204 4244 3483 4298 utilitatem
3517 4247 3733 4312 possunt
3771 4237 3841 4292 ab

2249 4350 2518 4420 aliquibus
2577 4346 2784 4409 haberi,
2827 4352 2881 4398 et
2906 4341 2972 4396 ad
3004 4338 3321 4412 perniciem,
3365 4334 3409 4389 si
3447 4337 3513 4390 de
3563 4334 3644 4388 bis
3684 4347 3840 4384 arro-

2251 4453 2435 4514 gantes
2466 4439 2771 4494 tumuerint.

2324 4534 2445 4587 145.
2489 4534 2724 4598 Quatuor
2749 4536 2924 4583 autem
2955 4534 3073 4578 sunt
3101 4520 3368 4593 diligenda
3399 4538 3412 4573 :
3449 4519 3586 4572 Deus
3616 4515 3843 4579 sc‘licct,

2255 4640 2416 4697 atque
2447 4625 2759 4695 proximus,
2803 4632 2930 4673 caro
2975 4626 3188 4683 nostra,
3245 4624 3404 4683 atque
3457 4610 3654 4663 anima.
3688 4607 3862 4660 Prior

2256 4732 2340 4779 est
2386 4733 2564 4772 autem
2597 4729 2748 4768 amor
2791 4711 2920 4772 Dei,
2952 4721 3179 4777 sequens
3217 4721 3342 4758 vero
3383 4712 3464 4756 est
3501 4711 3553 4755 et
3597 4699 3845 4768 proximi.

2259 4816 2363 4870 Sed
2415 4814 2552 4867 sicut
2605 4824 2700 4879 per
2751 4819 2988 4859 amorem
3041 4801 3134 4855 Dei
3173 4813 3325 4852 amor
3372 4796 3428 4849 lit
3462 4793 3720 4864 proximi,
3769 4790 3851 4842 sic.

2264 4922 2355 4976 per
2400 4915 2639 4957 amorem
2696 4894 2923 4967 proximi
2971 4908 3122 4946 amor
3191 4889 3492 4944 ostenditur
3543 4883 3657 4937 Dei.
3709 4881 3852 4934 Dile-

2262 4973 2368 5052 ctio
2402 4997 2455 5049 in
2506 4993 2672 5046 Deum
2713 4988 2864 5056 origo
2918 4994 3001 5038 est
3045 4982 3350 5037 dilectionis
3402 4978 3454 5030 in
3511 4973 3848 5042 proximum;

2261 5101 2316 5146 et
2342 5087 2558 5144 dilectio
2611 5085 2664 5137 in
2718 5080 3016 5149 proximum
3065 5073 3300 5144 cognitio
3349 5081 3431 5124 est
3462 5065 3760 5122 dilectionis
3798 5066 3850 5116 in

2263 5181 2450 5234 Deum.
2508 5175 2672 5230 Porro
2726 5169 2937 5224 dilectio
2989 5166 3076 5219 Dei
3129 5182 3156 5216 a
3208 5174 3396 5216 ttmore
3448 5160 3658 5212 inchoat
3689 5197 3702 5219 ,
3753 5158 3848 5210 sed

2265 5285 2368 5326 nea
2400 5267 2500 5323 sub
2529 5268 2721 5320 timore
2751 5266 3075 5331 perseverat.
3109 5255 3236 5308 Nam
3286 5254 3499 5306 dilectio
3546 5267 3608 5305 ex
3656 5251 3849 5302 timore

2263 5359 2469 5416 servilis
2511 5367 2592 5411 est
2621 5394 2637 5422 ,
2663 5370 2765 5406 non
2815 5351 3000 5414 libera,
3043 5349 3164 5414 quia
3207 5361 3309 5398 non
3337 5354 3546 5398 constat
3573 5358 3636 5396 ex
3665 5357 3852 5395 amore

2268 5455 2382 5515 Dei,
2416 5449 2508 5504 sed
2538 5462 2602 5503 ex
2634 5449 2832 5500 t'more
2863 5440 3126 5511 supplicii.

2339 5543 2464 5600 114.
2499 5541 2554 5596 lu
2587 5539 2757 5594 tribus
2785 5545 2962 5590 autem
2993 5533 3073 5586 his
3101 5531 3257 5587 rebus
3281 5530 3502 5592 ,dilcctio
3541 5527 3631 5584 Dei
3677 5526 3856 5596 expri-

2269 5692 2457 5743 serttm
2481 5680 2532 5736 in
2560 5677 2929 5752 Etymologiis.
2965 5673 3137 5728 Auev.
