4104 6172
312 278 384 334 95

310 486 587 542 dilectioni
618 486 894 539 subdatur.
925 484 1055 538 Nam
1084 484 1208 537 dum
1240 482 1431 537 dicitur
1461 503 1471 535 :
1510 484 1702 555 Diliges
1744 484 1904 537 Deum

310 597 374 634 ea:
403 590 512 632 toto
541 578 697 631 corde
726 589 814 630 tuo
839 618 853 640 ,
886 590 1073 629 mnnes
1103 575 1450 645 cogitationes
1485 576 1535 628 in
1567 574 1732 628 Deum
1764 576 1896 629 reie-

309 671 508 725 rendas
541 668 817 739 praecipit;
849 668 974 720 dum
1008 683 1134 720 vero
1175 668 1404 729 dicitur,
1456 683 1519 718 ex
1559 674 1662 719 tota
1706 669 1900 730 anima,

306 778 501 817 omnes
528 761 838 815 aﬂ'ectiones
859 762 1051 812 animae
1075 758 1138 811 ad
1164 758 1328 811 Deum
1355 757 1540 812 refrrri
1560 760 1746 826 jussit;
1776 760 1899 811 dum

306 871 439 908 vero
467 854 687 923 adjecit,
720 868 783 904 ex
812 861 922 903 tota
949 861 1140 914 meum,
1175 850 1373 902 indicat
1400 866 1609 903 omnem
1641 850 1899 903 rationein

306 948 627 1008 humanam,
659 960 762 1010 qua
796 942 1137 1010 intelligimus
1168 952 1219 995 et
1249 940 1624 1006 discernimus,
1660 942 1710 994 in
1742 943 1901 996 rebus

303 1040 511 1093 divinis
539 1052 658 1092 esse
688 1036 1074 1103 occupandam.

379 1152 510 1206 145.
569 1151 699 1205 Item
757 1150 866 1202 duo
920 1158 1042 1203 sunt
1100 1162 1223 1218 erga
1276 1147 1619 1201 dilect'oncm
1674 1146 1900 1214 proximi

299 1241 577 1297 servanda
609 1255 623 1293 :
663 1248 717 1291 ut
765 1240 882 1306 ipse
925 1248 1141 1306 przcstet
1163 1238 1282 1290 aliis
1303 1251 1422 1305 qua:
1451 1237 1550 1289 sibi
1584 1238 1820 1305 prmstari
1849 1247 1905 1290 et

299 1333 375 1386 ab
402 1330 523 1384 aliis
553 1330 685 1394 vult,
729 1338 783 1384 et
808 1344 927 1397 qua:
967 1327 1068 1381 sibi
1108 1326 1296 1381 inferri
1332 1328 1655 1396 pertimescit
1687 1344 1789 1381 non
1825 1328 1899 1381 in-

300 1422 470 1477 ferat.
503 1421 575 1475 Ex
612 1424 707 1474 hac
736 1421 945 1490 gemina
977 1419 1277 1474 dilectionis
1302 1422 1497 1474 virtute
1526 1422 1575 1474 in
1603 1422 1902 1489 proximum

298 1528 503 1567 omnes
546 1512 794 1565 oriuntur
839 1512 1085 1573 virtutes,
1129 1510 1323 1580 quibus
1354 1519 1447 1564 aut
1472 1511 1670 1565 utiliter
1700 1527 1762 1565 ea
1786 1529 1904 1578 qua:

298 1613 434 1660 sunt
470 1604 770 1673 appetenda
803 1603 1067 1672 cupimus,
1091 1612 1179 1655 aut
1206 1615 1325 1671 quae
1355 1601 1568 1655 vitanda
1599 1612 1722 1656 sunt
1765 1618 1902 1671 pra:-

299 1713 415 1751 εςινι
439 1712 583 1753 mUS.

1496 273 2097 332 DIFFEIiEN'l‘IABUM
2138 276 2266 333 LIB.
2310 280 2369 335 II.
3525 291 3595 346 οι

313 399 512 461 mitur,
546 405 605 449 ut
636 395 767 449 nihil
799 405 1073 449 remaneat
1097 393 1149 447 in
1173 393 1386 448 homine
1409 396 1549 462 quod
1580 410 1684 449 non
1711 396 1903 449 divina;
1934 400 1977 456 Α

2082 390 2206 451 150.
2240 394 2351 449 IIoc
2378 396 2657 451 trimodum
2694 398 3037 465 plnilosotdtizn
3067 416 3270 469 getinz,
3293 400 3448 473 juxta
3505 422 3597 459 sa-

2012 486 2217 553 pientes
2268 488 2447 540 mundi
2482 495 2530 541 in
2565 490 2797 556 partibus
2829 492 2939 545 suis
2964 533 2977 556 ,
3011 494 3079 545 ita
3110 494 3481 565 distinguitur.
3510 500 3591 554 Ad

2010 578 2279 647 physicam
2310 580 2575 647 pertinere
2606 580 2753 633 aiunt
2780 580 3087 647 disciplinas
3112 596 3336 650 septem,
3364 602 3590 655 quarum

2008 668 2174 736 prima
2208 678 2289 722 est
2317 669 2673 736 arithmetica,
2703 671 2933 723 secunda
2964 674 3272 738 geometria,
3300 678 3450 730 tertia
3478 694 3596 735 [ηιμ

2006 763 2134 828 sica,
2163 775 2347 834 quarta
2377 765 2722 827 astronomia,
2746 770 2926 832 quinta
2953 766 3258 835 αηιιιιΙυςὶι,
3300 780 3447 822 sexta
3475 788 3591 828 me-

2007 852 2256 918 chanica,
2288 856 2510 922 septima
2552 855 2831 909 medicina.
2876 856 3029 910 RJII'J
3063 868 3239 911 autem
3279 864 3588 918 earumdem

2006 944 2403 1013 disciplinarum
2431 948 2682 1014 breviter,
2711 948 2807 1000 ista
2838 961 2938 1002 εει.

2083 1060 2238 1128 ιιο
2270 1058 2389 1112 151.
2429 1059 2778 1114 Aritlimetica
2824 1076 3051 1130 namque
3089 1070 3172 1116 est
3211 1064 3449 1121 definitio
3499 1080 3593 1133 per

2006 1169 2163 1221 quam
2199 1170 2538 1209 numerorum
2582 1157 2815 1210 omnium
2863 1160 2997 1212 ratio
3042 1158 3122 1212 vel
3160 1160 3291 1214 ordo
3330 1163 3590 1221 consistit.

2007 1248 2307 1302 Geometria
2340 1258 2421 1302 est
2452 1250 2732 1317 disciplina
2767 1252 3145 1319 magnitudinis
3174 1296 3189 1320 ,
3220 1262 3273 1306 et
3302 1257 3587 1321 ligurarutn

2007 1339 2144 1391 notis
2194 1338 2638 1406 lineamentisque
2671 1342 2896 1409 prepriis
2929 1343 3173 1395 distincta
3201 1384 3215 1408 ,
3265 1345 3344 1399 vel
3386 1345 3586 1400 formis.

2009 1429 2151 1482 Dieta
2182 1441 2354 1484 autem
2380 1432 2679 1486 Geometria
2705 1448 2731 1484 a
2759 1433 3094 1488 dimensime
3119 1443 3295 1501 terr-.e,
3319 1452 3589 1506 perquam

2008 1520 2427 1590 uniuscujusque
2479 1524 2694 1576 termini
2741 1523 2998 1577 delineari
3051 1527 3246 1578 Solent.
3302 1526 3447 1580 llanc
3490 1531 3591 1596 pri-

2007 1628 2151 1663 nium
2183 1612 2418 1682 Aigyptii
2463 1614 2780 1669 invenerunt
2828 1631 2923 1683 pro
2968 1618 3289 1670 necessitate
3332 1620 3590 1671 teimino-

2009 1720 2127 1756 rum
2164 1715 2341 1769 terrai,
2378 1724 2510 1773 quos
2533 1704 2680 1760 Nilus
2704 1708 3069 1762 inundatinuis
3094 1718 3333 1779 tempore
3363 1710 3587 1764 confun-

376 1810 504 1864 u5_
548 1808 699 1875 Quod
729 1810 871 1863 enim
901 1806 1155 1862 Dominus
1182 1807 1308 1861 dicit
1337 1822 1353 1861 ;
1383 1806 1567 1860 omnia
1591 1823 1905 1876 ηηατευηηηε
1934 1786 1983 1847 Β
2013 1796 2187 1848 debat.
2224 1796 2419 1850 Musica
2446 1807 2527 1851 est
2552 1814 2640 1851 ars
2667 1798 2973 1866 spectabilis
3003 1815 3132 1853 voce
3160 1800 3240 1852 vel
3273 1812 3461 1869 gestu,
3495 1800 3589 1853 ha-

299 1902 461 1957 rultis
512 1912 565 1953 ut
618 1901 810 1967 faciant
868 1900 1003 1951 vobis
1048 1899 1313 1965 homines,
1368 1908 1415 1951 et
1456 1916 1543 1951 vos
1585 1899 1736 1966 facile
1774 1900 1900 1961 illis,

304 2000 428 2058 pert
455 2003 545 2045 net
587 1992 650 2043 ad
702 1990 824 2043 boni
876 1990 1257 2057 itupensionem
1304 1990 1354 2043 in
1406 1991 1722 2058 proximum.
1770 1990 1899 2043 Item

303 2082 451 2149 quod
485 2084 535 2134 in
574 2081 746 2133 Veteri
794 2081 1136 2133 Testamento
1168 2080 1358 2149 legitur
1397 2096 1412 2133 :
1457 2080 1609 2146 Quod
1657 2081 1747 2133 tibi
1800 2098 1899 2134 non

302 2176 417 2237 sis,
475 2174 627 2226 alteri
682 2188 746 2223 ne
801 2171 1021 2240 feceris,
1080 2173 1312 2239 pertinet
1365 2170 1428 2223 ad
1482 2172 1773 2225 cavendu'u
1832 2186 1899 2226 ue

300 2266 426 2336 quis
461 2266 658 2318 malum
692 2262 882 2316 inferat
912 2262 1171 2329 proximo.
1232 2262 1308 2314 Ex
1372 2262 1455 2313 bis
1506 2276 1634 2329 ergo
1686 2261 1896 2315 duobus

300 2359 547 2414 articulis
576 2371 809 2426 congrue
857 2355 1092 2424 diligitur
1148 2355 1444 2423 proximus,
1476 2353 1601 2406 dunt
1641 2363 1695 2407 et
1734 2353 1896 2407 bene-

298 2454 406 2507 ﬁcii
438 2451 772 2521 impensioue
809 2445 1040 2511 fovetur,
1070 2454 1122 2500 et
1156 2445 1297 2499 nulla
1327 2445 1524 2499 malitia
1553 2446 1782 2499 laeditur.

958 2560 1243 2616 XXXVI".

376 2677 538 2748 103
571 2675 687 2728 H7.
716 2674 856 2728 Inter
884 2672 1146 2726 scientiam
1177 2680 1230 2724 et
1259 2672 1563 2739 sapientiam
1598 2670 1699 2725 hoc
1727 2672 1891 2724 inter-

294 2782 375 2823 est
403 2786 419 2821 :
445 2769 665 2822 scientia
690 2766 755 2819 ad
776 2767 1098 2832 agnitionem
1125 2764 1372 2831 pertinet,
1393 2762 1646 2831 ~~apientia
1673 2761 1738 2815 ad
1763 2777 1892 2815 con-

296 2861 720 2927 templationem.
774 2856 1005 2911 Scienlia
1042 2854 1426 2924 temporalibus
1483 2856 1617 2907 bene
1674 2855 1881 2918 utitur,

293 2965 456 3020 atque
485 2952 539 3004 in
573 2950 802 3003 vitandis
853 2949 1028 3013 malis,
1078 2964 1170 3002 seu
1217 2947 1577 3015 intelligendis
1608 2948 1687 3000 vel
1726 2963 1887 3015 appe—

294 3044 474 3098 tendis
508 3041 663 3096 bonis
693 3050 939 3095 versatur
968 3059 982 3093 :
1020 3040 1281 3108 sapientia
1312 3050 1486 3095 autem
1520 3040 1885 3093 tantummodo

291 3150 497 3192 eterna
528 3136 945 3200 contemplatur.
1008 3134 1137 3187 Itetn
1191 3134 1424 3187 nonnulli
1479 3134 1577 3187 viri
1630 3135 1769 3187 inter
1799 3149 1957 3227 sa-C

291 3228 551 3298 pientiam
581 3236 635 3281 et
668 3225 1001 3295 prudentiam
1054 3224 1273 3290 intelligi
1321 3225 1641 3287 Voluerunt,
1693 3234 1749 3277 ut
1797 3239 1884 3278 sa-

287 3320 551 3390 pientiam
584 3317 637 3371 in
666 3316 881 3381 divinis,
914 3316 1253 3388 prudentiam
1280 3326 1456 3369 autent
1496 3318 1573 3369 vel
1605 3317 1880 3370 scientiam

288 3413 343 3464 iu
392 3408 628 3463 ltotninis
674 3409 899 3476 negotiis
948 3417 1227 3475 ponerent.
1287 3406 1525 3461 Perfecta
1577 3417 1755 3460 autem
1802 3418 1885 3462 est

288 3500 522 3554 scientia
552 3498 717 3553 multa
771 3514 929 3567 agere
961 3499 1097 3551 bona
1126 3538 1141 3562 ,
1173 3509 1225 3551 et
1257 3498 1321 3549 de
1351 3498 1453 3550 illis
1482 3498 1690 3552 laudem
1716 3508 1883 3554 terre-

286 3608 410 3647 nam
444 3608 552 3644 non
586 3606 826 3659 quaerere
855 3604 975 3659 quae
1002 3589 1138 3642 Deus
1172 3591 1423 3657 praecepit
1450 3593 1647 3652 facere.
1679 3601 1732 3646 et
1761 3606 1881 3645 ser-

286 3700 415 3739 vum
442 3682 686 3737 inutilem
714 3691 837 3736 ante
866 3681 1048 3735 Oculos
1078 3681 1167 3735 Dei
1199 3695 1257 3735 se
1288 3680 1614 3737 existimare.

962 3812 1201 3869 XXXIX.

359 3907 485 3961 H8.
508 3908 657 3962 Inter
674 3908 976 3977 sapientiam
993 3918 1045 3960 et
1064 3907 1405 3977 eloquentiam
1426 3906 1498 3959 ita
1519 3906 1872 3978 distinguunt:

282 4000 429 4069 quod
463 4000 768 4066 eloquentia
793 4009 1005 4052 constat
1053 4014 1116 4052 ex
1169 3998 1368 4053 verbis.
1401 4000 1730 4067 Sapientiam
1763 4000 1879 4053 sine

283 4090 590 4160 eioquentia
618 4088 877 4160 prodesse
902 4106 1004 4142 non
1031 4098 1110 4142 est
1140 4089 1382 4146 dubium.
1420 4091 1731 4158 Eloquentia
1764 4092 1878 4145 sine

279 4186 549 4255 sapientia
597 4186 774 4240 valere
817 4200 922 4238 non
968 4192 1162 4252 potest.
1194 4184 1378 4239 Melior
1422 4184 1563 4239 enim
1599 4193 1684 4239 est
1711 4185 1877 4239 iridis-

278 4286 432 4332 creta
468 4277 752 4346 prudentia
781 4291 939 4346 quam
965 4277 1124 4329 stulta
1158 4276 1469 4345 loquacitas.
1502 4276 1701 4331 [terum
1729 4279 1871 4332 enim

278 4370 461 4423 Studia
493 4382 733 4437 prosunt,
760 4384 861 4423 non
892 4376 1203 4421 ornamenta
1228 4369 1533 4422 verborum.
1563 4369 1875 4437 Eloquentia

279 4460 451 4521 enim,
482 4470 539 4512 ut
569 4459 799 4513 diximus
828 4502 841 4523 ,
885 4458 1107 4511 scientia
1151 4466 1233 4510 est
1267 4460 1583 4524 verborum;
1615 4462 1873 4528 sapientia

281 4561 484 4615 autem,
514 4550 748 4619 cognitio
777 4564 954 4602 rerum
985 4560 1033 4601 et
1064 4548 1364 4602 intellectus
1390 4564 1690 4605 causarum.

357 4664 483 4719 ΗΟ.
519 4664 686 4716 Porro
716 4662 1031 4730 sapientiam
1072 4672 1281 4716 veteres
1331 4663 1719 4730 philosonhiam
1776 4682 1871 4719 vo-

279 4763 566 4819 caverunt,
598 4754 648 4807 id
679 4766 760 4807 est
805 4754 1041 4806 omnium
1093 4770 1270 4807 rerum
1305 4754 1661 4809 humanarum
1714 4768 1874 4825 atque

278 4851 592 4904 divinarqu
619 4847 918 4901 scientiam.
971 4846 1140 4915 Ilujus
1171 4847 1523 4915 philosophia:
1554 4857 1732 4917 partes
1763 4858 1873 4905 tres

278 4959 403 4997 esse
427 4942 699 5005 dixerunt,
746 4940 795 4993 id
825 4948 931 5005 est,
964 4940 1242 5009 physicam
1268 4984 1284 5007 ,
1315 4942 1540 5009 lugicam
1572 4983 1585 5004 ,
1614 4942 1867 4999 ethicam.

276 5032 537 5106 Physica,
571 5031 828 5085 naturalis
858 5044 970 5097 est;
1003 5032 1212 5098 Etliica,
1245 5034 1495 5099 moralis;
1532 5034 1748 5103 Logica,
1784 5052 1869 5090 ra-

282 5122 522 5177 tionalis.
558 5122 752 5174 Ilarnm
785 5120 952 5189 prima
990 5132 1192 5176 natura:
1221 5132 1272 5175 et
1307 5126 1751 5190 contemplationi
1784 5142 1870 5182 re-

279 5230 400 5269 run
442 5214 759 5281 deputatur,
811 5214 1049 5267 secunda
1101 5214 1150 5265 in
1194 5213 1405 5268 actione
1459 5223 1514 5268 et
1560 5216 1867 5285 cognitione

281 5319 426 5360 recte
463 5303 682 5359 vivendi
706 5314 949 5361 versatur
970 5346 985 5371 ,
1030 5306 1180 5359 tertia
1214 5306 1265 5359 in
1297 5304 1649 5361 discerneudo
1683 5323 1864 5361 verum

274 5413 305 5452 a
335 5399 469 5453 falsis
500 5399 732 5467 ponitur.

348 5607 479 5662 un.
513 5604 687 5659 Verba
716 5605 903 5660 Tohim
932 5605 984 5659 in
1016 5606 1237 5673 Vulgata
1280 5607 1393 5663 ltzrc
1437 5618 1555 5661 sunt
1588 5626 1602 5661 :
1631 5608 1776 5672 Quod
1803 5606 1866 5660 ab

271 5677 380 5731 alio
406 5677 572 5730 oderis
594 5679 703 5746 ﬁeri
735 5678 846 5739 tibi,
871 5678 982 5729 ride
1012 5695 1074 5731 ne
1125 5688 1175 5731 tn
1203 5679 1479 5750 aliquando
1508 5680 1655 5735 alteri
1680 5678 1862 5749 fariis.

274 5750 554 5809 Sententia
583 5756 769 5806 eadem
795 5758 900 5805 est.
935 5753 1103 5806 Ancv.

2009 1887 2139 1937 licus
2170 1888 2218 1939 in
2247 1901 2306 1940 se
2336 1903 2677 1941 numerorum
2707 1906 2768 1942 ac
2806 1892 2923 1943 soni
2966 1902 3164 1943 certam
3195 1891 3585 1945 ditucnsionem

2005 1990 2125 2028 cum
2155 1976 2379 2029 scientia
2413 1977 2658 2043 perfecta:
2688 1977 3087 2031 modulationis.
3126 1980 3248 2033 llaec
3280 1994 3491 2036 constat
3520 1999 3589 2038 ex

2006 2066 2174 2119 tribus
2208 2067 2402 2132 modis,
2432 2068 2481 2120 id
2511 2078 2591 2121 est
2621 2084 2773 2132 sono,
2809 2086 2888 2121 vet
2906 2070 2984 2123 bis
3014 2084 3064 2124 et
3098 2073 3354 2128 numeris.

2075 2188 2196 2243 I52.
2241 2191 2574 2244 Astronomia
2606 2200 2688 2245 est
2719 2192 2801 2245 lcx
2846 2202 3133 2245 astrorum.
3169 2193 3469 2266 Astrologia
3499 2204 3583 2251 cst

2000 2284 2138 2338 ratio
2164 2300 2279 2354 quae
2310 2284 2715 2339 conversionem
2741 2286 2859 2339 cwli
2885 2295 2937 2338 et
2958 2286 3229 2355 signorum
3258 2287 3464 2354 definit,
3496 2305 3587 2355 po-

2001 2386 2327 2446 testatesque
2353 2388 2406 2429 et
2436 2387 2585 2431 ortus
2611 2377 2843 2430 siderum
2872 2420 2886 2443 ,
2920 2385 2977 2431 et
3015 2394 3257 2433 occasus.
3293 2380 3436 2433 llauc
3467 2396 3584 2433 ma-

2000 2471 2270 2524 thematici
2304 2479 2624 2539 sequuntur.
2659 2470 2961 2524 MtCIIﬂllICﬂ
2991 2480 3071 2523 c~t
3099 2472 3337 2537 quiedam
3371 2473 3582 2539 peritia,

2001 2564 2081 2617 vel
2112 2563 2351 2618 doetrina
2380 2603 2396 2628 ,
2450 2562 2515 2615 ad
2550 2576 2706 2631 quam
2757 2561 3022 2615 subtiliter
3071 2561 3297 2614 fabricas
3345 2566 3581 2616 omnium

1996 2670 2171 2707 rerum
2201 2668 2525 2707 Concurrere
2551 2653 2754 2706 dicunt.
2782 2651 3041 2706 Medicina
3065 2663 3145 2705 est
3175 2654 3397 2706 scientia
3426 2669 3583 2705 cura-

1996 2746 2219 2807 tionum,
2247 2744 2312 2797 ad
2346 2755 2823 2813 temperamentum
2849 2743 3111 2812 corporis,
3138 2743 3220 2797 vel
3252 2745 3473 2797 salutent
3506 2745 3585 2797 in-

1993 2846 2170 2889 venta.
2190 2836 2228 2889 Ε
2247 2835 2437 2905 quibus
2454 2835 2667 2904 quidem
2688 2834 2933 2889 omnibus
2950 2835 3189 2903 quxdam
3208 2836 3443 2903 religioni
3464 2850 3587 2888 con-

1991 2931 2205 2981 veniunt
2229 2971 2242 2994 ,
2277 2930 2519 2996 qumdam
2556 2943 2680 2982 vero
2715 2928 2870 2995 longe
2908 2927 3081 2980 modis
3121 2926 3368 2980 omnibus
3410 2926 3581 2980 aliena

1988 3029 2131 3074 Sunt.

2064 3144 2184 3199 153.
2218 3145 2444 3215 Digestis
2472 3145 2780 3214 generibus,
2828 3145 2942 3199 sive
2979 3143 3295 3198 differentiis
3345 3142 3579 3213 physicae

1986 3236 2137 3301 artis,
2166 3253 2304 3290 nunc
2334 3248 2511 3307 partes
2539 3236 2736 3304 logices
2759 3250 3133 3303 exsequamur.
3157 3234 3377 3289 Constat
3398 3243 3577 3289 autem

1986 3346 2048 3382 et
2082 3329 2357 3382 dialectica
2406 3338 2462 3382 et
2508 3328 2797 3382 rhetorica.
2831 3327 3121 3380 Dialectica
3162 3336 3243 3380 est
3296 3326 3433 3380 ratio
3462 3327 3577 3380 sive

1985 3422 2163 3488 regula
2192 3422 2515 3489 disputandi,
2538 3421 2863 3475 intellectum
2888 3420 3079 3473 mentis
3102 3435 3321 3485 acuens,
3342 3433 3577 3489 veraque

1985 3529 2011 3565 a
2040 3513 2190 3567 falsis
2219 3512 2569 3581 distinguens.
2594 3510 2875 3564 Rhetorica
2900 3520 2981 3565 est
3010 3512 3144 3564 ratio
3165 3511 3395 3576 dicendi,
3417 3511 3580 3579 juris-

1987 3605 2274 3672 pcritorum
2302 3604 2551 3667 scientia,
2575 3618 2730 3670 quam
2760 3613 3005 3659 oratores
3028 3617 3344 3674 sequuntur.
3363 3603 3491 3669 llac,
3518 3615 3575 3658 ut

1982 3697 2195 3766 quidam
2231 3696 2336 3773 ait,
2387 3697 2516 3750 sicut
2556 3697 2744 3750 ferrum
2785 3712 2973 3750 veneno
3000 3735 3017 3762 ,
3056 3697 3306 3749 sententia
3343 3705 3579 3748 armatur

1984 3788 2202 3858 eloquio.

2057 3911 2178 3967 15L
2224 3912 2347 3966 Post
2373 3912 2595 3981 logicam
2626 3912 2869 3979 sequitur
2900 3910 3095 3975 clhica,
3122 3926 3238 3976 qua:
3267 3910 3330 3962 ad
3365 3911 3574 3963 institu-

1982 4004 2178 4057 tionem
2217 4004 2443 4072 pertinet
2475 4019 2707 4057 morum.
2736 4004 2859 4056 llaec
2890 4003 3030 4057 enim
3061 4002 3197 4055 bene
3222 4003 3430 4054 vivendi
3462 4018 3574 4054 ma-

1982 4095 2145 4165 gistra
2176 4103 2282 4159 est,
2313 4094 2678 4163 dividiturque
2711 4094 2762 4147 in
2792 4102 3019 4161 quatuor
3060 4092 3381 4160 principales
3406 4102 3575 4146 Vil'lll-

1987 4194 2066 4238 tes
2094 4201 2105 4236 :
2141 4183 2505 4252 prudentiam,
2543 4185 2767 4248 scilicet,
2800 4194 2958 4250 atque
2984 4180 3277 4251 jtlstili'm,
3309 4181 3574 4235 fortitudi-

1983 4290 2104 4328 nem
2134 4315 2152 4339 ,
2183 4286 2237 4329 et
2267 4275 2696 4340 temperantiam.
2747 4273 3034 4328 Prudentia
3082 4282 3162 4327 est
3192 4273 3391 4341 agnitio
3428 4288 3573 4326 vera:

1981 4367 2127 4433 fidei,
2160 4378 2213 4421 et
2243 4366 2464 4421 scientia
2494 4366 2929 4435 Scriptttrarum,
2964 4366 3016 4419 in
3043 4382 3146 4432 qua
3181 4366 3377 4418 intueri
3410 4380 3576 4433 opor-

1985 4472 2057 4516 tet
2089 4462 2215 4516 illud
2249 4462 2533 4516 trimodum
2568 4461 2934 4529 intelligentia!
2957 4475 3147 4529 genus.
3195 4459 3430 4525 Quorum
3466 4459 3579 4527 pri-

1906 4542 1953 4602 D
1982 4570 2124 4606 mum
2155 4564 2234 4607 est
2266 4568 2361 4622 per
2390 4554 2530 4623 quod
2558 4554 2801 4622 quaedam
2835 4552 3173 4619 accipiuntur
3218 4551 3573 4604 historialitcr

1978 4646 2094 4699 sine
2119 4644 2223 4698 ulla
2253 4644 2445 4713 figura,
2478 4653 2534 4697 ut
2560 4654 2684 4697 sunt
2709 4643 2892 4697 decem
2928 4656 3193 4711 pra-cepta
3222 4660 3235 4707 ;
3271 4642 3571 4695 secundum

1977 4748 2059 4791 cst
2090 4754 2183 4807 per
2209 4738 2350 4807 quod
2398 4737 2641 4805 quaadam
2694 4737 2743 4788 in
2792 4735 3088 4799 Scri,turis
3141 4736 3400 4802 permixto
3444 4732 3569 4799 jure

1976 4831 2331 4900 accipiuntur,
2367 4838 2472 4883 tam
2506 4828 2799 4883 secundum
2838 4828 2993 4880 liuent
3040 4843 3218 4879 rerum
3252 4835 3518 4893 gestarum
3546 4864 3561 4885 ,

1976 4935 2133 4989 quam
2165 4923 2326 4974 etiam
2361 4925 2512 4990 juxta
2562 4920 2851 4989 figurarum
2899 4918 3264 4979 intellectum,
3312 4916 3444 4967 sicu:
3496 4915 3565 4967 de

1977 5014 2105 5067 Sara
2133 5023 2185 5066 et
2207 5017 2367 5080 Agar.
2396 5012 2630 5066 Primum
2658 5010 2797 5077 quod
2824 5026 2947 5064 vere
2972 5010 3186 5069 fuerint,
3206 5008 3398 5061 deliine
3421 5009 3560 5075 quod

1974 5105 2177 5172 tropice
2204 5104 2310 5158 duo
2341 5105 2679 5157 Testamenta
2715 5104 3023 5170 figurentur.

2043 5202 2171 5271 153.
2215 5215 2454 5271 Tertium
2485 5231 2652 5285 genus
2695 5225 2776 5269 est
2822 5214 2960 5281 quod
2985 5223 3185 5265 tantum
3214 5211 3562 5278 spiritualitcr

1971 5311 2252 5379 accipitur,
2285 5310 2422 5363 sicut
2448 5309 2515 5363 de
2543 5308 2775 5363 Canticis
2801 5308 3150 5359 canticorum.
3184 5306 3312 5369 Qua:
3336 5304 3379 5357 si
3409 5305 3556 5372 juxta

1970 5418 2160 5458 sonum
2193 5404 2474 5457 verborum
2511 5406 2663 5474 111
2692 5402 2771 5455 vel
2811 5399 3150 5473 efficientium
3203 5397 3380 5467 operis
3422 5410 3560 5451 sen-

2050 5603 2171 5659 150.
2237 5606 2313 5659 De
2366 5604 2722 5668 arithmetica,
2777 5604 3097 5674 geometria,
3155 5605 3381 5668 musica,
3419 5610 3551 5669 etc..

1976 5676 2453 5731 uberiuslsidorns
2479 5676 2587 5745 agit
2636 5676 2687 5729 in
2737 5675 2885 5729 libris
2942 5674 3421 5745 Etytnologiarum,
3458 5677 3545 5735 ubi

1978 5756 2288 5818 opportuna:
2320 5759 2459 5803 nota:
2486 5744 2598 5803 suis
2622 5746 2749 5804 locis
2782 5747 3123 5805 adhibentur.
3157 5746 3329 5801 Ansv.
