4108 6178
566 330 639 385 95
1260 396 1279 407 χ
1613 329 1672 387 S.
1713 328 1962 385 ISIDORI
2006 328 2444 386 HISPALENSIS
2489 327 2788 387 EPISCOPI
3782 342 3850 398 9t;

571 456 788 519 matur,
814 451 1109 521 corporalis
1152 451 1319 521 magis
1363 450 1566 504 luxuria
1597 465 1756 520 quam
1780 452 1953 505 virtus
1981 465 2159 505 sacra-
2188 454 2233 508 Λ
2269 451 2542 519 temporis,
2564 462 2843 521 antequam
2872 453 2994 522 quid
3018 456 3249 522 eveniat,
3285 467 3457 512 metus
3484 473 3533 513 et
3565 464 3847 534 cupiditas;

574 556 875 600 memorum
906 543 1182 612 accipitur.

644 654 765 712 156.
803 657 1029 712 Deliuito
1060 655 1357 725 prudentiae
1386 671 1601 725 genere,
1634 673 1771 713 nunc
1805 666 1984 728 partes
2004 657 2161 726 justi-

574 749 661 802 tim
690 749 1057 814 subjiciamus,
1089 746 1239 816 cujus
1272 747 1496 813 primum
1528 757 1609 801 est
1639 748 1803 803 Deum
1836 748 2042 814 timere,
2079 765 2163 803 re-

578 841 825 909 ligionem
861 840 1137 902 venerari,
1170 841 1430 893 honorem
1464 842 1661 895 referre
1693 841 2034 908 parentibus,
2075 859 2164 909 pa-

576 935 728 983 triam
752 933 991 1002 diligere,
1013 934 1219 987 cunctis
1245 933 1517 998 prodesse,
1538 950 1729 989 nocere
1754 936 1905 1000 nulli,
1932 936 2160 990 fraterna

574 1024 851 1077 charitritis
883 1023 1089 1074 vincula
1114 1026 1387 1092 amplecti,
1414 1027 1641 1093 pericula
1673 1027 1841 1080 aliena
1866 1028 2162 1096 suscipere,

574 1128 728 1177 νιν-111
764 1114 901 1168 terre
930 1113 1137 1166 miseris
1167 1156 1180 1178 ,
1232 1116 1352 1167 honi‘
1384 1116 1589 1185 accepti
1618 1117 2046 1173 vicissitudinem
2081 1134 2165 1173 re-

575 1201 827 1267 pendere,
861 1206 1160 1271 :i-quitatem
1187 1204 1238 1256 in
1257 1204 1473 1273 judiciis
1501 1220 1845 1260 conservare.

650 1314 773 1370 157.
812 1315 1088 1370 Fortitudo
1118 1328 1196 1371 est
1224 1318 1386 1370 animi
1420 1320 1756 1388 magnitudo,
1800 1330 1959 1387 atque
1997 1320 2163 1390 gloria

579 1406 783 1460 bellica:
817 1408 1043 1473 virtutis,
1075 1421 1413 1477 contemptus
1446 1413 1704 1465 bonarum
1750 1422 1801 1465 61
1838 1412 2163 1470 divitiarum.

580 1495 707 1548 1111³6
729 1496 965 1549 adversis
988 1507 1077 1550 aut
1110 1500 1371 1566 patienter
1397 1500 1556 1563 cedit,
1584 1511 1673 1554 ant
1701 1501 1911 1555 fortiter
1943 1504 2163 1569 resistit,

580 1586 738 1638 nullis
759 1587 1031 1640 emollitur
1055 1588 1340 1656 illecebris,
1364 1591 1601 1645 adversis
1627 1608 1729 1647 non
1755 1594 2031 1665 frangitur,
2062 1612 2165 1649 non

579 1678 820 1731 elevatur
858 1680 1140 1745 secundis,
1174 1682 1365 1735 invicta
1410 1683 1578 1736 estad
1613 1684 1856 1751 labores,
1900 1684 2055 1740 fortis
2100 1688 2165 1740 ad

582 1752 851 1835 pericula,
885 1773 1161 1835 pecuniam
1191 1773 1431 1842 negligit,
1465 1776 1740 1829 avaritiam
1769 1776 1933 1843 fugit,
1979 1790 2163 1831 contra

2266 540 2365 593 alia
2409 541 2517 595 duo
2566 544 2837 611 pra:teriti,
2890 560 3013 599 cum
3053 548 3177 616 quid
3207 549 3482 616 acciderit,
3524 553 3772 621 gaudium
3796 565 3853 613 et

2266 632 2441 687 dolor.

2342 745 2462 800 161.
2495 745 2627 799 0610
2649 755 2773 801 sunt
2789 757 2965 803 autem
2991 749 3243 816 perfecta,
3267 753 3351 808 vel
3374 754 3680 825 principalia
3702 760 3853 831 vitia,

2268 852 2384 904 qui»
2403 852 2562 890 omne
2578 852 2743 905 genus
2770 840 3055 894 humanum
3080 842 3393 911 inquietant,
3412 862 3472 900 ex
3499 848 3692 917 quibus
3715 852 3857 906 vitio-

2270 941 2385 979 rum
2413 927 2562 980 tnrba
2587 928 2823 981 exoritur
2845 931 3079 997 copiosa,
3101 931 3153 984 id
3172 942 3255 986 est
3275 950 3285 985 :
3313 936 3449 1002 gulze
3471 940 3855 1007 concupiscen-

2269 1018 2360 1081 tia,
2390 1016 2665 1071 foinicatio
2688 1059 2702 1082 ,
2735 1021 2990 1086 avaritia,
3023 1023 3250 1088 invidia,
3278 1026 3508 1091 trisutia,
3544 1028 3648 1095 ira,
3682 1032 3854 1087 inanis

2267 1110 2453 1179 gloria,
2471 1111 2756 1167 novissima
2776 1114 2878 1166 dux
2903 1115 3015 1181 ipsa
3039 1126 3089 1169 et
3112 1116 3297 1170 harum
3319 1120 3463 1173 radix
3480 1124 3749 1191 superbia.
3772 1124 3853 1178 Ex

2270 1203 2462 1269 quibus
2487 1206 2736 1257 omnibus
2758 1206 2863 1258 duo
2887 1217 3009 1260 sunt
3032 1209 3287 1275 carnalia,
3308 1210 3588 1268 ἴθι-1116111111
3609 1225 3663 1270 61
3685 1216 3857 1285 inglu-

2270 1294 2380 1348 vies
2403 1298 2632 1361 ventris;
2657 1296 2858 1365 reliqua
2883 1299 3200 1365 spiritualil.

2342 1405 2465 1460 162.
2508 1408 2636 1475 Qua:
2676 1408 2887 1475 quidem
2928 1410 2979 1463 in
3023 1410 3277 1465 membris
3317 1413 3425 1466 suis
3468 1414 3642 1470 taliter
3672 1418 3858 1472 distin-

2272 1507 2520 1566 guuntur.
2549 1497 2699 1553 Gula:
2719 1503 3150 1569 concupiscentia
3187 1506 3236 1556 in
3268 1506 3500 1575 quinque
3528 1510 3699 1561 modis
3740 1510 3855 1563 dis-

2274 1589 2565 1655 tinguitur:
2600 1590 2771 1657 primo
2825 1592 3014 1657 modo,
3049 1594 3093 1646 si
3126 1605 3248 1648 ante
3301 1606 3510 1663 tempus
3547 1599 3691 1653 cibos
3739 1603 3862 1669 quis

2273 1691 2507 1747 appetat,
2538 1681 2674 1735 sicut
2703 1680 2966 1737 Jonathan
2999 1696 3153 1753 gustu
3192 1687 3363 1740 mellis
3387 1690 3644 1756 jejunium
3678 1693 3856 1747 solvit.

2277 1768 2523 1824 Secundo
2548 1772 2728 1836 modo,
2759 1776 2801 1827 si
2834 1775 3087 1830 lautiores
3111 1792 3263 1832 eseas
3289 1792 3510 1849 1111161111,
3535 1784 3673 1837 sicut
3697 1799 3862 1852 pupu«

581 1858 855 1927 improbos
884 1862 1118 1916 animum
1168 1864 1232 1915 ad
1280 1864 1508 1932 pericula
1565 1876 1865 1935 pra-parat,
1910 1869 2163 1924 molestiis

2279 1861 2382 1926 ius,
2409 1864 2574 1917 eremi
2606 1880 2795 1919 manna
2824 1878 3152 1936 contempto.
3186 1885 3375 1927 carnes
3405 1872 3685 1943 Egyptias
3733 1892 3865 1930 cnn-

579 1950 741 2004 nnllis
764 1952 927 2018 cedit,
957 1954 1136 2021 gloria:
1164 1964 1315 2008 cavet
1344 1955 1629 2023 appetitus.

650 2060 776 2116 158.
820 2065 1192 2133 Temperantia
1233 2075 1315 2121 est
1348 2068 1537 2121 modus
1581 2069 1701 2122 vita:
1731 2070 1784 2124 in
1831 2070 1976 2125 omni
2006 2072 2172 2126 verbo

582 2159 665 2211 vel
690 2172 875 2225 opere.
902 2157 942 2210 li
954 2173 1028 2212 acc
1054 2160 1388 2211 verecundia:
1411 2175 1594 2213 comes
1616 2170 1718 2228 est,
1750 2163 2064 2216 humilitatis
2088 2178 2173 2217 re-

583 2248 762 2317 gulam
790 2247 1059 2311 custodit,
1096 2249 1536 2317 tranquillitatem
1567 2249 1727 2303 animi
1760 2261 1971 2315 servat,
1999 2253 2175 2307 conti-

583 2342 816 2392 nentiam
846 2350 899 2394 et
920 2342 1220 2393 castitatem
1248 2343 1608 2408 amplectitur,
1638 2344 1781 2399 fovet
1812 2345 1974 2400 decus
1997 2356 2048 2399 et
2073 2347 2171 2401 ho-

584 2440 869 2495 nestatem,
897 2432 1170 2501 restringit
1200 2433 1408 2486 ratione
1437 2437 1753 2503 appetitum,
1781 2436 1915 2490 iram
1939 2440 2169 2506 compri-

585 2523 704 2586 Ittit,
738 2535 835 2575 nec
864 2522 1111 2588 repandit
1134 2525 1535 2578 contumeliam.
1570 2526 1675 2582 Sed
1697 2543 1761 2581 ex
1788 2530 1868 2582 Itis
1890 2530 2170 2597 prudentia

584 2616 853 2684 agnitione
875 2615 984 2668 veri
1017 2614 1336 2681 delectatur,
1362 2616 1570 2687 justitia
1608 2619 1950 2676 dilectionem
1993 2623 2089 2678 Dei
2117 2635 2173 2679 et

584 2707 809 2772 proximi
842 2715 1058 2769 servat,
1091 2704 1349 2761 fortitudo
1381 2711 1487 2762 vim
1513 2712 1723 2765 virtutis
1749 2713 1909 2768 habet
1945 2725 2169 2770 metum-

582 2810 688 2864 que
719 2798 903 2849 tnortis
927 2798 1244 2862 c0nteinnit,
1283 2804 1630 2867 temperantia
1654 2803 1963 2861 affectiones
1991 2810 2169 2863 carnis

583 2890 914 2956 inniteretur,
947 2900 1003 2943 et
1033 2890 1313 2962 restinguit
1344 2896 1655 2964 appetitum.
1710 2897 1882 2952 Prima
1913 2901 2087 2955 credit
2115 2910 2169 2955 et

581 2982 864 3054 intelligit,
893 2984 1127 3038 secunda
1153 2986 1326 3055 dligit
1353 3032 1369 3058 ,
1404 2989 1556 3044 tertia
1588 2995 1883 3060 appetitum
1913 2995 2167 3064 cohibet,

582 3084 767 3143 quarta
795 3074 1009 3129 modum
1040 3077 1282 3146 imponit.

1317 3193 1428 3248 XL.

842 3298 922 3352 De
953 3301 1365 3359 distinctionibus
1395 3315 1615 3374 quatuor
1644 3311 1906 3372 vitiorum.

654 3412 778 3469 159.
818 3413 1015 3470 Contra
1051 3418 1163 3472 lia'c
1194 3430 1368 3476 tamen
1397 3436 1625 3493 quatuor
1655 3427 1912 3483 virtutum
1944 3446 2164 3500 genera,

579 3506 798 3559 totidem
832 3509 954 3563 vitia
991 3512 1290 3581 philosophi
1318 3517 1560 3583 opposita
1590 3518 1814 3575 dicunt:
1848 3536 2045 3577 metum
2069 3567 2081 3587 ,
2113 3537 2167 3580 et

576 3597 824 3662 gaudium
854 3641 868 3664 ,
904 3601 1249 3665 cupiditatem
1278 3646 1292 3669 ,
1322 3614 1374 3658 et
1399 3607 1638 3660 dolorem
1667 3626 1680 3673 ;
1715 3626 1812 3664 nos
1843 3625 2020 3667 autem
2050 3615 2163 3670 ll;l'c

575 3685 687 3753 ipsa
717 3704 818 3741 nun
852 3693 1089 3758 perfecta
1125 3693 1246 3746 vitia
1273 3736 1288 3759 ,
1320 3695 1413 3749 sed
1452 3697 1625 3751 media
1658 3716 2025 3769 nuncupamus
2050 3747 2064 3771 ,
2097 3723 2163 3762 eo

575 3777 715 3844 quod
749 3791 964 3847 propter
991 3782 1352 3838 diversitatem
1389 3803 1596 3841 morum
1640 3790 1704 3842 ad
1739 3801 2022 3864 utrumque
2072 3813 2165 3865 pa-

578 3875 688 3917 rata
718 3879 836 3921 sunt
863 3910 879 3935 ,
911 3879 966 3923 ct
996 3871 1156 3923 modo
1186 3876 1249 3926 ad
1284 3874 1503 3941 bonum,
1535 3880 1692 3933 modo
1714 3884 1778 3936 ad
1810 3885 2033 3954 malum,
2069 3904 2165 3958 pro

574 3973 623 4010 at
642 3960 781 4013 liilrii
814 3961 1107 4026 voluntate,
1127 3976 1423 4020 vertuntur.
1449 3970 1537 4023 Sic
1562 3972 1702 4025 enim
1732 3977 2001 4031 nonnulla:
2026 3981 2164 4035 male

578 4063 687 4099 us:e
722 4053 939 4103 virtutes
963 4068 1026 4104 ex
1059 4066 1114 4104 se
1150 4056 1306 4124 112
1336 4057 1457 4109 vitia
1489 4059 1710 4128 gignunt
1748 4079 1760 4114 :
1811 4065 1970 4118 veluti
2005 4066 2050 4120 si
2091 4083 2158 4124 ex

576 4139 987 4193 mansuetudine
1010 4142 1273 4194 interdum
1305 4157 1555 4200 nascatur
1579 4160 1784 4219 torpor,
1809 4162 1944 4207 etezt
1971 4157 2163 4224 pietate

576 4228 859 4281 dissolutio
877 4232 1195 4299 dlSClpliltiP,
1220 4235 1298 4287 vel
1319 4250 1383 4289 ex
1405 4237 1601 4302 iustitia
1616 4245 1948 4297 crudelitatis
1976 4248 2165 4301 inuno-

571 4320 758 4371 derata
780 4321 1030 4374 vindicta.
1066 4324 1134 4376 Ita
1158 4328 1501 4392 quatuorista
1528 4368 1543 4393 ,
1569 4331 1611 4383 si
1637 4332 1771 4388 bene
1800 4346 2032 4405 utantur,
2059 4343 2163 4395 vir-

576 4419 713 4464 totes
755 4421 914 4477 sunt;
954 4414 1036 4467 sin
1066 4415 1260 4483 minus,
1284 4433 1348 4470 ex
1392 4420 1673 4477 virtutibus
1716 4424 1769 4480 111
1812 4426 1937 4483 vitia
1981 4440 2159 4488 trans-

572 4513 719 4556 eum.

646 4620 769 4676 itit).
817 4622 927 4679 lloc
955 4624 1111 4677 modo
1134 4625 1386 4696 denique,
1410 4644 1529 4683 cum
1563 4632 1788 4704 quisque
1818 4638 2008 4695 metuit
2037 4654 2161 4708 pcc-

570 4731 720 4777 care,
748 4717 830 4770 vel
865 4719 1006 4782 cupit
1038 4717 1326 4772 beatificari
1347 4764 1361 4786 ,
1387 4722 1531 4776 dolet
1556 4741 1652 4792 pro
1681 4731 1939 4796 peccatis,
1964 4735 2161 4799 gaudet

572 4808 626 4862 in
661 4808 817 4861 honis
844 4811 1129 4878 operibus,
1158 4810 1267 4879 jam
1296 4821 1405 4867 tum
1432 4815 1485 4868 hi
1518 4830 1693 4871 moms
1720 4861 1735 4886 ,
1761 4822 1848 4888 qui
1879 4823 1945 4874 ab
1976 4840 2159 4880 amore

571 4905 855 4971 studioque
887 4908 1181 4970 procellunt
1209 4945 1221 4968 ,
1260 4920 1355 4973 pro
1385 4908 1667 4965 virtutibus
1695 4913 2046 4981 accipiuntUr.
2092 4921 2159 4973 At

569 5005 778 5058 contra,
809 4993 935 5046 dum
965 4995 1190 5063 quisque
1222 5005 1363 5051 metu
1392 5002 1608 5054 Carcndi
1638 5018 1695 5056 re
1729 5004 1902 5073 aliqua
1944 5017 2154 5064 terrena

576 5092 809 5141 tenetur.
840 5086 923 5139 vel
948 5087 1127 5140 dolore
1152 5088 1361 5141 amissm
1392 5089 1468 5144 rei
1504 5093 1782 5162 frangitur,
1814 5097 2044 5167 dumque
2071 5116 2157 5154 re-

575 5190 689 5227 rum
715 5181 1084 5243 temporalium
1114 5181 1405 5247 cupiditate
1433 5183 1811 5254 inﬂammatur,
1845 5200 1936 5243 aut
1963 5194 2156 5260 gaudio

574 5267 781 5333 adeptae
836 5269 911 5322 rei
965 5274 1255 5333 extollitur,
1301 5284 1424 5329 tunc
1455 5292 1558 5330 non
1613 5281 1838 5335 virtutes
1880 5285 1972 5338 sed
2031 5302 2156 5341 vere

572 5358 699 5409 vitia
753 5372 1143 5428 nuncupantur.
1201 5362 1277 5416 Ex
1326 5364 1408 5417 his
1459 5375 1637 5421 autem
1687 5371 1794 5423 duo
1823 5386 1946 5427 sum
1989 5375 2152 5435 futuri

645 5510 767 5566 159.
801 5511 1070 5575 Virgilius,
1105 5514 1117 5567 1
1145 5516 1196 5567 11.
1224 5531 1273 5570 vt
1294 5515 1508 5571 [EneiiL
1540 5534 1679 5574 vers.
1714 5520 1817 5575 735
1846 5538 1859 5573 :
1891 5522 2023 5576 llinc
2050 5543 2151 5581 me-

578 5593 744 5657 tuunt,
769 5586 1092 5657 cupiuntque,
1115 5586 1309 5653 dolent,
1326 5588 1666 5657 gaudentque.
1693 5590 1917 5646 Verbum
1950 5610 2157 5650 utantur

576 5654 781 5723 passiva
809 5656 1190 5718 ~tgtiiliratioue
1211 5654 1508 5713 adhibetur.
1540 5654 1709 5715 dum.

652 5725 770 5796 itit.
806 5723 880 5778 De
910 5723 1162 5796 hisgvitiis
1194 5726 1575 5796 principalibus
1610 5732 1777 5786 fusius
1801 5732 1893 5787 lilt.
1942 5749 1977 5789 ll
2011 5736 2147 5791 Sen-

575 5793 813 5863 temian,
838 5809 955 5866 cap.
988 5794 1056 5851 58
1085 5809 1260 5866 seqq.,
1308 5793 1397 5855 ubi
1432 5802 1598 5859 videri
1654 5814 1873 5874 possunt
1922 5808 2147 5864 erudita:

2187 4581 2240 4641 D

2274 1953 2495 2019 cupivit.
2535 1954 2720 2010 Tertio
2769 1958 2947 2021 modo,
2981 1962 3024 2013 si
3056 1961 3365 2032 diligentius
3395 1970 3669 2035 quisquam
3704 1983 3857 2023 com-

2276 2058 2464 2096 munes
2503 2046 2653 2099 cibos
2696 2059 2968 2117 procuret,
3002 2052 3137 2107 sicut
3170 2054 3261 2108 filii
3306 2056 3419 2110 lleli
3463 2069 3609 2111 extra
3655 2076 3858 2115 morem

2272 2137 2491 2190 crudam
2536 2138 2602 2192 ab
2645 2141 2986 2196 olferrntibus
3015 2159 3228 2199 carnem
3261 2148 3536 2215 tollebant,
3570 2166 3725 2220 quam
3758 2155 3862 2208 sibi

2273 2230 2573 2283 accuratius
2602 2243 2982 2300 praepararent.
3016 2235 3216 2303 Quarto
3246 2240 3402 2293 modo
3422 2285 3435 2304 ,
3469 2244 3511 2295 si
3550 2244 3680 2299 viles
3711 2260 3864 2301 escas

2274 2322 2494 2376 nimium
2526 2324 2749 2392 quisque
2779 2336 2974 2379 sumat.
3021 2327 3172 2382 Unde
3199 2339 3251 2383 et
3282 2331 3538 2399 proplteza
3572 2334 3862 2392 Soilnmam

2273 2414 2341 2468 de
2380 2415 2529 2481 panis
2554 2418 2834 2471 saturitate
2862 2430 3093 2472 accusat.
3126 2420 3320 2488 Quinto
3350 2426 3540 2490 modo,
3570 2430 3612 2480 si
3643 2429 3760 2497 quis
3796 2447 3864 2485 ex

2272 2504 2539 2559 desiderio
2581 2505 2932 2577 quodcunque
2980 2519 3186 2578 sumat,
3218 2514 3354 2567 sicut
3388 2514 3523 2567 Esau
3556 2532 3651 2585 pro
3696 2520 3859 2574 lenti-

2270 2598 2405 2652 cula:
2435 2603 2860 2671 concupiscentia
2892 2606 3122 2675 perdidit
3153 2608 3500 2679 primogenita
3533 2628 3647 2666 sua.

2345 2711 2467 2766 165.
2512 2713 2813 2770 Fornicatio
2844 2734 3054 2788 quoque
3088 2721 3320 2777 trimodo
3363 2739 3559 2793 genere
3598 2728 3866 2784 discerni-

2273 2814 2377 2857 tur.
2404 2805 2582 2859 Primo
2602 2808 2842 2874 quidem,
2865 2810 2991 2864 dum
3018 2828 3108 2875 per
3127 2815 3446 2883 voluptatem
3470 2819 3687 2872 luxurise
3710 2836 3863 2875 com-

2275 2898 2453 2951 mistio
2484 2900 2660 2954 carnis
2682 2904 2954 2971 expletur;
2980 2907 3169 2972 altero,
3198 2909 3322 2961 dum
3345 2911 3460 2964 sola
3482 2915 3861 2969 attrectatione

2272 2988 2428 3043 luxus
2481 2991 2659 3044 carnis
2713 3007 2807 3060 per
2856 2995 3243 3053 immunditiam
3301 3014 3646 3068 provocatur;
3700 3008 3861 3077 113

2276 3084 2436 3137 tertio
2464 3126 2476 3145 ,
2508 3085 2631 3138 dum
2664 3085 2961 3142 intentione
2998 3092 3165 3158 turpis
3204 3096 3538 3161 rogitationis
3585 3112 3846 3155 nocturna

2197 3202 2246 3266 ο
2278 3175 2501 3245 quisque
2532 3177 2780 3233 illusione
2824 3180 3097 3247 polluitur.
3147 3183 3243 3238 Est
3289 3195 3343 3239 et
3386 3200 3634 3257 quartum
3682 3208 3857 3263 genus

2278 3270 2648 3323 fornicationis
2674 3271 2822 3339 juxta
2859 3272 3189 3341 Scripturattt
3212 3316 3226 3340 ,
3256 3280 3454 3345 omnis,
3486 3283 3719 3348 scilicet,
3750 3287 3857 3341 1111-

2272 3363 2376 3417 cita
2408 3365 2679 3432 ciirruptio
2710 3365 2902 3421 mentis
2925 3409 2940 3432 ,
2976 3367 3117 3421 sicut
3145 3369 3448 3425 idololatria
3488 3383 3541 3426 et
3582 3378 3804 3432 avaritia
3831 3419 3848 3443 ,

2271 3470 2333 3508 ex
2363 3454 2554 3523 quibus
2578 3454 2631 3508 fit
2656 3459 3024 3525 praevaricatio
3054 3460 3184 3530 legis
3216 3472 3433 3532 propter
3459 3463 3691 3519 illicitain
3714 3482 3853 3522 con-

2270 3545 2670 3613 cupiscentiam.

2343 3658 2468 3716 164.
2512 3658 2679 3715 Porro
2705 3662 2921 3717 avaritia
2961 3664 3013 3718 in
3054 3667 3318 3736 geminam
3368 3668 3865 3743 disdnguiturpm-

2270 3767 2421 3816 nam,
2456 3752 2506 3807 id
2534 3762 2617 3806 est
2646 3755 2697 3807 in
2727 3756 3211 3825 concupiscentiam
3243 3762 3498 3828 augendae
3549 3764 3656 3828 rei,
3705 3775 3752 3819 et
3802 3766 3859 3822 in

2268 3854 2470 3897 metum
2518 3843 2597 3898 rei
2647 3846 2910 3900 ciirendzc.
2957 3848 3106 3902 Sicut
3140 3850 3299 3903 etiam
3342 3852 3554 3919 quidam
3585 3854 3658 3907 ait
3691 3873 3705 3909 :
3737 3854 3861 3911 Non

2266 3934 2410 3988 enim
2462 3950 2695 4004 unquam
2747 3938 2995 4006 expletur
3049 3954 3222 4008 neque
3276 3940 3498 3995 satiatur
3547 3945 3861 4011 cupiditatis

2266 4026 2400 4080 sitis.
2438 4026 2618 4096 Neque
2654 4028 2825 4083 solum
2876 4043 2938 4084 ea
2984 4044 3100 4099 quae
3156 4030 3352 4085 habent
3399 4047 3586 4088 amore
3627 4036 3861 4105 augendi

2265 4120 2659 4186 excruciantur,
2695 4120 2788 4174 sed
2815 4121 2980 4176 etiam
3011 4122 3286 4176 amittendi
3318 4132 3484 4178 metu.

2341 4232 2463 4287 165.
2506 4234 2622 4303 Ipsa
2648 4249 2863 4303 quoque
2891 4232 3092 4287 invidia
3120 4235 3317 4303 duplici
3350 4237 3582 4292 afficitur
3614 4238 3857 4304 ﬂamma,

2265 4325 2315 4380 id
2349 4336 2431 4381 cst
2454 4366 2470 4390 ,
2515 4343 2634 4380 cum
2663 4336 2754 4380 aut
2783 4326 2990 4381 meliori
3022 4328 3223 4381 invidet
3254 4330 3304 4381 in
3344 4330 3392 4381 id
3427 4331 3565 4397 quod
3599 4332 3711 4400 ipse
3741 4348 3855 4388 111111

2263 4428 2382 4481 est,
2417 4428 2507 4470 aut
2537 4418 2661 4471 dum
2693 4417 2985 4487 quemlibet
3014 4418 3348 4473 consimilem
3377 4434 3495 4476 esse
3535 4424 3634 4477 sibi
3671 4439 3854 4493 aequa-

2264 4511 2367 4565 lem
2397 4509 2560 4565 dolet.

2341 4624 2461 4681 166.
2496 4624 2747 4693 Sequitur
2795 4624 3004 4679 tristitia
3033 4666 3048 4691 ,
3096 4625 3248 4694 cujus
3292 4625 3386 4679 tria
3437 4636 3564 4681 sunt
3608 4643 3803 4697 genera
3834 4671 3853 4695 ,

2263 4736 2485 4789 quarum
2520 4719 2709 4786 prima,
2742 4726 2801 4771 ut
2825 4719 2899 4771 ait
2927 4717 3210 4771 Cassnanus
3236 4760 3250 4784 ,
3275 4728 3564 4788 temperata
3598 4729 3652 4774 et
3681 4722 3857 4776 ratio-

2246 4810 2477 4874 nabilis,
2521 4811 2587 4864 de
2619 4810 2933 4863 delictorum
2986 4809 3314 4877 ptenitudine
3367 4812 3620 4877 veniens;
3679 4815 3857 4868 altera

2263 4903 2591 4972 perturbata,
2649 4903 3048 4968 irrationabilis,
3080 4903 3147 4956 de
3198 4905 3463 4959 anxietate
3512 4908 3706 4959 mentis
3751 4922 3856 4962 seu

2261 4994 2629 5062 desperatione
2662 5003 2995 5062 peccatorum
3026 4995 3307 5058 exoriens;
3337 4996 3491 5048 tertia
3522 4997 3589 5050 de
3631 4998 3855 5050 iracun—

2263 5084 2371 5150 dia,
2417 5087 2496 5139 vel
2540 5087 2607 5140 de
2661 5087 2808 5140 illato
2840 5086 3068 5151 damno,
3104 5086 3184 5140 vel
3233 5086 3498 5140 desiderio
3553 5089 3856 5158 pricpeditu

2265 5181 2578 5246 procedens.

2336 5287 2456 5345 167.
2507 5287 2621 5343 111111
2654 5303 2779 5342 vero
2811 5287 2982 5341 inanis
3008 5288 3171 5356 gloria
3202 5289 3637 5356 quailripartitam
3688 5292 3856 5346 1111161

2256 5381 2586 5450 jactantiam.
2616 5378 2747 5433 Nam
2778 5388 2901 5432 sunt
2942 5380 3031 5449 qui
3076 5379 3271 5434 habent
3301 5381 3439 5435 dona
3475 5394 3526 5435 et
3557 5384 3854 5439 donanlrm

2260 5534 2568 5599 etcopiose
2619 5540 2757 5586 noue.
2782 5532 3004 5585 Lnaisze.
3036 5536 3202 5587 AREV.

2333 5602 2456 5658 167.
2493 5602 2592 5656 [³11-
2615 5613 2881 5656 tumorem.
2920 5604 3133 5658 l'hrosis
3161 5614 3244 5660 est
3276 5605 3389 5663 haec
3438 5608 3846 5664 ecclesiastico-

2258 5691 2373 5728 rum
2406 5688 2752 5752 scriptorum,
2780 5683 2834 5725 ut
2880 5677 3185 5752 superbiam
3220 5685 3481 5733 tumorem
3535 5680 3847 5752 appeliettt,

2255 5747 2375 5815 quia
2397 5760 2543 5817 super
2560 5746 2607 5802 bi
2628 5755 2849 5802 tument.
2880 5751 3047 5799 Auev.
