4104 6172
274 252 382 308 105

1180 244 1583 301 Αιιεςοιιιιε
1624 244 1939 313 QUIEDAM
1980 240 2391 300 SCRIPTUIUE
2432 241 2698 297 SACllxﬁ.

3463 247 3557 301 IOG

344 363 441 422 25.
483 363 643 427 Esau,
676 362 920 433 hispidus
949 370 1110 429 atque
1154 361 1304 416 rufus
1334 360 1541 429 (Cenes.
1580 361 1727 427 μιν),
1770 375 1873 429 po-
1908 363 1951 421 Λ
2049 357 2139 410 54.
2171 357 2318 411 Filia:
2348 357 2464 425 ejus
2500 356 2618 410 dure
2645 356 2849 428 (Cenes.
2878 356 2989 425 six)
3022 356 3316 413 Samariam
3356 361 3566 429 signiﬁ-

270 459 437 529 pulus
462 462 546 511 est
563 454 897 519 Judamrum,
930 454 984 508 in
1012 451 1284 508 Christum
1307 462 1361 509 et
1395 454 1680 522 prOphetas
1713 452 1872 521 impia

272 550 657 621 persecutione
715 546 1075 615 sanguineus,
1132 556 1187 601 et
1246 546 1443 600 indicio
1504 545 1690 614 pilosas
1744 546 1877 597 cutis

277 643 520 713 tegmine
549 649 890 709 peccatorum
924 636 1227 691 horribilis.

350 735 447 789 26.
488 732 655 788 Jacob
684 741 861 786 autem
886 728 1079 799 (Ibid.)
1105 729 1373 782 Christum
1396 727 1745 791 demonstrat,
1768 728 1879 782 sive

275 825 545 894 populum
584 823 846 893 gentium,
879 822 967 889 qui
1014 821 1103 874 Dei
1141 819 1313 874 Patris
1342 818 1714 875 benedictione
1745 834 1881 887 prte-

279 918 430 972 latus
461 928 545 971 est
574 914 738 984 priori
771 914 963 981 populo
990 910 1324 965 .luclteoruin.

358 1009 456 1062 Ξῖ.
498 1006 677 1062 Laban
711 1006 843 1074 legis
872 1014 927 1058 et
954 1002 1151 1057 diaboli
1182 1000 1368 1055 habuit
1410 1010 1615 1072 typum,
1644 1017 1707 1054 ex
1731 1004 1883 1069 cujus

278 1113 521 1167 Corpore
542 1095 834 1162 assumpsit
859 1093 960 1147 sibi
990 1092 1232 1146 Christus
1257 1091 1387 1145 duas
1408 1090 1681 1161 conjuges,
1714 1091 1883 1160 plebis

282 1190 500 1243 scilicet
524 1185 951 1245 eircumcisionis
975 1192 1029 1237 et
1048 1183 1309 1251 gentium.

362 1279 459 1334 28.
504 1279 594 1331 Lia
638 1278 936 1348 Synagogze
981 1276 1199 1345 ﬁguram
1238 1272 1440 1341 habuit,
1495 1287 1612 1341 quae
1660 1272 1886 1326 inﬁrmis

289 1371 471 1426 oculis
494 1367 674 1421 cordis
700 1376 1033 1420 sacramenta
1069 1364 1163 1417 Dei
1192 1363 1455 1432 speculari
1486 1378 1589 1416 non
1624 1363 1813 1429 potuit.

367 1459 465 1514 29.
508 1456 707 1511 Rachel
732 1471 858 1511 vero
886 1456 1028 1509 clara
1059 1465 1275 1523 aspectu
1315 1454 1570 1508 Ecclesia:
1597 1464 1779 1523 typum
1805 1461 1881 1507 te-

291 1554 462 1615 nuit,
522 1564 642 1619 quas
688 1544 1154 1617 contemplationis
1210 1545 1324 1600 acie
1377 1544 1577 1599 Christi
1636 1545 1887 1614 mysteria

292 1644 493 1697 cernit.
542 1677 549 1683 ρ

1982 454 2105 503 cant
2134 460 2185 501 et
2216 447 2536 513 Jerusalem,
2560 463 2677 516 qua:
2708 449 3039 502 fornicantur
3069 450 3119 502 in
3153 450 3270 521 lege
3302 466 3393 520 per
3414 452 3569 506 adul-

1983 543 2174 594 terium
2207 540 2404 594 illicita:
2429 538 2711 594 doctrinm.

2052 633 2140 687 ‘55.
2184 632 2370 686 Ruben
2402 630 2611 703 (Genes.
2649 631 3208 701 xxx1)primogenitus
3245 633 3567 700 interpreta-

1986 735 2069 778 tur
2100 724 2319 779 visionis
2344 724 2517 788 ﬁlius;
2546 725 2796 794 populum
2828 724 3074 795 ﬁguravit
3096 726 3184 794 qui
3228 727 3448 781 violavit
3476 742 3568 781 cu-

1986 818 2091 872 bile
2121 817 2217 871 Dei
2255 816 2461 881 Patris,
2512 817 2724 885 quando
2755 830 2970 869 carnein
3001 832 3159 886 quam
3184 818 3287 873 sibi
3326 820 3571 874 Christus

1986 906 2349 973 desponderat
2378 906 2598 959 conﬁxit
2629 906 2679 957 in
2712 905 2947 973 patibulo
2977 908 3172 964 erucis.

2057 997 2150 1053 56.
2193 998 2410 1053 Simeon
2463 997 2666 1057 scribas
2707 996 2949 1064 designat
2994 996 3330 1060 Judzeorum,
3377 998 3467 1067 qui
3520 999 3571 1052 in

1989 1087 2169 1143 furore
2216 1102 2315 1142 suo
2358 1088 2674 1141 occiderunt
2718 1088 3043 1155 prophetas,
3076 1096 3131 1141 et
3172 1088 3221 1140 in
3255 1088 3444 1142 dolore
3473 1103 3572 1142 suo

1990 1180 2323 1234 sull'oderunt
2349 1179 2538 1231 lixuris
2558 1179 2828 1233 clavorum
2868 1177 3135 1232 Christum
3158 1222 3172 1239 ,
3202 1179 3567 1233 ﬁrmissimum

1991 1287 2236 1339 murum,
2280 1271 2334 1325 in
2380 1287 2486 1342 quo
2533 1270 2815 1325 credentes
2864 1271 3039 1325 stabili
3085 1271 3280 1327 robore
3334 1287 3577 1327 commu-

1993 1367 2229 1419 niuntur.

2067 1455 2223 1527 124
2258 1454 2345 1508 57.
2389 1453 2512 1508 Levi
2542 1463 2595 1509 et
2626 1462 2811 1507 auctor
2840 1462 2894 1507 et
2944 1453 3110 1522 ﬁgura
3155 1465 3237 1508 est
3279 1454 3578 1524 principum

1992 1551 2328 1603 sacerdotum
2361 1549 2447 1615 qui
2480 1548 2747 1602 Christum
2780 1546 3183 1601 cruciﬁserunt.

2064 1639 2151 1694 58.
2176 1638 2341 1693 Judas
2364 1637 2625 1709 signiﬁcat
2643 1635 2935 1702 Christum,
2953 1636 3039 1707 qui
3072 1637 3123 1691 in
3148 1636 3307 1691 cubili
3330 1637 3584 1705 sepulcri,

367 1734 464 1787 50.
511 1732 617 1795 \‘ir,
651 1731 739 1799 qui
767 1744 888 1784 cum
912 1729 1076 1783 Jacob
1103 1729 1298 1783 luctam
1324 1730 1461 1796 iniit,
1497 1726 1695 1784 Christi
1718 1741 1893 1784 certa-
1927 1734 1965 1792 Β
1996 1732 2146 1799 quasi
2196 1732 2300 1794 leo,
2346 1744 2599 1793 securus,
2630 1731 2869 1798 corporis
2898 1743 3089 1782 somno
3131 1728 3375 1799 victoque
3400 1731 3589 1783 mortis

298 1840 429 1877 men
460 1837 581 1875 cunt
622 1820 819 1890 populo
866 1820 1025 1873 Israel
1059 1819 1335 1890 ﬁguravit;
1384 1834 1506 1873 nam
1550 1819 1687 1872 sicut
1730 1819 1895 1874 Jacob

297 1912 628 1967 claudicavit
667 1910 719 1964 in
761 1909 1080 1975 certamine,
1129 1910 1203 1963 ita
1242 1909 1410 1965 Judaei
1465 1910 1899 1965 claudicaverunt

308 1998 413 2058 ﬁde
441 2004 494 2058 in
524 2002 735 2057 Domini
768 2002 1037 2070 passione.

384 2096 541 2167 123
566 2094 655 2147 51.
685 2094 783 2147 Lot
808 2091 1016 2163 (Genes.
1040 2091 1153 2160 xxx)
1188 2100 1368 2162 typum
1394 2091 1575 2146 ltahuit
1597 2101 1902 2146 sanctorum

313 2189 408 2258 qui
434 2188 486 2241 in
508 2186 616 2241 line
644 2184 830 2239 saculi
850 2184 918 2238 ab
940 2183 1224 2253 impiorum
1249 2184 1495 2239 incendio
1519 2183 1902 2239 liberabuntur.

382 2278 475 2333 52.
517 2277 665 2333 Uxor
696 2277 795 2331 Lot
823 2273 1017 2347 (Ibid)
1047 2290 1233 2331 eorum
1260 2277 1433 2329 tenuit
1466 2285 1646 2347 typum
1673 2276 1788 2347 qui,
1814 2291 1907 2345 per

309 2370 538 2439 gratiam
568 2366 663 2421 Dei
686 2366 883 2425 vocati,
910 2365 1245 2433 postmodum
1269 2373 1412 2420 retro
1440 2365 1752 2433 restiiciunt.

384 2461 479 2518 53.
513 2458 924 2527 Consequenter
954 2459 1068 2527 ipse
1093 2458 1193 2513 Lot
1220 2459 1347 2528 legis
1372 2462 1598 2527 gestavit
1627 2474 1908 2528 personam

314 2553 384 2605 de
407 2568 515 2621 qua
541 2549 875 2605 inﬁdelitatis
901 2564 1061 2615 opera
1094 2550 1303 2617 pariunt
1326 2552 1413 2620 qui
1437 2564 1497 2605 ea
1523 2550 1723 2604 carnali
1755 2552 1911 2606 intel-

318 2646 463 2701 lectu
487 2655 718 2699 utuntur
750 2642 913 2713 (Vide
937 2659 1047 2697 var.
1070 2644 1240 2712 lect.).

390 2798 483 2851 25.
530 2798 670 2850 Esau
690 2796 945 2865 hispidus.
979 2795 1273 2850 Emettdate
1327 2796 1579 2863 scriptum
1618 2806 1701 2851 est
1738 2798 1788 2853 in
1821 2797 1919 2854 lib.

319 2884 425 2921 lllS.
482 2866 655 2932 Impia
690 2870 1038 2934 persecutione
1072 2867 1401 2936 sanguineus,
1427 2869 1617 2922 vitiose
1640 2880 1817 2923 autem
1866 2872 1917 2923 in

320 2942 523 3006 |mpr.:
578 2937 751 3006 Impia
805 2938 1153 3007 persecutione
1198 2938 1488 3008 sanguinis.
1536 2938 1701 2992 Porro
1760 2941 1917 3003 Esau,

321 3010 468 3077 quod
511 3016 655 3061 totus
685 3011 737 3062 in
771 3023 975 3062 mtirem
1001 3008 1156 3077 pellis
1216 3007 1456 3075 hispidus
1481 3018 1636 3063 natus
1666 3009 1752 3071 sit,
1780 3010 1916 3066 Gen.

322 3076 451 3143 in,
485 3079 606 3133 Scir
636 3088 718 3133 est
742 3079 1063 3147 appellatus.
1094 3076 1343 3151 Nzim‘cur
1373 3081 1541 3151 Edoni
1574 3090 1797 3134 vocatus
1821 3084 1913 3151 sit,

322 3151 551 3203 disertis
573 3151 753 3203 verbis
781 3152 976 3202 docent
1005 3162 1172 3201 sacrae
1223 3148 1435 3214 litterzr,
1465 3149 1599 3202 Cen.
1623 3164 1673 3203 c.
1703 3148 1913 3206 eodem.

2003 1823 2247 1891 imperio,
2280 1829 2401 1889 post
2429 1821 2663 1875 triduum
2684 1820 2993 1876 resurrexit.

2076 1913 2165 1967 59.
2208 1912 2455 1967 Issachar
2477 1912 2733 1965 Ecclesia:
2764 1912 2932 1966 tenuit
2974 1920 3182 1981 typum,
3216 1925 3333 1979 qua:
3360 1910 3593 1979 subjecit.

2010 2007 2290 2060 humerum
2320 2021 2477 2060 suum
2508 2005 2574 2059 ad
2606 2006 2782 2059 crucis
2811 2020 2947 2059 onus
2977 2004 3315 2073 portandum.

2078 2095 2419 2150 £0.Z-.ibulon
2446 2094 2689 2150 eamdem
2715 2095 2979 2164 signiﬁcat
3004 2095 3317 2161 Ecclesium,
3342 2110 3482 2164 qutc,
3506 2110 3594 2150 se-

2012 2202 2106 2241 cus
2131 2188 2325 2241 ﬂuctus
2348 2186 2504 2255 hujus
2536 2188 2657 2240 vitae
2689 2186 3015 2253 inhabitans,
3043 2201 3230 2241 omnes
3262 2190 3588 2242 tentationcs

2014 2290 2068 2336 et
2092 2280 2329 2335 tuibines
2358 2280 2535 2334 smculi
2564 2288 2757 2349 portat.

2085 2373 2174 2427 4|.
2215 2370 2552 2441 Nephthalim
2585 2369 2834 2439 exprimit
2863 2385 3053 2424 omnes
3083 2380 3299 2424 sanctos
3330 2368 3590 2437 praidica-

2016 2470 2180 2528 tores,
2212 2462 2337 2531 qui,
2370 2462 2538 2516 instar
2582 2464 2727 2516 cervi
2758 2462 3143 2525 transilientes,
3172 2461 3237 2513 ad
3268 2475 3499 2529 superna
3529 2474 3589 2513 se

2015 2555 2264 2622 erigunt,
2315 2555 2625 2625 cunctisque
2686 2554 3029 2609 credentibus
3073 2552 3335 2609 doctrina:
3382 2553 3593 2623 eloquia

2021 2647 2325 2700 conferunt.

2031 2801 2125 2853 hoc
2147 2799 2379 2868 exemplo
2408 2803 2735 2854 condirentnr
2761 2800 3000 2867 affectus,
3031 2810 3078 2853 et
3106 2817 3266 2855 mores
3293 2802 3359 2855 ad
3381 2802 3602 2869 pruden-

2028 2876 2151 2923 tiam
2184 2872 2546 2939 formarentur,
2588 2887 2697 2939 qua!
2723 2872 2881 2925 elucet
2916 2872 2970 2923 in
2991 2871 3173 2925 divinis
3197 2873 3461 2941 praeceptis
3485 2888 3600 2926 cus-

2029 2942 2302 3003 todiendis,
2348 2956 2459 3007 qua:
2489 2942 2531 2993 si
2552 2951 2795 2995 servasset
2838 2957 2968 2993 uxor
2999 2941 3114 3002 Lot,
3146 2958 3247 2994 non
3281 2958 3462 3010 parum,
3511 2944 3599 2997 sed

2028 3011 2284 3082 profectus
2307 3013 2386 3063 sui
2408 3014 2689 3077 posteritati
2717 3012 3003 3078 exemplum
3030 3010 3332 3082 reliquisset.
3363 3012 3528 3067 Susa.

2101 3080 2189 3133 55.
2232 3080 2603 3153 Consequenler
2632 3082 2747 3135 Lat.
2792 3082 2843 3135 In
2876 3082 2966 3136 lib.
3008 3080 3162 3149 impr.
3205 3082 3399 3138 vitiose
3428 3084 3599 3153 scrip-

2031 3159 2140 3204 tum
2170 3161 2252 3207 est
2278 3168 2289 3203 :
2325 3152 2423 3215 Qui
2452 3152 2603 3203 etiam
2637 3167 2730 3217 pro
2757 3153 2843 3219 qui
2867 3154 3106 3219 ea,quod
3137 3162 3219 3207 est
3242 3153 3291 3206 in
3315 3166 3416 3207 ms.
3450 3152 3597 3208 Hanc

326 3220 471 3273 Disit
499 3221 644 3273 enim
672 3217 819 3291 fratri
842 3218 1009 3273 Jacob
1034 3234 1048 3273 :
1074 3219 1152 3269 Ua
1174 3218 1300 3270 mihi
1322 3218 1384 3271 de
1411 3220 1634 3273 coctione
1653 3220 1752 3272 hac
1780 3227 1920 3291 rufa,
1952 3218 1998 3277 C
2032 3232 2207 3276 autem
2254 3222 2629 3285 perobscuram
2678 3217 2995 3291 allegoriam
3016 3223 3093 3277 sic
3132 3224 3409 3288 perspicue
3440 3224 3602 3278 tradit

322 3292 448 3355 quia
481 3291 673 3359 Oppido
693 3288 873 3359 lassus
901 3305 1034 3353 sum,
1066 3304 1219 3358 quam
1270 3290 1331 3341 ob
1356 3305 1566 3341 causam
1595 3299 1828 3344 vocatum
1846 3288 1929 3346 est

326 3357 522 3412 nomen
542 3357 656 3431 ejus
678 3357 868 3411 Edam.
890 3360 993 3431 Sed
1023 3359 1171 3431 rufus
1199 3360 1358 3431 etiam
1386 3368 1541 3411 natus
1568 3368 1668 3423 est,
1694 3362 1760 3414 ad
1788 3364 1928 3430 quod

328 3431 524 3483 alludit
562 3427 851 3496 allegoria.
904 3430 1086 3496 Itaque
1136 3427 1389 3482 falluntur
1440 3431 1529 3495 qui
1577 3432 1699 3483 hinc
1734 3427 1927 3486 nomen

330 3500 508 3554 Edoni
538 3501 784 3554 sortitum
815 3514 937 3553 esse
968 3508 1173 3565 putant.
1206 3500 1498 3553 Eucherius
1534 3509 1714 3553 autem
1739 3513 1790 3554 et
1821 3502 1931 3555 llu-

333 3582 523 3639 pertus
564 3570 816 3623 similiter
858 3570 1101 3623 scribunt
1144 3570 1279 3621 Esau
1324 3569 1631 3622 Judteorum
1679 3573 1929 3637 populum

334 3642 711 3709 prasignasse,
735 3640 825 3707 qui
853 3640 1134 3694 Dominum
1160 3646 1214 3692 et
1240 3640 1526 3708 praphetas
1554 3642 1879 3706 occiderunt,
1915 3644 1932 3696 Ι

336 3711 506 3765 Thes.
539 3726 597 3762 ιι.
632 3710 797 3764 SUaa.

411 3782 507 3834 26.
563 3778 726 3832 Iacob
752 3778 1116 3833 autem.llanc
1162 3778 1467 3845 allegoriam
1528 3786 1715 3832 tractat
1771 3781 1930 3835 etiam

338 3853 530 3904 beatus
563 3854 895 3919 Augustinus
942 3848 994 3902 in
1031 3849 1123 3901 lib.
1155 3862 1285 3902 xvru
1308 3850 1374 3903 de
1400 3849 1561 3903 Civit.
1596 3849 1709 3917 Dei,
1741 3864 1791 3907 c.
1840 3854 1933 3906 57.

339 3924 508 3975 Susa.

415 3994 508 4045 50.
546 3988 645 4043 Vir
666 3991 753 4056 qui
782 4004 899 4041 cum
921 3986 1103 4041 Iacob.
1130 3988 1263 4042 Cum
1290 3988 1510 4057 angelus
1550 3988 1602 4042 in
1633 3988 1815 4057 specie
1840 3991 1937 4045 hu.

343 4074 506 4115 mana
537 4063 829 4113 luctaretur
858 4074 977 4112 cum
1008 4058 1190 4121 .laCob,
1222 4074 1363 4113 mm
1388 4059 1607 4119 Genes.,
1650 4059 1937 4131 videretque

341 4132 483 4201 quod
512 4146 630 4184 eum
657 4145 901 4199 superare
928 4145 1029 4201 non
1068 4140 1259 4201 posset,
1292 4131 1450 4201 tetigit
1477 4145 1684 4201 nervum
1728 4131 1936 4199 femoris

344 4199 483 4271 ejus,
508 4212 557 4254 et
589 4203 760 4253 statim
786 4200 1051 4253 emarcuit.
1086 4199 1149 4271 Et
1169 4200 1429 4271 benedixit
1450 4200 1494 4252 ei
1515 4204 1568 4252 in
1590 4200 1771 4271 eodem
1799 4203 1931 4258 loco.

345 4268 470 4337 Quo
494 4271 637 4324 circa
667 4276 924 4337 praetore
969 4268 1138 4337 inquit
1167 4270 1352 4324 beatus
1378 4270 1722 4338 Augustinus,
1756 4272 1807 4325 in
1838 4274 1931 4329 lib.

348 4358 437 4396 va
461 4342 533 4394 de
559 4341 717 4393 Civil.
750 4340 867 4403 Dei,
889 4353 939 4393 c.
961 4339 1029 4394 59
1055 4356 1067 4390 :
1103 4338 1227 4391 Erat
1251 4355 1385 4392 unus
1409 4353 1557 4408 a'que
1575 4341 1711 4392 idem
1732 4341 1935 4395 benedi-

346 4425 459 4465 ctus
481 4411 669 4473 Jacob,
693 4422 737 4463 et
758 4411 998 4475 claudus,
1027 4410 1316 4463 benedictus
1344 4410 1398 4461 in
1424 4410 1495 4462 eis
1525 4409 1612 4477 qui
1650 4426 1713 4463 ea;
1760 4414 1937 4467 eodem

348 4484 547 4553 papula
580 4483 634 4533 in
656 4481 927 4553 (Christum
966 4480 1309 4553 crediderunt,
1359 4490 1505 4553 atque
1542 4482 1595 4553 in
1643 4481 1935 4553 inﬁdelibus

349 4548 597 4615 claudus,
629 4552 691 4603 de
712 4550 895 4620 quibus
920 4550 1220 4618 prmdictum
1263 4559 1377 4620 est:
1409 4548 1474 4600 Et
1519 4548 1934 4607 claudicarerunt

350 4643 381 4675 α
411 4624 612 4676 semitis
647 4618 775 4674 suis.
806 4620 1032 4673 Causam
1059 4631 1233 4672 autem
1265 4618 1421 4687 hujus
1472 4620 1623 4673 lui-tte
1661 4622 1821 4676 luisse
1862 4625 1939 4678 ait

353 4695 777 4766 'lheoduretusj:
814 4689 881 4744 Ut
925 4690 1119 4742 timenti
1149 4688 1527 4766 fratrem-Esau
1549 4690 1791 4757 ﬁduciam
1816 4695 1941 4766 inji-

353 4774 510 4827 εντα,
561 4764 649 4827 qui
678 4764 828 4815 etiam
856 4777 907 4815 se
942 4763 1175 4828 superari
1217 4761 1278 4811 ab
1328 4760 1417 4814 illo
1472 4776 1648 4825 passus
1674 4771 1767 4814 est.
1803 4760 1879 4818 Αέ
1894 4767 1939 4820 εἰ

355 4837 593 4886 diceret:
636 4833 721 4885 Me
748 4832 929 4892 vicisti,
973 4842 1019 4883 et
1059 4832 1311 4883 hominem
1358 4832 1544 4882 vinces.
1568 4830 1732 4884 Susa.

431 4906 521 4959 3i.
569 4904 1121 4973 suariusconstanter
1166 4898 1540 4973 scr_ipsit_Lot.
1589 4915 1683 4968 pro
1718 4919 1820 4973 quo
1848 4906 1939 4961 alii

362 4977 566 5028 malunt
604 4973 752 5025 Loth.
795 4972 850 5025 In
885 4970 1102 5040 Vulgata
1127 4982 1206 5024 est
1234 4970 1348 5022 Lot.
1381 4971 1550 5024 Aaev.

434 5045 523 5098 52.
572 5042 717 5096 Uxor
747 5041 861 5095 Lot.
899 5042 1037 5093 ldem
1068 5056 1092 5093 s
1114 5041 1417 5109 guilicamm
1448 5054 1566 5095 esse
1593 5052 1788 5093 arcano
1813 5050 1935 5092 sen-

361 5131 446 5177 sii,
474 5129 601 5169 cum
638 5129 777 5167 uxor
823 5114 923 5167 Lot
950 5127 1100 5163 Versa
1125 5119 1207 5163 est
1238 5114 1285 5162 in
1310 5120 1536 5163 statuam
1566 5112 1722 5173 salis,
1753 5110 1939 5163 scribit

361 5189 510 5255 Orig.
546 5187 597 5238 in
641 5200 672 5234 ν
702 5198 751 5237 c.
794 5182 917 5255 Job.
953 5182 1060 5255 luto
1094 5182 1345 5234 Dominus
1366 5220 1379 5243 ,
1409 5182 1831 5255 l.uc._xvu,ﬂhoe
1862 5187 1938 5232 te-

366 5270 446 5309 Sta
460 5249 542 5309 ius
568 5266 672 5316 est,
702 5270 823 5307 cum
853 5253 923 5304 ait
956 5269 967 5304 :
1000 5250 1305 5304 Mementote
1334 5254 1507 5304 uxoris
1537 5251 1655 5303 Lot.
1680 5251 1796 5314 Quo
1820 5249 1937 5303 loco

367 5330 395 5379 Ἰ
415 5324 837 5396 heopbylaetus:
864 5319 1121 5396 Praeclare
1160 5322 1376 5396 (inquit)
1399 5322 1466 5396 ad
1497 5324 1783 5396 exentplum
1816 5335 1937 5396 ροετ

365 5389 605 5457 ιεηιαίἱιξ
629 5400 781 5463 quasi
808 5392 1057 5463 columna:
1074 5389 1370 5463 inscriptum
1392 5393 1547 5460 fuisse
1568 5389 1778 5455 malum,
1802 5389 1939 5463 quod

371 5468 462 5519 illa
755 5472 852 5515 est.
898 5459 1154 5537 Iosephus
1199 5459 1403 5531 quidem
1425 5503 1439 5527 ,
1480 5463 1709 5537 quitum
1735 5460 1939 5537 ‘multis

372 5530 564 5591 siccatis
578 5530 689 5605 fuit
712 5544 985 5603 posterior,
1017 5549 1066 5584 se
1087 5530 1220 5584 hanc
1237 5542 1462 5585 statuam
1488 5534 1673 5586 vidisse
1690 5531 1933 5605 affirmat.

374 5610 509 5663 Salis
545 5604 716 5660 autem
759 5614 1024 5673 propterea
1053 5605 1178 5670 fuit,
1211 5614 1320 5666 aut,
1362 5606 1601 5671 quoniam
1660 5604 1941 5669 prudentiae

374 5681 647 5749 symbclum
679 5677 761 5729 sal
790 5684 883 5735 est,
908 5683 955 5726 et
975 5673 1199 5726 ciborum
1231 5677 1625 5742 condimentum,
1652 5674 1940 5744 mortalium

775 5764 1048 5825 PATROL.
1091 5762 1442 5823 LXXXI".

2036 3292 2221 3344 beatus
2250 3293 2575 3360 Augustinus
2619 3307 2711 3357 pro
2741 3307 2834 3345 sua
2866 3293 3151 3346 excellenti
3192 3293 3413 3345 scientia
3449 3311 3462 3345 :
3512 3293 3607 3348 ιω

2032 3361 2125 3431 (ait
2155 3361 2242 3414 lib.
2267 3370 2532 3415 xsttcont.
2574 3361 2777 3429 Faust.)
2812 3364 2999 3431 futura:
3019 3363 3145 3432 legis
3172 3362 3369 3415 videtur
3390 3370 3608 3432 gestasse

2035 3447 2323 3502 personam,
2355 3448 2506 3502 quam
2537 3434 2765 3501 quidam,
2799 3448 2860 3485 ex
2886 3434 2975 3484 illo
3008 3433 3279 3500 procreati,
3305 3440 3365 3502 et
3389 3433 3480 3485 sub
3503 3433 3608 3502 legit

2032 3501 2221 3570 positi,
2275 3501 2785 3573 malerintelligendo
2836 3502 3213 3571 quodammodo
3269 3501 3606 3568 inebriantes,

2032 3583 2183 3637 atque
2215 3589 2312 3624 non
2344 3572 2562 3641 legitime
2584 3575 2798 3637 utendo,
2832 3573 3151 3639 infidelitatis
3192 3588 3344 3641 opera
3384 3574 3605 3639 pariunt.

2037 3642 2110 3695 De
2139 3651 2250 3695 toto
2277 3654 2454 3695 autem
2484 3644 2620 3695 iacto
2648 3643 2763 3711 ejus
2784 3652 2836 3696 et
2864 3644 3087 3695 liliarum
3120 3642 3260 3695 idem
3283 3642 3470 3696 scribit
3490 3657 3607 3697 eru-

2033 3711 2295 3764 ditissime
2325 3712 2374 3763 in
2405 3713 2591 3765 eodem
2618 3714 2773 3766 libro.
2804 3712 2971 3773 Susa,

2075 3781 2163 3834 55.
2209 3780 2387 3853 Ruben
2418 3784 2806 3853 primogenitns.
2848 3782 3141 3853 Emendate
3184 3780 3340 3834 estin
3374 3780 3467 3833 lib.
3492 3794 3608 3853 _ms.

2035 3851 2397 3920 desponderat,
2424 3851 2611 3905 vitiose
2632 3860 2807 3905 autem
2830 3853 2884 3904 in
2910 3852 3068 3913 lmpr.
3099 3853 3461 3920 speponderat.
3492 3851 3612 3905 Ideo

2037 3933 2212 3973 autem
2247 3922 2431 3974 Ituben
2454 3961 2469 3985 ,
2501 3921 2550 3972 id
2584 3930 2698 3984 est,
2728 3921 2948 3973 visionis
2982 3920 3126 3972 illius
3160 3936 3187 3970 a
3210 3929 3379 3973 matre
3409 3919 3496 3973 Lia
3529 3930 3613 3974 est

2036 3991 2355 4058 appellatus,
2390 3999 2445 4042 ut
2476 3989 2563 4041 lilii
2598 3990 2812 4044 nomine
2838 3990 3213 4043 admoneretur
3234 4004 3291 4043 se
3327 3989 3415 4043 Dei
3450 3991 3611 4044 bene-

2040 4064 2180 4123 licio,
2214 4060 2301 4128 qui
2335 4058 2453 4129 ejus
2484 4074 2735 4127 angorem
2768 4060 2993 4122 viderat,
3025 4060 3169 4113 illum
3197 4060 3464 4127 genuisse,
3492 4076 3611 4113 cum

2040 4144 2068 4182 a
2113 4129 2229 4182 viro
2266 4129 2657 4198 despiceretur,
2705 4130 2847 4185 unde
2878 4130 3104 4182 nominis
3132 4130 3509 4198 etymologiam
3533 4131 3616 4182 in-

2041 4210 2354 4267 terpretans,
2386 4200 2519 4252 dixit
2551 4217 2564 4253 :
2608 4198 2746 4255 Vidit
2778 4200 3027 4254 Dominus
3058 4199 3396 4252 humilitatem
3427 4215 3608 4264 meam,

2041 4268 2175 4324 Gen.
2203 4285 2346 4323 xxix.
2378 4272 2542 4325 Susa.
2596 4290 2609 4295 ο

2110 4339 2199 4411 56.
2265 4340 2714 4411 δὶιιιεοηίδενὶὺαι
2769 4340 3020 4411 designat.
3072 4338 3238 4411 Iacob
3286 4338 3619 4411 gravissimis

2040 4410 2219 4465 verbis
2245 4410 2531 4475 increpavit
2557 4411 2692 4464 lilius
2721 4409 2936 4465 Simeon
2962 4452 2975 4475 ,
3007 4421 3060 4463 et
3091 4410 3249 4472 Levi,
3284 4409 3420 4463 Gen.
3455 4424 3575 4462 ms
3599 4452 3613 4473 ,

2041 4480 2182 4547 quod
2220 4489 2404 4533 contra
2442 4480 2660 4534 {cedetis
2693 4481 3002 4550 religionem
3043 4480 3094 4533 in
3129 4479 3276 4533 caede
3305 4477 3615 4550 Sicbimita-

1968 4551 2311 4637 Drut‘irsiut
2360 4551 2726 4637 crudelissime
2777 4547 3015 4637 bacchati
3062 4550 3131 4637 ob
3176 4558 3416 4637 stuprum
3468 4547 3619 4637 Diuus

2047 4620 2282 4673 oblatum
2320 4633 2350 4672 a
2393 4620 2628 4674 Sichem.
2668 4620 2719 4672 lu
2758 4623 2950 4686 quibus
2980 4619 3157 4671 verbis
3188 4618 3420 4685 Spiritus
3449 4617 3619 4671 sancti

2048 4690 2302 4743 instinctu
2350 4690 2707 4757 pronuntiavit
2754 4690 2972 4743 Sanetus
2999 4704 3160 4742 senex
3207 4689 3464 4742 illustrem
3498 4701 3621 4757 prof

2049 4762 2276 4829 phetiani
2306 4756 2489 4812 contra
2521 4761 2721 4813 scribas
2751 4769 2806 4812 et
2843 4760 3182 4824 sacerdotes,
3220 4759 3308 4827 qui
3349 4756 3618 4829 communi

2048 4828 2310 4884 sententia
2348 4830 2622 4885 Dominum
2649 4830 2978 4884 occiderunt.
3008 4829 3085 4882 Illi
3115 4830 3255 4883 enim
3281 4843 3349 4880 ex
3374 4828 3616 4890 Sitneon,

2052 4901 2103 4954 hi
2136 4916 2200 4954 ex
2249 4899 2371 4953 Levi
2396 4902 2498 4953 orti
2549 4909 2693 4965 sunt,
2726 4909 2783 4953 ut
2807 4902 2881 4952 ait
2908 4900 3159 4967 Cyrillus,
3191 4908 3243 4951 et
3272 4899 3529 4966 Origenes
3563 4900 3614 4950 in

2050 4986 2101 5025 c.
2126 4972 2509 5037 supradictum.
2541 4971 2673 5024 Sunt
2701 4979 2877 5023 autem
2908 4966 3105 5037 aliquot
3134 4968 3296 5022 verba
3317 4983 3380 5021 ex
3403 4966 3519 5034 ipso
3540 4982 3639 5020 va-

2050 5040 2231 5094 ticinto
2255 5040 2502 5107 replicata
2536 5042 2588 5094 iu
2612 5041 2711 5094 hac
2738 5040 3006 5107 allegoria.
3033 5039 3197 5093 Sua.

2113 5105 2458 5164 59.1ssachar
2488 5110 2732 5163 Ecclesiae
2763 5105 2939 5180 lyp—uin
2964 5109 3145 5161 tenuit.
3180 5105 3616 5180 Mendiiseseqttie

2043 5191 2129 5234 tur
2150 5182 2201 5233 in
2229 5182 2322 5236 lib.
2348 5183 2477 5251 imp.
2501 5183 2587 5251 qui
2618 5176 2859 5251 subjecit,
2891 5180 3171 5233 emendate
3208 5187 3386 5231 autem
3426 5178 3477 5230 in
3514 5176 3612 5232 Ms.

2042 5266 2157 5322 quis
2184 5251 2418 5322 subjecit.
2461 5255 2625 5306 Susa.

2115 5321 2202 5376 40.
2248 5320 2498 5375 Zabulon.
2550 5322 2662 5375 Non
2687 5321 2862 5374 minus
2900 5319 3084 5388 gravis
3128 5332 3279 5371 error
3317 5327 3397 5370 est
3434 5319 3483 5369 in
3519 5316 3623 5374 hoc

2044 5392 2180 5457 loeti,
2206 5392 2333 5456 Quae
2351 5409 2490 5445 secus
2512 5393 2697 5459 ﬂuetus
2720 5391 2875 5460 hujus
2903 5390 2947 5441 vi
2970 5405 3013 5441 ω
3034 5389 3393 5443 inhabitantes.
3420 5388 3629 5460 Legen-

2044 5463 2170 5515 dutn
2198 5464 2337 5517 enim
2369 5478 2448 5516 est
2477 5459 2794 5517 inhabitans,
2816 5473 2871 5511 ut
2901 5461 3098 5512 habent
3125 5473 3227 5513 ms.
3259 5459 3616 5526 exemplaria.

2050 5535 2287 5604 Exponit
2327 5535 2467 5587 hanc
2506 5532 2824 5601 allegoriam
2869 5532 3127 5602 praeclare
3174 5534 3368 5588 beatus
3397 5535 3623 5587 Ambro-

2051 5608 2168 5661 sius
2200 5606 2265 5659 de
2297 5606 2567 5657 Benedict.
2596 5605 3051 5672 patriarcharum,
3082 5618 3133 5657 c.
3171 5605 3222 5659 5.
3259 5606 3424 5659 Susa.

2124 5679 2212 5733 41.
2250 5675 2611 5744 Nephthalim.
2642 5675 2712 5729 De
2753 5673 3040 5745 Neplithali
3071 5676 3206 5729 dixit
3258 5690 3409 5743 pater
3436 5676 3626 5741 Jacob,

3281 5768 3294 5795 ῑ

3276 5789 3311 5825 i1-
