4104 6172
368 216 474 271 109

1252 224 1664 284 ΑιιΕϐυῐὶΙιΕ
1704 226 2016 296 ρυιεῡιιι
2055 223 2463 283 ΒΩΚΙΡΠΙΒΕ
2504 227 2773 284 διοιυε.

3522 227 3623 282 ιιο

360 331 473 386 culi
502 331 809 401 captivitate
838 335 1086 403 populum
1132 336 1225 391 Dei
1275 340 1495 407 perdere
1524 349 1575 394 et
1607 341 1838 398 terrenis
1866 342 1945 394 vi-
1976 349 2022 401 Α
2051 336 2125 389 dit
2149 334 2378 406 Spiritus
2407 336 2519 400 Dei,
2551 338 2881 406 septuaginta
2900 337 3031 391 duas
3051 337 3322 392 nationum
3346 336 3549 409 linguas
3574 343 3626 392 iu

361 428 565 481 tiorum
587 428 839 496 operibus
861 445 1199 499 praegravare
1222 437 1465 488 tentavit.

439 517 531 572 58.
566 516 696 572 Filia
731 519 1020 575 Pharaonis
1053 521 1245 592 (Exod.
1276 524 1358 593 ii),
1401 542 1517 595 quae
1540 527 1756 597 Moysen
1789 544 1951 597 expo-

357 610 527 664 situm
551 611 613 665 ad
634 612 801 680 ripam
825 613 1059 669 ﬁnminis
1078 616 1308 689 collegit,
1329 618 1563 673 Ecclesia
1588 622 1823 689 gentium
1847 633 1946 687 est,

353 718 484 772 qua
511 702 785 759 Christum
817 707 882 761 ad
928 707 1124 763 ﬁumen
1155 711 1402 765 salutaris
1434 712 1630 766 lavacri
1661 719 1880 783 repar't.

432 816 525 871 59.
585 817 797 890 Moyses
848 819 1046 889 (Exod.
1109 822 1224 891 xm)
1265 832 1443 893 typum
1474 824 1672 880 Christi
1704 830 1951 897 gestavit,

351 909 448 972 qtii
481 910 737 977 populum
786 911 878 966 Dei
910 927 937 965 a
964 912 1092 983 jugo
1124 915 1402 969 diabolicae
1425 916 1704 971 servitutis
1734 919 1948 988 eripuit,

350 1008 413 1053 et
443 998 619 1067 ipsum
649 1000 923 1057 diabolum
948 1004 997 1057 in
1028 1013 1225 1058 aeterna
1252 1021 1413 1076 pinna
1454 1006 1753 1063 damnavit.

430 1112 525 1166 60.
569 1115 745 1167 Aaron
772 1117 1045 1180 sacerdos,
1071 1118 1158 1185 qui
1192 1132 1384 1172 cruore
1416 1121 1752 1175 victimarum
1781 1139 1949 1192 popu-

354 1201 471 1255 lum
496 1204 769 1273 expiabat,
807 1208 962 1277 127
994 1208 1263 1277 signiﬁcat
1300 1206 1592 1277 Christum,
1620 1213 1709 1281 qui
1743 1213 1949 1267 sacriﬁ-

353 1294 445 1347 cio
474 1295 756 1365 sanguinis
777 1297 856 1350 sui
891 1308 1107 1365 peccata
1142 1299 1297 1352 diluit
1324 1301 1528 1354 mundi.

431 1402 495 1456 6i
512 1445 525 1457 .
548 1405 733 1469 Maria,
756 1421 911 1460 soror
936 1409 1101 1479 Moysi
1133 1410 1323 1479 (Nunt.
1352 1412 1447 1483 XII)
1468 1452 1484 1480 ,
1509 1413 1802 1485 Synagogre
1832 1432 1952 1486 spe-

354 1495 499 1549 ciem
534 1496 787 1563 praetulit,
814 1514 932 1567 qua:
977 1500 1183 1566 leprosa
1230 1513 1448 1571 propter
1474 1508 1858 1561 detractionem
1899 1519 1954 1563 et

356 1587 836 1643 murmurationem
863 1599 1046 1644 contra
1078 1590 1347 1647 Christum
1377 1595 1602 1649 cxsﬁtit.

2059 430 2160 483 hoc
2183 428 2381 483 mundo
2400 428 2617 483 dilfusas
2645 432 2801 501 128
2827 429 3141 495 ostendunt,
3166 447 3231 484 ex
3261 433 3452 501 quibus
3476 434 3627 487 multi

2054 522 2332 576 credentes
2356 523 2575 591 gratiam
2600 522 2828 589 Spiritus
2854 522 3023 575 sancti
3052 533 3394 591 acceperunt.

2116 613 2218 668 66.
2252 612 2453 666 Dathan
2483 621 2537 667 et
2566 612 2798 675 Abiron,
2831 622 2880 665 et
2911 614 3120 677 caateri,
3150 614 3238 681 qui
3259 658 3272 679 ,
3304 628 3364 668 se
3393 629 3421 666 a
3450 612 3629 683 Moyse

2055 712 2109 758 et
2143 707 2320 757 Aaron
2361 710 2739 773 segregantes,
2790 702 3111 757 sacriﬁcium
3154 720 3411 773 usurpare
3454 710 3629 761 conati

2055 798 2180 848 sunt
2202 793 2389 867 (Num.
2418 796 2530 862 xvi)
2549 836 2563 859 ,
2596 794 2966 847 haereticorum
2993 797 3308 863 pravitatem
3325 798 3628 867 designant,

2054 895 2106 938 et
2131 886 2419 951 perniciem
2441 898 2626 939 eorum
2658 884 2747 952 qui
2777 870 2835 938 se
2864 899 2893 938 a
2923 886 3291 939 sacerdotibus
3333 886 3532 940 Christi
3577 898 3631 941 et

2054 989 2082 1027 a
2114 976 2367 1030 sticietate
2400 975 2658 1031 Ecclesiae
2686 976 2965 1042 dividunt,
2997 985 3053 1030 et
3100 975 3360 1031 sacriﬁcia
3410 978 3629 1046 profana

2056 1075 2353 1120 assumunt.

2123 1156 2214 1212 67.
2261 1158 2510 1223 Balaam,
2556 1160 2643 1228 qui
2686 1160 2882 1213 cadens
2919 1168 3133 1228 apertos
3189 1161 3373 1215 oculos
3418 1160 3629 1226 habuit,

2055 1247 2244 1318 (Nam.
2285 1252 2451 1318 χχιι),
2501 1261 2679 1319 typum
2728 1266 2911 1306 eorum
2983 1252 3157 1306 tenuit.
3199 1253 3289 1322 qui
3335 1268 3428 1320 per
3468 1254 3629 1309 ﬁdem

2053 1340 2407 1411 cognitionem
2434 1340 2530 1397 Dei
2567 1343 2781 1408 habent,
2814 1342 2909 1397 sed
2951 1342 3223 1398 ob~curati
3252 1345 3404 1398 malis
3447 1349 3631 1414 operi-

2055 1431 2153 1486 bus
2181 1444 2462 1487 eorruunt.

2122 1524 2211 1579 68.
2244 1525 2502 1589 Phincos,
2534 1527 2623 1594 qui
2656 1525 2868 1580 Zambri
2899 1536 2956 1579 et
2980 1536 3217 1580 scortum
3267 1526 3320 1580 in
3368 1524 3631 1580 adulterio

2050 1625 2434 1671 Conversantcs
2482 1619 2679 1684 pariter
2726 1618 3001 1672 interemit
3044 1618 3233 1689 (Nunt.
3280 1623 3450 1689 xxv),
3496 1620 3630 1691 ﬁgu-

429 1696 523 1751 δὲ.
563 1698 708 1753 Uxor
751 1700 923 1770 Moysi
964 1702 1287 1771 )EtliiOpissa
1344 1704 1538 1775 (Exod.
1575 1708 1658 1777 ιι),
1706 1709 1948 1778 ﬁguravit
1979 1724 2025 1783 Β
2052 1724 2164 1763 rain
2191 1708 2359 1763 tenuit
2382 1721 2683 1764 sanctorum
2707 1710 3013 1777 doctorum,
3045 1712 3134 1780 qui
3161 1712 3373 1767 Jndteos
3420 1726 3474 1769 et
3523 1716 3629 1769 bte-

355 1788 655 1844 Ecclesiatn
679 1807 742 1844 ex
768 1792 1015 1862 gentibus
1036 1795 1254 1851 Christo
1281 1798 1619 1866 conjunctam
1640 1841 1653 1863 ,
1683 1802 1835 1870 cujus
1878 1808 1946 1857 ob

354 1899 576 1938 causom
602 1886 702 1939 zeli
728 1887 1007 1958 Synagoga
1030 1889 1337 1945 obtrectans
1360 1892 1616 1948 adversus
1637 1893 1910 1951 Clit-istum
1930 1940 1945 1964 ,

354 1972 508 2027 illico
539 1978 790 2046 contagio
823 1978 986 2046 lepra:
1012 1980 1362 2046 perfunditur.
1438 2032 1445 2041 ,

427 2064 522 2120 63.
554 2068 810 2121 Amalech
835 2070 1077 2138 designat
1101 2072 1300 2126 diaboli
1344 2073 1592 2143 ﬁguram,
1620 2076 1737 2145 qui,
1762 2077 1947 2133 obvius

357 2153 458 2208 Dei
491 2157 691 2225 populo
715 2198 728 2219 ,
753 2172 849 2227 per
881 2158 1089 2228 signum
1120 2164 1297 2215 crucis
1320 2164 1603 2218 evincitur.

424 2246 517 2300 64.
543 2246 725 2301 Sehon
757 2264 998 2319 quoque,
1032 2265 1128 2306 rex
1166 2250 1601 2307 Amorrliteoruin
1622 2295 1636 2319 ,
1664 2257 1754 2324 qui
1784 2258 1945 2311 verti—

354 2346 443 2391 tur
466 2337 520 2391 iii
548 2337 795 2392 Latinum
823 2340 1029 2393 tentatio
1060 2341 1352 2407 oculorum,
1382 2344 1629 2399 eumdem
1671 2346 1941 2401 diabolum

352 2431 651 2500 signiﬁcat,
673 2434 761 2503 qui
788 2433 1063 2488 mendacio
1086 2433 1303 2489 fallendi
1328 2450 1448 2491 sese
1468 2439 1516 2490 iii
1536 2440 1783 2509 angelum
1809 2441 1941 2496 lucis

352 2522 725 2591 transﬁgurat.
752 2522 869 2591 Ipse
889 2532 973 2578 est
999 2524 1106 2594 0g,
1137 2540 1227 2577 rex
1268 2525 1463 2589 Basan,
1497 2528 1587 2595 qui
1620 2529 1941 2595 interpreta-

355 2622 446 2665 ttzr
495 2614 787 2675 conclusio,
830 2613 921 2682 qui
970 2614 1329 2669 intercludere.
1379 2617 1595 2670 molitur
1632 2617 1943 2673 ditlicultate

351 2705 609 2757 vitiorum
635 2706 771 2758 viam
806 2704 929 2758 ﬁdei
960 2718 1192 2772 nosme,
1218 2722 1285 2760 ne
1306 2715 1481 2774 pateat
1505 2708 1662 2763 nobis
1687 2711 1940 2765 transitus

348 2798 416 2850 ad
448 2811 675 2867 regnum
709 2797 1034 2865 promissum
1068 2799 1188 2851 vita:
1218 2810 1452 2853 a-ternte.

420 2886 513 2943 65.
549 2888 660 2942 Viri
684 2890 1018 2958 septuaginta
1042 2889 1147 2943 duo
1169 2890 1438 2954 seniores,
1464 2906 1626 2962 super
1644 2907 1779 2962 quos
1799 2895 1938 2949 ceci-

347 3048 579 3110 teribus,
627 3048 694 3102 de
721 3049 914 3116 quibus
944 3050 1002 3102 ﬁt
1053 3049 1256 3105 mentio
1287 3049 1456 3105 Exod.
1508 3066 1544 3104 ι.
1582 3052 1730 3107 [Iane
1757 3065 1933 3110 autem

346 3097 671 3187 allegoriam
701 3097 919 3187 eiipiose
952 3120 1286 3189 persequitur
1318 3121 1501 3175 beatus
1534 3097 1934 3188 Atigustiniisviii
1967 3097 2011 3160 δ

346 3204 516 3263 scrin.
545 3190 614 3243 δι
643 3190 930 3263 dc__temp.,
948 3199 1012 3263 et
1040 3192 1127 3255 8.”),
1163 3199 1219 3245 et
1252 3191 1438 3247 beatus
1480 3193 1708 3263 Cyrillus
1755 3195 1809 3248 in
1857 3213 1941 3251 su-

345 3261 591 3329 pradict.
617 3275 667 3312 c.
699 3259 887 3312 Exodi.
943 3259 1107 3314 Susa.

419 3332 511 3384 61.
538 3328 733 3397 Maria,
757 3346 905 3400 soror
930 3329 1117 3400 Moysi.
1143 3330 1271 3390 Cur,
1289 3345 1406 3385 cum
1433 3333 1606 3385 Aaron
1625 3331 1801 3387 socius
1824 3335 1937 3389 fue-

345 3403 419 3453 rit
448 3402 680 3473 peccati,
717 3398 828 3455 sola
854 3398 1399 3473 Maria'lepraaﬁecta
1423 3402 1510 3473 sit,
1536 3416 1750 3455 causam
1777 3418 1936 3473 expo-

343 3474 427 3523 nit
459 3471 849 3534 Theodoretus,
885 3471 936 3523 in
966 3472 1167 3535 Quzest.
1192 3471 1371 3535 Noun,
1399 3487 1452 3539 q.
1483 3470 1571 3525 25.
1603 3474 1767 3527 Sunt.

419 3539 510 3592 62.
547 3545 685 3593 Uxor
706 3539 875 3609 Moysi
906 3539 1472 3610 Ethiopissa.illeatus
1501 3546 1851 3609 Augustinus,
1883 3546 1934 3599 in

346 3612 443 3663 lib.
478 3612 682 3675 Qu:est.
711 3626 871 3677 super
918 3611 1098 3678 Num.,
1148 3628 1201 3678 q.
1246 3609 1339 3673 20,
1392 3622 1534 3666 recte
1573 3615 1735 3667 sentit
1763 3616 1933 3668 solam

347 3682 520 3735 fuisse
548 3680 716 3751 Moysi
740 3696 959 3736 uxorem
991 3682 1285 3748 Sephoram
1331 3682 1720 3738 Madianitideui
1772 3684 1932 3739 ﬁliani

345 3751 575 3813 .Iethro,
602 3760 858 3805 caeterum
885 3767 1003 3804 eam
1028 3753 1205 3805 vocari
1230 3751 1616 3821 dithiopissam
1652 3755 1790 3821 quod
1827 3757 1934 3808 Ma-

345 3822 569 3875 dianite
596 3822 880 3884 aliquando
909 3822 1244 3890 appellentur
1272 3822 1550 3888 AZthiopes
1579 3824 1629 3875 in
1654 3824 1819 3878 sacris
1846 3826 1933 3879 lit-

348 3891 501 3955 teiis,
534 3902 590 3945 ut
620 3891 662 3944 Il
692 3892 920 3959 Paralip.
946 3907 1053 3954 xiv,
1086 3906 1203 3945 cum
1225 3892 1481 3959 Josapliat
1523 3893 1719 3947 bellum
1765 3897 1930 3961 gessit

344 3970 536 4015 contra
570 3962 712 4015 illos.
747 3962 891 4015 Idem
921 3962 1103 4015 scribit
1142 3961 1531 4027 Tbeodoretus,
1558 3964 1609 4015 iu
1658 3979 1711 4029 q.
1762 3966 1830 4016 2‘2
1877 3967 1929 4019 in

347 4034 598 4085 eumdrm
628 4032 716 4085 lib.
752 4032 908 4084 Num.
936 4032 1205 4085 confutata
1230 4033 1498 4099 opinione,
1528 4033 1612 4086 vel
1642 4036 1812 4100 potius
1850 4034 1929 4086 fa-

348 4103 496 4163 bula,
525 4101 741 4167 .1ι››(ινιιί
769 4110 824 4155 et
862 4103 1195 4170 Apollinarii.
1234 4107 1399 4157 Causa
1426 4100 1554 4172 ergo
1583 4105 1803 4159 convicii
1830 4104 1929 4159 fuit

344 4175 495 4240 quod
536 4173 890 4239 alienigenam
939 4172 1145 4240 Moyses
1173 4173 1412 4226 duxisset
1441 4188 1695 4235 uxorein;
1744 4179 1923 4230 Aaron

346 4252 529 4296 autem
577 4240 949 4296 Israelitidem.
1002 4240 1148 4296 Ilanc
1197 4252 1373 4295 autem
1420 4243 1585 4311 ipsam
1619 4244 1922 4313 allegoriam

346 4313 613 4382 praeclare
659 4314 886 4380 exponit
944 4313 1126 4367 beatus
1168 4313 1489 4382 Augustinus
1544 4313 1595 4367 in
1639 4329 1799 4368 serui.
1855 4315 1924 4371 86

344 4385 415 4437 de
444 4393 613 4449 temp.
635 4423 651 4447 ,
682 4392 733 4436 et
766 4382 1060 4449 'I‘lieodor.,
1106 4387 1154 4436 in
1183 4397 1238 4450 q.
1272 4386 1305 4434 ι
1332 4385 1381 4435 in
1415 4382 1504 4437 lib.
1534 4383 1721 4438 Exodi.
1755 4386 1918 4440 Sum.

2053 1802 2247 1857 retices
2275 1802 2534 1870 spirituali
2569 1803 2888 1857 mucrouein
2910 1804 3160 1872 amplexu
3183 1804 3329 1860 falsa:
3367 1806 3629 1864 doctrinae

2050 1901 2435 1945 concurrentes
2469 1890 2687 1944 feriunt.

2120 1980 2206 2036 69.
2241 1979 2335 2035 Ille
2369 1982 2487 2051 qui,
2520 1983 2571 2035 in
2604 1981 2835 2036 Sabbato
2886 1982 3024 2052 ligna
3071 1983 3360 2053 colligens,
3406 1986 3629 2055 lapidari

2043 2073 2292 2141 jubctur,
2323 2073 2586 2141 signiﬁcat
2610 2086 2731 2127 eum
2761 2088 2917 2142 quem
2956 2071 3202 2127 Christus
3225 2074 3457 2130 inveniet
3505 2092 3626 2131 cum

2049 2170 2266 2230 peccato
2293 2164 2343 2214 in
2366 2162 2451 2215 die
2476 2161 2683 2229 judicii.

2116 2254 2205 2305 70.
2241 2253 2525 2307 Duodecim
2554 2255 2917 2322 exploratores
2944 2256 3238 2310 scribarum
3263 2266 3314 2310 et
3336 2257 3627 2326 pharisaeu-

2045 2361 2161 2399 rum
2190 2346 2473 2414 imaginem
2504 2355 2821 2410 tenuerunt,
2854 2345 2941 2414 qui
2973 2347 3317 2402 lsraeliticuin
3370 2350 3622 2418 populum

2044 2447 2354 2492 averterunt
2422 2454 2489 2492 ne
2544 2437 2875 2492 conﬁderent
2929 2438 3125 2493 divinae
3192 2442 3623 2509 repromissionis

2044 2530 2267 2599 gratiam
2296 2529 2519 2597 adipisci
2546 2544 2699 2597 posse
2729 2545 2824 2598 per
2846 2530 3140 2584 Christum.

2116 2620 2206 2674 7i.
2280 2619 2391 2673 Duo
2438 2621 2761 2688 portitores,
2810 2620 2900 2688 qui
2953 2620 3019 2674 de
3066 2632 3205 2675 terra
3256 2625 3623 2692 promissionis

2042 2710 2253 2764 botrum
2288 2710 2337 2762 in
2394 2709 2537 2778 ligno
2569 2710 2806 2763 humeris
2851 2719 3196 2779 gestaverunt
3253 2712 3442 2781 (Nam.
3474 2717 3620 2786 xiii),

2042 2801 2264 2855 duorum
2295 2801 2608 2868 populorum
2635 2799 3038 2868 signiﬁcandam
3062 2814 3469 2871 expresserunt,
3494 2821 3627 2873 quo-

2040 2907 2156 2948 rum
2184 2892 2326 2959 prior
2347 2890 2598 2946 Judaicus
2625 2893 2875 2961 gradiens
2897 2908 3116 2948 aversus
3142 2904 3286 2964 terga
3323 2896 3415 2951 dat
3466 2900 3622 2953 Chri-

2041 3045 2273 3113 SCriptus
2296 3055 2382 3101 est
2405 3048 2551 3123 locus
2576 3046 2669 3123 _l_iic
2699 3066 2710 3123 ς
2739 3048 3079 3123 Septuaginta
3111 3051 3213 3123 duo
3239 3053 3336 3104 viri
3361 3055 3585 3109 seniores
3604 3098 3621 3123 ,

2041 3134 2191 3186 super
2214 3135 2338 3185 quos
2360 3119 2539 3171 cecidit
2567 3118 2790 3187 Spiritus
2816 3119 2941 3183 Dei,
2964 3122 3286 3189 septuaginta
3307 3124 3434 3175 duas
3457 3118 3622 3178 natio;

2047 3203 2167 3239 num
2190 3190 2419 3260 linguas,
2445 3204 2562 3260 cum
2588 3189 2646 3260 in_
2670 3190 2759 3260 lib.
2784 3189 2939 3256 impr.
2971 3194 3251 3260 utrobique
3278 3195 3380 3245 duo
3415 3197 3620 3249 deside-

2045 3273 2248 3312 ren'ur.
2286 3259 2349 3311 Et
2378 3258 2591 3326 quidem
2624 3258 2788 3311 fuisse
2814 3263 3143 3326 septuaginta
3166 3258 3326 3314 _duos
3377 3265 3495 3317 illos
3542 3267 3618 3319 vi-

2043 3343 2133 3381 ros
2158 3367 2172 3391 ,
2204 3344 2340 3395 quos
2370 3330 2581 3382 divinus
2606 3327 2805 3379 al'ﬁavit
2835 3329 3091 3395 Spiritus,
3135 3334 3422 3386 numeratis
3448 3336 3616 3391 lildad

2042 3408 2097 3451 et
2120 3399 2327 3463 Medud,
2349 3397 2686 3466 perspicuum
2717 3408 2798 3449 est
2825 3398 3020 3466 legenti
3047 3414 3095 3452 c.
3124 3416 3174 3453 iii
3199 3400 3291 3454 lib.
3323 3403 3475 3455 Num.
3504 3405 3620 3457 Το-

2044 3469 2203 3521 titleni
2231 3466 2391 3523 etiam
2424 3469 2585 3522 fuisse
2610 3477 2795 3535 gentes
2826 3483 2943 3536 quae
2966 3482 3030 3521 ex
3065 3469 3232 3523 tribus
3257 3471 3378 3527 ﬁliis
3407 3473 3517 3526 Noe
3544 3489 3621 3530 0t~

2043 3546 2108 3591 tte
2129 3548 2282 3603 sunt,
2312 3542 2466 3593 docet
2488 3539 2769 3609 diligenter
2806 3537 2993 3591 beatus
3021 3540 3373 3609 Augustinus,
3424 3546 3474 3596 in
3522 3546 3613 3599 lib.

2039 3623 2126 3660 xvi
2148 3610 2214 3663 de
2244 3610 2403 3683 Civit.
2435 3610 2561 3672 Dei,
2582 3606 2630 3662 ὁ.
2661 3606 2727 3672 5,
2748 3610 3067 3683 computatis
3095 3606 3339 3678 gentibus
3357 3606 3487 3683 ηυδε
3516 3631 3617 3668 nu-

2039 3688 2313 3733 merantur
2342 3681 2477 3734 Gen.
2510 3695 2573 3744 x;
2606 3690 2658 3732 et
2687 3693 2818 3731 sane
2849 3679 2949 3732 hac
2976 3679 3044 3733 de
3073 3695 3231 3733 causa
3281 3679 3620 3739 existimatur

2040 3750 2297 3822 Dominus
2316 3766 2457 3804 uixit
2478 3749 2771 3822 discipulos
2792 3749 3017 3822 elegisse
3034 3749 3169 3822 Isne.
3195 3767 3224 3804 χ
3244 3792 3257 3809 .
3284 3767 3420 3820 quos
3450 3756 3612 3822 signi-

2039 3820 2268 3873 ﬁcabant
2298 3837 2438 3874 Lxxti
2469 3820 2659 3889 palmae
2682 3830 2907 3889 repertae
2935 3819 2985 3870 in
3028 3820 3198 3880 Elim,
3231 3821 3379 3876 Exod
3425 3819 3524 3888 xv,
3560 3835 3618 3879 ut

2037 3898 2184 3959 notat
2214 3888 2662 3959 TlteOphylactus,
2699 3890 2749 3940 in
2774 3888 3050 3959 dictuinic.
3080 3888 3260 3945 LUC‘JB.

2103 3958 2242 4013 Ibid.
2280 3957 2483 4013 Deliae
2521 3959 2772 4024 allegoria
2804 3957 2925 4010 vide
2972 3958 3269 4012 Editionein
3318 3961 3614 4016 Coteleria-

2036 4044 2155 4083 nam
2186 4030 2398 4083 Patrum
2431 4030 2843 4099 apostolicorum
2870 4028 2993 4081 anni
3016 4028 3171 4095 1668,
3201 4031 3460 4099 pag.738,
3484 4041 3611 4090 tum.

2030 4101 2069 4155 I.
2105 4103 2273 4154 Attev.

2100 4172 2190 4223 66.
2229 4169 2436 4223 Dat/tau
2468 4179 2514 4223 et
2546 4171 2759 4224 Αἰήτου.
2794 4168 3069 4233 Principes
3107 4168 3386 4226 seditionis
3430 4184 3615 4228 contra

2030 4242 2245 4311 Moysen
2270 4251 2325 4295 et
2354 4249 2531 4306 Aaron
2561 4241 2881 4312 exstiterunt
2910 4237 3045 4312 Core
3066 4251 3119 4294 et
3172 4241 3375 4296 Dathan
3396 4286 3411 4309 ,
3458 4259 3617 4312 atque

2030 4309 2230 4366 Abirou
2259 4326 2378 4364 cum
2414 4313 2558 4375 Hon,
2591 4313 2787 4378 aliique
2819 4309 3035 4363 ducenti
3087 4311 3465 4381 quinquaginta
3516 4309 3615 4369 viri

2032 4396 2281 4453 proceres
2323 4382 2659 4452 Synagogaz,
2710 4382 2867 4453 Num.
2921 4395 3028 4453 xvi.
3087 4384 3149 4433 lat
3206 4385 3417 4450 quidem
3474 4390 3615 4453 quod

415 4454 511 4508 65.
529 4452 768 4504 Amalech
782 4454 1032 4522 designat.
1058 4454 1161 4506 Res
1175 4463 1321 4520 gesta
1343 4464 1583 4505 narratur
1607 4454 1774 4507 Exod.
1797 4470 1924 4508 xvn.
1964 4459 2007 4516 D
2035 4455 2172 4506 Core
2196 4451 2507 4507 seditidncin
2526 4451 2770 4513 moverit,
2795 4452 2968 4504 minus
2992 4451 3223 4505 fortasse
3244 4456 3435 4507 mirum
3456 4470 3469 4519 ;
3491 4451 3615 4510 ierat

349 4523 444 4576 Est
474 4534 654 4576 autem
688 4525 1045 4577 Amalechites
1078 4522 1222 4592 regio
1246 4528 1295 4575 in
1318 4522 1528 4575 deserto
1553 4527 1613 4571 ;ι.ι
1652 4525 1929 4579 meridiem

346 4593 551 4648 Iudaeae
583 4602 730 4646 trans
758 4595 946 4647 urbem
972 4593 1215 4657 Petram,
1242 4600 1297 4645 nt
1321 4594 1499 4646 scribit
1532 4592 1717 4646 beatus
1749 4594 1934 4649 lliero-

348 4667 581 4734 hymus,
614 4664 681 4716 de
724 4664 849 4718 an.
889 4663 1182 4717 Hebraicis.
1224 4663 1479 4734 Amaleth
1514 4677 1719 4734 porro,
1770 4680 1935 4733 nepos

350 4733 525 4793 Esau,
560 4735 788 4787 nominis
816 4744 865 4786 et
884 4736 1093 4802 generis
1109 4744 1294 4787 auctor
1320 4734 1410 4785 fuit
1439 4733 1562 4785 huic
1580 4735 1747 4800 genti,
1796 4734 1931 4789 Gen.

348 4817 534 4858 um.
560 4804 776 4857 Tractat
803 4818 978 4858 autem
1009 4805 1237 4857 nobilem
1270 4804 1407 4857 lianc
1445 4804 1751 4871 allegoriam
1810 4810 1935 4859 bea-

349 4886 437 4927 tus
468 4876 829 4942 Augustinus,
883 4875 932 4926 ιιι
982 4889 1142 4927 serui.
1194 4872 1263 4926 95
1306 4875 1372 4926 de
1418 4883 1687 4939 tempore,
1734 4877 1821 4928 ubi
1860 4877 1931 4929 ait

347 4945 590 5013 Iloysem
623 4945 735 5011 ipsa
761 4946 1059 4998 elevatione
1101 4960 1351 4997 manuum
1400 4945 1710 5013 mysterium
1754 4948 1929 4999 crucis

348 5017 680 5070 ostendisse.
712 5015 809 5078 Et,
842 5016 1123 5069 uterudite
1145 5018 1219 5066 ait
1242 5014 1641 5073 Theodorclus,
1673 5015 1725 5067 in
1758 5030 1812 5081 q.
1862 5014 1930 5069 54

350 5088 406 5140 in
434 5084 641 5149 Ειοὰ..
672 5086 1151 5154 quemadmodum,
1180 5099 1300 5138 cum
1329 5085 1553 5154 tumulus
1577 5082 1782 5136 Domini
1818 5102 1930 5139 nia-

348 5168 453 5211 nus
480 5152 761 5220 tenderet,
791 5157 1016 5211 cadebat
1059 5156 1344 5217 Amalech,
1374 5152 1448 5205 ita
1491 5155 1714 5205 Domino
1744 5169 1932 5211 manus

351 5226 604 5281 tendente
626 5229 676 5279 in
701 5240 859 5279 cruce
876 5265 893 5288 ,
918 5226 1115 5279 diaboli
1141 5234 1313 5278 castra
1333 5224 1566 5291 jugulum
1596 5233 1740 5278 sunt.
1763 5226 1928 5281 Sum.

419 5295 511 5349 64.
564 5297 740 5353 8εὴοη
779 5312 995 5367 quoque.
1040 5296 1392 5367 mortuoque
1439 5293 1761 5367 eorrectiora
1809 5308 1932 5367 sunt

348 5371 673 5435 exemplaria
700 5363 803 5425 ms;
826 5363 943 5436 qua:
969 5370 1046 5420 sic
1075 5366 1268 5419 habent
1294 5382 1305 5415 :
1340 5364 1460 5432 Ipse
1480 5363 1683 5436 est__Ug,
1711 5379 1807 5436 re;
1826 5364 1927 5419 Ba.

350 5460 460 5496 san.
490 5431 627 5495 Nam
660 5442 713 5493 in
740 5431 1017 5505 libfimpr.
1043 5445 1127 5491 est
1153 5437 1261 5501 ipse
1289 5447 1485 5509 estrea:
1534 5431 1725 5509 Bosan.
1772 5433 1921 5492 Utra.

351 5529 452 5579 que
472 5526 649 5566 autem
678 5512 792 5563 haec
817 5508 1067 5573 allegoria
1088 5522 1151 5560 ex
1185 5506 1497 5577 etymologia
1543 5507 1805 5571 praecipue
1824 5522 1912 5561 ιιο.

352 5586 547 5637 ininntn
572 5583 758 5636 Sehon
784 5592 836 5633 et
861 5579 937 5647 0g
967 5590 1082 5632 orta
1127 5586 1227 5631 est.
1270 5582 1431 5630 δυΑιι.

421 5651 506 5706 b5.
529 5653 874 5722 Septuaginta
914 5651 1013 5702 duo
1046 5648 1137 5701 viri
1170 5649 1406 5703 seniores.
1451 5648 1505 5702 In
1554 5662 1651 5704 ms.
1696 5649 1785 5704 lib.
1828 5654 1903 5707 sic

2034 4525 2177 4576 enim
2205 4537 2269 4576 ex
2303 4524 2440 4576 tribu
2472 4523 2705 4576 Levitica
2729 4538 2743 4586 ;
2767 4522 2832 4573 de
2859 4522 3067 4573 caeteris
3102 4535 3228 4574 vero
3258 4525 3425 4577 tribus
3469 4528 3614 4578 sedi-

2038 4592 2194 4646 tionis
2225 4592 2551 4660 principibus
2586 4606 2701 4645 eam
2732 4591 2994 4645 ratiunem
3028 4591 3183 4644 aﬁ‘ert
3207 4592 3606 4658 'l'heodoretns,

2036 4664 2087 4715 in
2123 4678 2181 4733 q.
2212 4664 2303 4717 55.
2337 4663 2388 4716 iti
2417 4662 2575 4715 Num.
2602 4701 2616 4724 ,
2647 4661 2787 4733 quod
2811 4676 2939 4733 cuin
2969 4662 3073 4733 orti
3098 4673 3279 4716 essent
3305 4678 3371 4717 ex
3423 4665 3607 4717 Ruben

2035 4731 2422 4801 priiiiogenito,
2458 4733 2531 4787 illi
2560 4731 2914 4786 sacerdotium
2963 4732 3137 4785 adhuc
3172 4742 3474 4801 competere
3513 4736 3612 4787 exi~

2036 4805 2345 4857 Stimabant.
2381 4803 2679 4857 Notandum
2703 4810 2876 4855 autent
2905 4810 2988 4855 est
3029 4804 3079 4854 in
3110 4802 3447 4859 Theodoreto
3489 4820 3606 4872 per-

2038 4889 2218 4943 peram
2243 4878 2367 4943 poni
2400 4873 2551 4926 Eliab
2593 4888 2686 4939 pro
2719 4874 2831 4926 lion
2859 4871 2971 4924 ﬁlio
2999 4872 3131 4939 ejus.
3164 4876 3329 4928 Susa.

2110 4945 2198 4999 67.
2232 4942 2467 5007 Balaam,
2500 4945 2586 5013 qui
2615 4945 2821 4996 cadens.
2848 4943 2993 4995 lianc
3017 4948 3281 5012 egregiam
3306 4943 3610 5010 allegoriam

2040 5024 2221 5068 noster
2249 5016 2481 5068 Isidorus
2505 5031 2535 5067 a
2567 5016 2722 5068 beato
2750 5013 3028 5082 Gregorio,
3058 5014 3209 5081 cujus
3241 5013 3339 5065 fuit
3400 5018 3609 5067 studio-

2037 5086 2303 5152 sissimus,
2337 5095 2607 5139 mutuatus
2634 5096 2736 5137 est.
2774 5086 2817 5137 ls
2845 5086 3008 5148 enim,
3037 5084 3127 5136 lib.
3178 5099 3301 5147 xxv,
3334 5100 3384 5138 c.
3415 5084 3501 5146 l4,
3559 5087 3612 5138 in

2044 5170 2207 5208 xuiv
2237 5171 2286 5208 c.
2315 5156 2415 5209 Job
2446 5157 2523 5208 sic
2552 5157 2625 5207 ait
2658 5174 2672 5209 :
2704 5153 2857 5209 Unde
2901 5156 3060 5207 etiam
3092 5156 3157 5205 tle
3207 5154 3419 5208 Balaam
3474 5158 3614 5208 scri-

2041 5239 2186 5293 ptum
2212 5240 2315 5289 εει,
2340 5226 2429 5296 qui
2463 5225 2663 5278 cadens
2703 5234 2926 5296 apertos
2957 5225 3114 5296 habet
3155 5226 3357 5292 oculos,
3413 5228 3612 5280 cadens

2040 5297 2235 5363 quippe
2261 5300 2312 5349 in
2341 5294 2523 5364 opere,
2546 5307 2763 5363 apertos
2788 5294 2956 5345 tenuit
2974 5294 3157 5345 oculos
3189 5300 3238 5347 in
3281 5304 3609 5364 contempla—

2041 5376 2204 5422 tione.
2240 5370 2307 5422 lta
2334 5382 2463 5435 ergo
2491 5368 2541 5419 lii
2563 5367 2721 5420 etiam
2749 5366 2931 5435 oculos
2960 5366 3258 5429 aperientes
3284 5367 3335 5419 iii
3399 5370 3521 5430 ﬁde,
3558 5375 3610 5420 et

2034 5455 2136 5493 non
2164 5433 2477 5494 videntes—in
2504 5452 2685 5504 opere,
2719 5438 2853 5487 intra
2881 5433 3169 5487 Ecclesiaui
3198 5439 3351 5504 positi
3378 5440 3457 5505 pia
3487 5454 3609 5505 spe-

2023 5513 2126 5570 cie,
2159 5522 2308 5565 extra
2344 5510 2634 5562 Ecclesium
2669 5506 2822 5574 positi
2846 5513 2971 5556 sunt
2992 5506 3149 5572 impia
3176 5510 3605 5564 conversatione.

2018 5587 2175 5640 Stult.
