4108 6178
522 234 616 288 H‘l

1555 233 1611 287 S.
1655 230 1895 286 ISIDORI
1937 227 2374 319 llISPALENSlS
2414 227 2710 285 EPISCOPI
3683 239 3775 295 lli

516 361 629 411 sto,
665 347 821 418 129
849 346 1130 416 posterior,
1163 344 1515 411 Christianus,
1568 359 1692 401 eum
1735 361 1891 417 quem
1946 343 2088 399 vehit
2122 343 2173 403 Α
2200 344 2347 411 quasi
2380 342 2557 397 favum
2600 345 2668 397 ab
2719 358 2812 398 ore
2854 345 3049 414 reperti
3091 346 3289 413 leonis,
3325 346 3620 416 abstraxit,
3664 349 3779 405 sive

520 437 733 506 inspicit
760 443 813 490 et
835 435 1074 504 sequitur
1094 433 1388 489 Christum.

588 529 677 583 72.
717 527 843 582 Jesu
872 527 1013 581 Nave
1047 525 1328 594 imaginem
1352 524 1646 581 Salvatoris
1670 526 1960 596 expressit,
2004 525 2096 595 qui

521 634 614 673 nos
636 620 688 673 iu
722 628 914 674 terram
964 616 1394 685 repromissionis
1426 616 1665 683 induxit,
1697 625 1753 672 et
1782 620 1831 672 in
1873 632 2095 687 regnum

519 712 756 768 caelestis
784 710 972 780 gloria:
1001 709 1302 764 collocavit.

588 802 677 857 75.
718 801 866 856 Raab
909 800 1155 854 meretrix
1200 800 1419 869 ﬁguram
1451 801 1620 855 tenuit
1662 800 1936 868 Ecclesiae,
1981 813 2100 870 quae

520 906 613 962 per
641 907 856 948 coccum
879 933 893 955 ,
924 891 975 945 id
1001 900 1081 945 est
1099 932 1114 957 ,
1143 906 1239 961 per
1269 893 1536 961 passionis
1564 892 1843 948 dominicae
1866 892 2098 961 signum,

522 985 590 1036 ab
618 981 834 1035 interitu
861 980 1041 1035 mundi
1073 981 1325 1036 salvatur.

588 1072 674 1126 7t.
719 1072 832 1125 Duo
875 1072 1243 1138 exploratores
1292 1071 1440 1126 missi
1486 1086 1517 1126 a
1563 1071 1692 1127 Iesu
1748 1073 1802 1126 in
1850 1069 2099 1138 Iericho,

519 1179 653 1234 quos
682 1162 918 1232 suscepit
945 1163 1089 1218 Raab
1128 1161 1416 1234 (Josuen),
1446 1163 1553 1218 duo
1602 1162 1965 1231 intelliguntur
2001 1162 2101 1217 Te-

520 1266 787 1312 stamenta
818 1257 873 1311 in
900 1255 1157 1310 mundum
1189 1256 1350 1312 missa
1379 1272 1496 1327 quae
1518 1256 1752 1325 suscepit
1776 1254 2009 1311 Ecclesia
2037 1271 2103 1311 ex

520 1347 763 1417 gentibus
811 1355 1152 1416 congregata.

589 1439 678 1493 75.
720 1439 944 1501 Aeliam,
967 1439 1055 1507 qui
1080 1439 1146 1493 de
1172 1438 1389 1494 Jericho
1418 1440 1756 1495 anathemate
1778 1437 2100 1508 concupivit,

519 1529 787 1599 signiﬁcat
810 1543 1059 1599 nequam,
1093 1538 1150 1585 et
1176 1539 1532 1599 peccatoretn,
1563 1531 1651 1600 qui
1678 1542 1796 1601 post
1821 1532 1980 1587 ﬁdem
2012 1545 2105 1587 sa:-

522 1623 732 1677 culares
759 1636 971 1688 mores,
997 1621 1083 1677 vel
1118 1622 1298 1677 mundi
1330 1623 1608 1678 illecebras
1636 1624 1856 1693 appetit.

2205 434 2325 503 quia
2358 444 2473 502 post
2502 443 2725 488 mortem
2753 434 2931 503 plures
2960 436 3223 503 lucratus,
3271 436 3633 507 plurimosque
3666 453 3778 493 mo-

2201 524 2346 578 riens
2371 539 2526 593 quam
2550 526 2735 580 vivens
2763 527 3037 586 exstinxit.

2271 613 2359 669 8|.
2403 613 2566 668 Dalila
2593 656 2607 677 ,
2642 631 2761 685 qua:
2796 616 3023 671 Samson
3054 618 3304 673 verticem
3333 618 3629 673 decalvavrt
3661 620 3781 689 (Ju-

2200 703 2305 759 dic.
2337 704 2467 773 xvr),
2512 705 2845 775 Synagogam
2896 706 3189 779 significat,
3240 724 3361 777 qua:
3407 708 3678 764 Christum
3728 712 3779 765 in

2202 796 2318 850 loco
2348 796 2605 851 Calvarite
2637 797 2924 855 cruciﬁxit.

2275 886 2362 941 82.
2408 887 2545 941 Ruth
2583 887 2879 956 alienigena
2901 930 2915 956 ,
2949 904 3068 957 quae
3110 889 3403 945 Israelitico
3434 891 3548 945 viro
3579 890 3779 960 nupsit,

2204 977 2496 1033 Ecclesiam
2527 993 2591 1033 ex
2615 978 2863 1046 gentibus
2891 978 2954 1033 ad
2976 978 3241 1034 Christum
3265 980 3562 1037 venientem
3598 990 3780 1036 osten-

2203 1072 2301 1126 dit.

2277 1162 2367 1217 83.
2395 1163 2533 1216 Booz
2555 1171 2737 1218 autem
2760 1161 3029 1218 Christum
3053 1178 3234 1218 verum
3260 1163 3508 1219 Ecclesiae
3530 1178 3787 1234 sponsum

2204 1255 2485 1323 expressit.

2277 1346 2364 1398 ει.
2405 1346 2578 1410 Anna,
2608 1361 2725 1415 qua:
2756 1346 2849 1401 fuit
2876 1346 3098 1412 sterilis,
3123 1355 3175 1401 et
3198 1347 3531 1415 postmodum
3554 1347 3780 1402 fecunda

2207 1436 2342 1491 facta
2373 1445 2454 1490 est
2478 1436 2526 1506 (Ι
2566 1437 2717 1509 ch.,
2751 1438 2790 1506 ι)
2822 1437 3113 1491 licclesiam
3139 1436 3332 1491 Christi
3360 1437 3643 1506 signiﬁcat,
3668 1452 3787 1504 qum

2208 1528 2356 1597 prius
2386 1528 2439 1581 in
2485 1528 2729 1596 gentibus
2759 1537 2875 1581 erat
2905 1527 3137 1593 sterilis,
3179 1542 3319 1581 nunc
3365 1528 3584 1599 largiter
3626 1528 3790 1597 pollet

2216 1635 2311 1689 per
2338 1618 2640 1673 universam
2674 1628 2872 1674 terram
2899 1620 3045 1689 prole
3073 1636 3372 1675 numerosae
3403 1620 3762 1676 fecunditatis.

592 1720 680 1774 76.
722 1719 966 1782 Gedeon,
1009 1715 1096 1784 qui
1136 1728 1255 1768 cum
1283 1715 1537 1768 trecentis
1580 1714 1709 1767 viris
1759 1714 1995 1782 perrexit
2037 1714 2101 1769 ad
2133 1697 2181 1758 Β
2278 1711 2367 1765 85.
2410 1710 2525 1765 lleli
2552 1711 2802 1765 sacerdos
2826 1707 3218 1781 reprobatus(l
3249 1704 3377 1779 Reg.
3414 1710 3493 1780 in)
3533 1709 3791 1778 abjectio-

522 1812 764 1881 praelium
793 1810 990 1883 (Judic.
1027 1808 1143 1873 vn),
1180 1815 1360 1877 typum
1403 1804 1602 1859 Christi
1630 1807 1892 1876 gestavit,
1933 1808 2021 1875 qui
2054 1808 2104 1861 in

521 1903 676 1971 signo
706 1901 885 1955 crucis
906 1900 971 1954 de
995 1896 1193 1952 mundo
1221 1896 1496 1950 victoriam
1528 1897 1840 1964 reportavit.
1874 1896 2108 1951 Trecen-

523 1999 699 2045 torum
731 1989 875 2044 enim
908 1999 1161 2042 numerus
1204 1986 1258 2038 in
1288 1985 1399 2038 Tau
1434 1983 1608 2039 littera
1638 1985 1961 2051 continetur,
2014 2001 2109 2056 per

527 2095 688 2150 quam
713 2082 887 2134 crucis
917 2078 1124 2146 species
1153 2076 1472 2131 ostenditur.

594 2173 687 2228 77.
726 2170 906 2227 Sisara
955 2180 1114 2240 typus
1156 2167 1351 2222 diaboli
1394 2166 1510 2221 fuit.
1562 2166 1711 2223 Jahel
1757 2179 1955 2235 autem,
1991 2183 2110 2238 qua:

523 2276 760 2335 tempora
790 2262 906 2333 ejus
936 2262 1090 2317 clavo
1117 2270 1171 2317 et
1199 2261 1391 2316 malleo
1422 2260 1722 2325 transfodit,
1743 2260 2000 2316 Ecclesia:
2029 2271 2109 2332 ty-

524 2374 648 2427 pum
676 2355 961 2426 expressit,
994 2369 1114 2423 qua:
1155 2369 1252 2423 per
1285 2354 1535 2409 vexillum
1565 2355 1740 2411 crucis
1779 2354 1976 2410 diaboli
2002 2355 2112 2408 im-

526 2449 732 2519 perium
767 2445 1052 2502 interfecit.

600 2539 754 2611 130
782 2538 869 2590 78.
912 2537 1026 2607 Ipsa
1057 2550 1273 2606 quoque
1293 2534 1553 2602 Debbora,
1584 2535 1829 2603 ejusdem
1857 2535 2111 2593 Ecclesiae

532 2639 715 2699 typum
748 2636 965 2697 portans
992 2670 1006 2695 ,
1035 2626 1245 2680 devicto
1276 2627 1327 2679 in
1355 2625 1534 2682 Sisara
1561 2626 1777 2682 diabolo
1802 2670 1818 2695 ,
1847 2629 2111 2684 canticum

527 2718 757 2775 caelestis
784 2718 966 2787 gloriae
1008 2716 1326 2787 proclamat.

600 2806 688 2860 79.
728 2805 943 2872 Jephte,
978 2806 1066 2875 qui
1098 2820 1194 2872 pro
1226 2805 1447 2859 victoria
1478 2804 1695 2859 obtenta
1731 2805 1893 2860 ﬁliam
1926 2806 2114 2863 immo-

528 2896 655 2950 lavit
687 2894 896 2967 (Judic.
930 2895 1042 2965 xl),
1089 2894 1463 2964 Redemptoris
1504 2895 1821 2950 ostendebat
1866 2896 2110 2967 ﬁguram,

530 2993 637 3063 qui,
677 3007 742 3046 ex
783 2991 982 3046 mundo
1013 2990 1365 3062 triumphans,
1402 3006 1618 3046 carnem
1648 2992 1916 3062 propriam
1948 2992 2001 3047 in
2029 3007 2116 3047 sa-

532 3084 790 3141 criﬁcium
822 3085 1035 3139 obtulit.
1060 3082 1063 3083 ⁷

637 3174 725 3230 80.
766 3176 989 3230 Samson
1043 3174 1332 3229 Salvatoris
1377 3172 1544 3228 nostri
1602 3182 1830 3229 mortem
1861 3182 1915 3229 et
1942 3176 2115 3230 victo—

533 3268 665 3323 riam
706 3268 981 3337 figuravit,
1023 3265 1138 3321 sive
1166 3264 1287 3334 quia
1319 3264 1387 3320 de
1415 3264 1655 3320 faucibus
1682 3264 1879 3320 diaboli
1911 3278 2114 3334 gentes,

603 3402 691 3455 7‘2.
731 3398 857 3455 Jesu
900 3399 1064 3455 Nave.
1113 3398 1298 3466 Josue,
1342 3398 1506 3453 ﬁlium
1555 3398 1724 3461 Num,
1763 3413 1921 3468 quem
1971 3399 2112 3455 LXX

534 3472 737 3534 Jesum,
768 3471 930 3523 ﬁlium
957 3470 1122 3533 Nave,
1153 3479 1365 3529 vocant,
1398 3469 1568 3523 virum
1600 3470 1789 3537 insigni
1818 3469 1981 3523 animi
2007 3470 2115 3523 for-

537 3539 780 3601 titudine,
816 3541 1021 3609 Moyses
1049 3547 1102 3592 l'l.
1128 3539 1277 3592 vivus
1312 3538 1494 3609 habuit
1516 3540 1817 3592 ministrum
1839 3579 1854 3601 ,
1898 3549 1950 3593 et
1992 3554 2111 3592 mo-

537 3612 682 3664 riens
722 3607 928 3675 imperii
974 3622 1359 3663 successorem.
1390 3607 1521 3675 Ejus
1553 3609 1779 3675 primttm
1830 3609 2029 3663 mentio
2057 3608 2116 3663 lit

539 3680 707 3735 Exod.
741 3695 869 3741 xvn,
903 3693 1024 3733 cum
1058 3677 1286 3732 nobilem
1332 3692 1557 3746 pugnam
1602 3678 1752 3733 inivit
1788 3694 1909 3733 cum
1953 3679 2114 3733 Ama-

540 3752 679 3815 lech,
715 3749 766 3803 in
798 3764 898 3818 qua
930 3751 1091 3803 etiam
1121 3746 1289 3801 victor
1316 3747 1434 3801 fuit.
1464 3748 1722 3818 Quocirca
1753 3748 2008 3813 prteclare
2037 3749 2112 3803 ait

536 3823 793 3889 Urigenes
816 3816 867 3873 in
894 3820 1041 3889 illum
1066 3820 1237 3885 ipsum
1266 3818 1435 3889 locum
1464 3836 1476 3870 :
1509 3816 1678 3886 Usque
1697 3820 1762 3872 ad
1785 3818 1919 3871 hunc
1940 3822 2107 3872 locum

537 3888 669 3944 beati
716 3890 937 3944 nominis
960 3888 988 3942 ,Ι
998 3906 1084 3943 esu
1106 3904 1357 3956 nusquam
1388 3888 1524 3957 facta
1552 3898 1623 3942 est
1655 3890 1876 3953 mentio;
1904 3890 1984 3941 hic
2016 3891 2112 3956 pri-

537 3978 677 4014 mum
700 3961 933 4015 vocabuli
957 3962 1109 4029 hujus
1132 3958 1374 4030 splendor
1395 3958 1603 4030 effulsit.
1635 3959 1777 4013 Idem
1801 3974 1925 4030 cuni
1949 3959 2115 4013 unde-

464 4058 467 4059 ν
539 4032 641 4083 uim
671 4031 829 4084 sociis
869 4028 1062 4083 terrain
1106 4028 1418 4096 promissam
1447 4029 1772 4094 exploravit,
1815 4028 2116 4083 etJudaaos

538 4100 734 4154 fractos
776 4110 917 4153 metu
965 4115 1026 4151 ac
1065 4098 1365 4152 debilitatus
1407 4099 1769 4161 conﬁrmavit,
1811 4099 1965 4153 Num.
1998 4114 2113 4152 xm.

539 4171 658 4234 Quo
686 4171 804 4223 loco
848 4170 1006 4227 Osee,
1049 4170 1099 4221 id
1128 4176 1232 4232 est,
1261 4168 1512 4222 Servator
1540 4171 1859 4234 appellatur,
1893 4168 1941 4219 id
1970 4168 2110 4235 quod

540 4242 744 4292 notavit
775 4238 827 4290 in
866 4253 918 4306 q.
948 4236 1019 4292 25
1050 4237 1101 4289 in
1144 4237 1298 4306 Num.
1333 4238 1611 4291 Postremo
1654 4240 1846 4305 popqu
1874 4237 1965 4290 Dei
1994 4248 2112 4305 post

541 4307 809 4361 devictum
840 4305 1000 4361 utinm
1033 4316 1085 4359 et
1115 4305 1325 4373 triginta
1357 4321 1511 4374 reges
1560 4306 1612 4360 in
1656 4316 1850 4361 terram
1882 4309 2110 4374 promis-

541 4393 654 4432 sam
686 4378 1009 4440 introdueto,
1051 4377 1193 4431 illam
1237 4376 1432 4429 divisit.
1469 4376 1533 4429 Et
1572 4392 1691 4430 cum
1735 4379 1970 4437 nomine,
2002 4387 2113 4430 tum

547 4449 703 4501 rebus
734 4447 1137 4515 praeclarissime
1182 4446 1379 4515 gestis,
1423 4445 1618 4500 Christi
1658 4446 1786 4502 Jesu
1817 4447 2114 4502 Salvatoris

546 4520 712 4570 nostri
743 4519 1024 4585 nuaginem
1052 4518 1334 4578 expressit.
1366 4516 1533 4570 Susa.

616 4588 705 4641 75.
751 4588 913 4640 Raab.
936 4589 1066 4641 Nam
1096 4587 1328 4653 Jerielio,
1358 4586 1408 4638 id
1440 4595 1544 4649 est,
1581 4587 1726 4651 luna,
1757 4586 2012 4640 mundum
2044 4587 2116 4641 si-

543 4657 798 4727 gniﬁcat,
843 4658 930 4725 qui
977 4668 1114 4710 tutus
1157 4658 1218 4727 in,
1254 4658 1482 4724 maligno
1510 4660 1710 4725 positus
1751 4668 1851 4719 est,
1884 4656 2114 4711 lJoann.

542 4745 664 4795 cap.
710 4728 802 4781 ult.
843 4732 885 4780 A
926 4729 1076 4794 cujus
1100 4726 1258 4780 exitio
1286 4727 1479 4781 Christi
1512 4727 1767 4797 sanguine
1805 4728 2112 4782 liberamur.

550 4801 714 4853 Susa.

616 4871 703 4923 76.
740 4867 963 4920 (iedeon.
1014 4866 1088 4920 De
1128 4867 1298 4919 littera
1336 4865 1375 4919 Τ
1418 4867 1602 4920 Grmca
1634 4881 1812 4921 sermo
1843 4876 1945 4919 est.
1972 4865 2115 4921 lianc

548 4954 726 4995 autem
756 4938 1059 5005 allegoriam
1092 4938 1303 5003 egregie
1352 4948 1541 4991 tractat
1574 4938 1759 4990 beatus
1791 4944 2117 5005 Augustinus

552 5011 632 5063 his
660 5010 832 5064 verbis
862 5011 911 5061 in
940 5023 992 5075 q.
1028 5006 1091 5059 57
1123 5008 1173 5059 iu
1209 5006 1298 5058 lib.
1332 5007 1455 5061 Jud.
1488 5022 1503 5057 :
1555 5006 1844 5069 Numerus,
1876 5008 1995 5073 quia
2022 5016 2122 5059 tre.

551 5090 676 5133 centt
706 5089 871 5140 erant,
897 5079 1095 5146 signum
1126 5078 1351 5130 insinuat
1394 5076 1558 5129 crucis
1598 5086 1803 5146 prapter
1834 5076 2055 5130 litteram
2084 5078 2126 5131 Τ

552 5151 800 5211 (ἐι-ωεαηι,
824 5166 925 5219 qua
954 5154 1043 5219 iste
1064 5164 1306 5219 numerus
1333 5147 1667 5219 signiﬁcatur,
1701 5162 1789 5219 per
1820 5164 1942 5211 quos
1973 5154 2126 5202 etiam

552 5228 718 5289 gentes
741 5216 855 5287 mag
878 5236 901 5272 ε
918 5221 973 5289 in
996 5218 1307 5289 Cruciﬁxirn}
1329 5216 1606 5289 crediturus
1629 5216 2013 5289 prteﬁguratum
2029 5228 2121 5287 est,

553 5284 683 5354 quod
715 5284 878 5340 littera
902 5287 1081 5343 erca
1116 5298 1208 5340 est.
1253 5285 1401 5341 Unde
1431 5284 1727 5340 Grecorum
1759 5284 1961 5340 nomine
1986 5284 2125 5353 Ana;

553 5362 709 5410 stolus
737 5374 910 5410 onmes
938 5370 1106 5425 gentes
1141 5358 1422 5422 signi/ictu,
1462 5372 1574 5409 cum
1602 5357 1722 5408 dicit
1754 5356 1978 5425 :Juoiao
2008 5374 2122 5410 rm-

553 5443 684 5491 ιιυιι,
718 5442 783 5479 nr
808 5424 1035 5491 Cnseo;
1061 5432 1191 5497 quod
1219 5430 1268 5481 in
1290 5428 1481 5497 linguis
1509 5427 1730 5497 gentium
1746 5424 1923 5479 Graeca
1947 5429 2018 5479 ita
2039 5443 2125 5480 ecr-

555 5497 721 5568 ccllnt,
746 5507 796 5548 ut
830 5513 916 5561 per
937 5496 1079 5568 illam
1102 5514 1273 5551 omnes
1295 5496 1524 5551 decenter
1552 5496 1926 5568 signiﬁcentur.
1958 5499 2124 5551 Suae.

586 5628 587 5631 η
626 5566 760 5620 Ibid.
796 5568 939 5619 llanc
968 5567 1273 5634 allegoriam
1314 5568 1575 5635 expressit
1602 5566 1756 5621 sacer
1798 5578 1949 5636 poeta
1996 5568 2125 5621 Pru—

557 5637 789 5703 dentius,
824 5638 875 5692 in
926 5635 1129 5704 praefat.
1180 5638 1245 5689 ad
1296 5638 1789 5706 i‘sychomachiam,
1844 5652 1986 5692 vers.
2032 5635 2123 5705 56,

2210 1817 2331 1857 nem
2364 1802 2646 1857 sacerdotii
2674 1802 2885 1858 Veteris
2909 1801 3234 1857 Testamenti
3266 1800 3645 1872 prmﬁguravit.

2280 1892 2369 1947 83.
2413 1894 2625 1949 Samuel
2655 1908 2801 1959 vero,
2832 1893 2923 1963 qui
2952 1894 3235 1961 reprobato
3264 1893 3380 1947 Heli
3412 1894 3462 1945 in
3489 1891 3791 1946 ministerio

2209 1986 2528 2040 sacerdotali
2556 1986 2813 2041 successit
2842 1984 3067 2055 (1ὺὶά.),
3100 1986 3221 2041 novi
3251 1985 3534 2040 sacerdotii
3569 2000 3793 2041 succes-

2209 2081 2438 2144 sionem,
2470 2078 2676 2147 abjecto
2705 2080 2870 2133 veteri
2901 2078 3203 2133 sacerdou'o
3224 2118 3237 2138 ,
3280 2077 3680 2145 praenuntiavit.

2283 2169 2372 2224 87.
2413 2168 2530 2222 Duo
2558 2167 2650 2223 ﬁlii
2678 2168 2793 2223 lleli
2824 2168 3155 2232 sacerdotes,
3184 2168 3274 2235 qui
3305 2176 3459 2236 capta
3493 2182 3522 2221 a
3547 2166 3796 2236 gentibus

2212 2274 2334 2315 area
2369 2259 2633 2329 perempti
2662 2269 2786 2312 sunt
2815 2257 2864 2329 (l
2906 2248 3029 2328 Reg.
3074 2256 3172 2329 tv),
3222 2258 3525 2326 signiﬁcant
3566 2258 3794 2327 posteri-

2214 2361 2374 2406 tatem
2404 2350 2685 2406 sacerdotii
2720 2349 2913 2419 prioris
2958 2348 3122 2403 fuisse
3169 2349 3521 2414 exstinctam,
3568 2358 3625 2401 et
3654 2347 3792 2418 legis

2215 2442 2611 2497 Testamentum
2635 2440 2700 2492 ad
2723 2440 2923 2494 cultum
2953 2440 3192 2509 gentium
3225 2453 3344 2493 esse
3375 2438 3711 2493 translatum.

2287 2533 2443 2603 .131
2477 2532 2567 2587 88.
2598 2529 2724 2585 Saul
2756 2530 2902 2600 regni
2927 2530 3133 2586 Judaiei
3164 2529 3400 2585 insinuat
3426 2530 3799 2600 repromissio-

2216 2637 2359 2685 nem,
2392 2622 2473 2676 vel
2506 2620 2958 2690 reprobationem,
3002 2621 3115 2678 sive
3151 2620 3387 2686 ejusdem
3426 2619 3604 2691 pepuli
3633 2636 3802 2675 aemu-

2215 2714 2490 2779 lationem,
2538 2712 2629 2783 qui
2674 2712 2860 2777 David,
2893 2713 2943 2766 id
2992 2720 3097 2780 est,
3128 2712 3395 2768 Christum
3443 2711 3640 2781 injusto
3676 2712 3802 2767 odio

2217 2805 2431 2861 invidiae
2458 2812 2681 2858 conatus
2711 2811 2793 2857 est
2818 2801 3083 2856 occidere.

2287 2897 2377 2952 89.
2425 2895 2588 2950 David
2641 2894 2732 2947 ﬁlii
2783 2893 2876 2947 Dci
2921 2902 2975 2947 et
3004 2892 3293 2949 Salvatoris
3330 2890 3494 2946 nostri
3534 2890 3803 2959 expressit

2220 2986 2525 3057 imaginem,
2555 2983 2668 3037 sive
2691 2982 2830 3053 quod
2856 2982 3202 3036 insectatione
3225 2980 3527 3034 .lndamrum
3551 2980 3804 3049 injustam

2144 3067 2192 3131 C
2223 3077 2649 3150 persecutionem
2683 3075 2953 3139 sustinuit,
2985 3075 3103 3129 sive
3149 3074 3270 3142 quia
3310 3072 3551 3126 Christus
3580 3088 3642 3126 ex
3684 3072 3804 3141 ejus

2225 3172 2393 3238 stirpe
2421 3184 2635 3224 carnem
2667 3168 2977 3234 assumpsit.

2298 3263 2386 3318 90.
2440 3260 2593 3316 Urias
2641 3259 2889 3313 Hethteus
2939 3268 3120 3330 typum
3161 3258 3342 3311 habuit
3377 3257 3603 3320 diaboli,
3650 3257 3806 3327 cujus

2216 3413 2374 3468 quem
2404 3398 2579 3451 locum
2616 3392 2670 3447 in
2705 3392 3100 3460 Prudentianis,
3130 3409 3248 3466 cap.
3280 3396 3368 3462 9.0,
3405 3394 3517 3451 lusa
3545 3395 3804 3465 explicui.

2217 3476 2393 3527 Anev.

2289 3537 2378 3593 79.
2417 3535 2622 3607 Iephte.
2663 3539 2856 3593 Beatus
2881 3536 3235 3608 llicronymus
3266 3537 3334 3588 ait
3367 3538 3417 3608 in
3442 3538 3706 3608 vox-endo,
3736 3538 3806 3592 il-

2216 3609 2325 3665 lum
2354 3608 2516 3660 fuisse
2538 3609 2781 3671 stultum,
2806 3614 2857 3661 et
2889 3608 2935 3660 in
2963 3607 3234 3660 reddendo
3268 3607 3511 3674 impium.
3538 3607 3590 3658 In
3614 3607 3806 3663 eadem

2217 3679 2482 3733 sententia
2502 3686 2585 3730 est
2609 3679 2794 3732 beatus
2822 3677 3073 3730 Thomas.
3104 3677 3207 3732 Sed
3238 3678 3422 3731 beatus
3451 3676 3805 3744 Augustinus,

2217 3765 2271 3816 (ι.
2301 3747 2401 3811 49,
2432 3748 2481 3799 in
2515 3748 2604 3801 lib.
2650 3747 2806 3813 .lud.,
2839 3748 3190 3814 quaestionem
3222 3748 3357 3801 hanc
3399 3762 3645 3816 magnam
3678 3763 3806 3806 esse

2219 3820 2314 3882 ait,
2346 3830 2398 3873 et
2428 3816 2489 3870 ad
2510 3816 2854 3886 judicandum
2884 3816 3248 3871 difﬁcillimam
3277 3858 3292 3880 ,
3334 3816 3399 3869 de
3427 3832 3529 3885 qua
3562 3817 3675 3885 ipse
3703 3832 3805 3872 co-

2222 3892 2370 3955 piose
2417 3888 2467 3941 in
2517 3890 2701 3955 primis
2726 3898 2777 3942 et
2811 3886 3019 3940 erudite
3077 3887 3310 3941 disserit.
3380 3886 3652 3953 Uteunque
3697 3888 3807 3954 sit,

2222 3969 2426 4013 certum
2454 3966 2534 4011 est
2563 3959 2630 4013 de
2654 3956 2969 4028 quibusdam
2995 3956 3147 4010 malis
3169 3957 3432 4028 operibus
3452 3957 3721 4028 hominum
3746 3959 3803 4010 in

2223 4030 2512 4095 Scripturis
2534 4025 2735 4083 sauciis
2755 4027 2997 4096 quaedam
3030 4042 3133 4079 non
3160 4028 3317 4087 mala,
3343 4025 3436 4081 sed
3464 4025 3599 4080 bona
3631 4027 3806 4080 futura

2224 4098 2511 4166 significari
2538 4115 2552 4163 ;
2584 4099 2634 4152 id
2684 4098 2822 4167 quod
2849 4097 3057 4167 erudite
3088 4100 3272 4163 probat
3304 4097 3442 4150 idem
3482 4097 3667 4151 beatus
3695 4100 3810 4151 Au-

2225 4165 2488 4238 gustinus,
2520 4169 2571 4220 in
2604 4165 2823 4231 lib.'xu,
2849 4177 2993 4221 cont.
3020 4165 3292 4238 Faustum.
3320 4168 3484 4221 Sum.

2292 4235 2383 4294 80.
2428 4235 2595 4302 Fort"
2632 4240 2897 4305 pluresque
2926 4237 3167 4293 moriens.
3205 4240 3372 4291 Anev.

2289 4306 2378 4363 86.
2422 4306 2633 4361 Samuel
2659 4324 2797 4360 vero.
2836 4307 3138 4361 Samuelem
3191 4323 3293 4360 non
3345 4308 3504 4362 fuisse
3546 4309 3803 4362 sacerdo-

2221 4385 2350 4438 tem,
2390 4379 2483 4429 Sed
2536 4378 2773 4437 levitam.
2807 4377 2957 4429 multi
3002 4377 3336 4442 existimant;
3369 4392 3517 4430 ortus
3547 4380 3687 4432 enim
3720 4388 3809 4433 est

2219 4462 2284 4500 ex
2309 4446 2561 4500 Abiathar
2584 4448 2689 4500 tilio
2710 4448 2867 4509 Core,
2894 4448 2911 4499 I
2936 4447 3107 4500 Patal.
3131 4462 3203 4503 vt.
3231 4462 3351 4501 cum
3376 4453 3682 4501 sacerdotes
3712 4464 3809 4503 ne-

2148 4529 2197 4587 ο
2223 4530 2375 4587 cesse
2418 4516 2572 4569 fuerit
2604 4518 2861 4585 originem
2891 4519 3087 4568 dueere
3117 4532 3179 4568 ex
3212 4519 3410 4570 Aaron.
3441 4522 3611 4586 Atque
3638 4518 3686 4571 id
3724 4521 3809 4572 vi-

2222 4586 2379 4658 detur
2421 4587 2646 4658 innuere
2700 4588 2903 4658 Psalm.
2943 4601 3126 4650 xcvut,
3160 4588 3240 4639 his
3270 4588 3446 4641 verbis
3481 4606 3493 4641 :
3529 4587 3811 4658 Moysesﬁet

2222 4655 2396 4710 Aaron
2414 4657 2465 4708 in
2490 4658 2832 4710 sacerdotibus
2860 4657 3000 4723 ejus;
3027 4659 3093 4709 de
3120 4658 3367 4711 Samuele
3395 4669 3569 4712 autem
3593 4655 3665 4711 ait
3693 4676 3707 4711 :
3740 4657 3810 4710 Et

2222 4727 2431 4780 Samuel
2472 4726 2611 4799 inter
2642 4744 2726 4781 eos
2756 4727 2841 4796 qui
2881 4728 3324 4799 invocant‘nomen
3359 4731 3490 4799 ejus.
3528 4730 3589 4799 At
3622 4728 3814 4782 beatus

2220 4799 2546 4865 Augustinus
2601 4797 2702 4852 hoc
2759 4801 2869 4863 ipso
2920 4796 3038 4850 loco
3088 4795 3320 4850 afﬁrmat
3358 4795 3722 4862 sacerdotem,
3753 4809 3815 4853 et

2219 4867 2434 4935 quidem
2466 4881 2709 4935 maguum
2731 4907 2745 4928 ,
2777 4867 2941 4919 fuisse
2971 4866 3292 4921 Samuelem.
3329 4868 3391 4921 Et
3416 4882 3451 4919 ιι
3508 4868 3599 4921 lib.
3633 4868 3810 4932 Retr.,

2220 4950 2271 4991 c.
2300 4936 2391 5001 43,
2423 4936 2496 4990 ait
2526 4938 2786 4991 Samuelis
2818 4946 3019 5003 patrem
3052 4952 3154 4989 non
3203 4936 3366 4991 fuisse
3391 4938 3609 5004 quidem
3631 4953 3814 4994 sacer-

2229 5011 2432 5071 dotem,
2469 5007 2689 5075 reperiri
2725 5016 2901 5059 tamen
2932 5007 2982 5059 iu
3017 5007 3138 5059 ﬁliis
3170 5012 3365 5061 Aaron.
3392 5007 3554 5062 Sum.

2301 5076 2391 5130 90.
2416 5077 2567 5142 Quod
2613 5076 2763 5130 Urias
2804 5088 2983 5146 typum
3019 5075 3259 5130 habuerit
3290 5076 3515 5140 diaboli,
3539 5081 3595 5126 et
3618 5077 3813 5131 Bersa-

2229 5146 2327 5201 bee
2374 5155 2555 5216 typum
2607 5147 2881 5211 Ecclesiae,
2926 5147 3292 5216 difﬁcultati-tn
3342 5150 3573 5216 aliquam
3601 5163 3709 5214 pne
3750 5161 3814 5200 se

2229 5217 2367 5271 ferre
2398 5214 2637 5282 videtur;
2671 5217 2765 5271 sed
2795 5233 2912 5284 qua:
2941 5214 3051 5283 ipsa
3085 5217 3158 5269 rei
3189 5214 3544 5283 explicatione
3572 5218 3703 5271 satis
3727 5218 3815 5268 di-

2226 5287 2406 5345 luitur.
2439 5298 2496 5340 ut
2540 5287 2592 5340 in
2625 5287 2801 5338 multis
2831 5288 2949 5339 aliis
2985 5284 3247 5339 similibus
3286 5287 3553 5355 allegoriis
3586 5286 3812 5340 accidit.

2228 5356 2373 5409 lianc
2404 5356 2471 5409 de
2497 5356 2617 5410 Uria
2651 5356 2867 5409 llethsco
2900 5355 3127 5409 Isidorus
3150 5358 3375 5423 sumpsit
3402 5372 3468 5409 ex
3498 5364 3682 5411 sancto
3703 5358 3817 5409 Au-

2227 5427 2459 5493 gustino,
2510 5426 2662 5492 cujus
2721 5426 2880 5479 verba
2932 5425 3037 5477 late
3103 5427 3355 5480 exscribit
3401 5427 3694 5493 Quitestiou.
3756 5425 3816 5479 in

2230 5498 2384 5563 lleg.,
2408 5497 2497 5550 lib.
2522 5509 2582 5560 ιι,
2604 5509 2723 5563 cap.
2746 5496 2799 5547 2.
2828 5494 3224 5549 Observandum
3259 5498 3457 5549 interea
3480 5497 3619 5565 quod
3644 5511 3819 5562 neque

2233 5568 2397 5634 ﬁgura
2428 5569 2479 5619 in
2511 5568 2758 5619 omnibus
2781 5568 2939 5619 debet
2968 5575 3357 5632 repraesentare
3388 5568 3689 5635 ﬁguratum,
3719 5580 3820 5619 ne-

2229 5650 2330 5703 que
2376 5638 2425 5689 in
2470 5650 2534 5692 eo
2578 5635 2719 5705 quod
2763 5644 3113 5704 repra'seutat
3166 5636 3548 5706 perfectionem
3605 5636 3819 5707 ﬁgurati
