4108 6178
307 302 413 360 113

1188 299 1599 356 ALLECORM‘Z
1638 298 1948 365 QUASDAM
1992 295 2403 351 SCRIP'I'L‘RzE
2446 292 2710 348 SACRA‘I.

3484 295 3580 345 ili

296 416 552 486 cimjugio
583 415 728 484 prius
754 421 873 470 erat
900 412 1142 481 citpulata
1174 413 1433 481 Ecclesia,
1459 428 1616 481 quam
1646 412 1887 465 Christus
1922 410 1967 468 Α
1995 406 2250 478 Spiritum
2298 406 2622 472 septiformis
2646 402 2826 473 gratiae
2860 403 3206 472 Spiritualiter
3235 403 3452 472 asiiirat,
3488 420 3580 473 per

298 507 609 575 concupivit
636 508 899 560 lavantem
923 522 950 559 a
976 505 1223 559 sordibus
1244 507 1421 560 saeculi
1450 506 1815 576 semetipsatn,
1839 515 1892 561 et

300 615 401 669 per
430 600 624 652 lavacri
654 599 849 651 undam
884 597 1273 665 puriﬁcatttem.

373 689 463 741 9i.
497 686 748 742 Salomon
787 687 985 741 Christi
1020 687 1339 755 praenuntiat
1380 687 1599 753 ﬁguram
1643 687 1731 755 qui
1762 686 1889 739 aedi-

297 778 482 832 ﬁcavit
511 778 726 831 domum
775 778 883 831 Deo
913 779 963 831 in
1000 778 1201 833 ccelesti
1230 777 1549 842 Jerusalem,
1584 792 1687 832 non
1727 777 1793 832 de
1818 777 1892 832 li-

296 867 419 936 gnis
448 876 505 921 et
536 865 820 934 lapidibus,
854 866 944 921 sed
972 866 1039 922 de
1069 870 1269 921 sanctis
1299 867 1566 921 omnibus.

372 959 463 1012 92.
511 957 709 1028 Regina
758 959 961 1025 Austri,
1005 974 1123 1026 qua:
1163 960 1308 1012 venit
1347 959 1411 1012 ad
1443 958 1761 1012 audiendam
1805 972 1890 1011 sa-

292 1048 555 1117 pientiam
600 1050 899 1104 Salomonis
939 1048 1060 1121 (III
1103 1049 1229 1114 Reg.
1261 1066 1325 1114 x;
1357 1046 1420 1102 II
1448 1048 1630 1107 Paral.
1660 1051 1761 1119 ιχ),
1792 1050 1890 1104 Ec-

293 1142 465 1195 clesia
495 1140 831 1211 intelligitur,
852 1156 971 1209 qua:
999 1140 1062 1194 ad
1089 1140 1309 1195 verbum
1343 1140 1435 1195 Dei
1466 1139 1534 1195 ab
1556 1140 1752 1195 ultimis
1773 1139 1891 1195 ﬁni-

294 1234 401 1287 bus
425 1244 580 1287 terra:
608 1244 983 1305 congregatur.

367 1321 460 1378 95.
515 1321 779 1387 Roboam,
812 1324 950 1376 ﬁlius
990 1321 1314 1386 Salomonis,
1351 1328 1406 1375 et
1448 1320 1731 1377 Jeroboam
1772 1337 1887 1378 ser-

295 1432 419 1479 vus,
453 1416 646 1486 quibus
676 1416 835 1470 Israel
869 1416 921 1469 in
961 1415 1091 1469 duas
1123 1424 1299 1482 partes
1327 1415 1528 1469 divisus
1552 1425 1654 1477 est,
1686 1417 1889 1485 signiﬁ-

292 1517 421 1561 cant
448 1507 765 1561 divisionem
799 1507 941 1560 illam
971 1506 1024 1559 in
1062 1505 1271 1560 Domini
1310 1506 1540 1583 adventu
1584 1505 1799 1575 tactam,
1834 1506 1885 1561 in

295 1612 403 1667 qua
433 1612 557 1668 pars
585 1598 918 1651 credentium
946 1612 1009 1651 ex
1052 1595 1251 1652 Judaiis
1280 1608 1459 1669 regnat
1500 1613 1620 1652 cum
1648 1598 1885 1669 Christo,

290 1689 383 1756 qui
417 1698 500 1742 est
531 1704 594 1742 ex
627 1686 794 1742 David
821 1704 1019 1759 genere
1042 1700 1225 1756 ortus;
1257 1706 1381 1759 pars
1413 1705 1541 1745 vero
1565 1702 1744 1747 secuta
1778 1699 1886 1747 An-

1994 515 2150 569 quem
2184 514 2211 552 a
2243 510 2411 553 morte
2434 497 2633 565 peccati
2662 496 2959 551 reviviscat.

2071 594 2194 647 101.
2240 592 2456 659 Septem
2501 592 2663 645 millia
2696 591 2817 656 viri,
2858 592 2925 645 de
2962 591 3152 661 quibus
3196 593 3393 647 dictum
3423 592 3577 659 Elia',

1994 685 2134 753 quod
2178 702 2281 737 non
2324 691 2677 739 curvaverant
2723 698 2888 753 genua
2931 692 3054 737 ante
3089 684 3231 751 Baal,
3273 683 3578 753 signiﬁcant

1996 790 2278 828 numerum
2310 784 2637 837 sanctorum,
2667 772 2777 842 qui,
2808 774 3009 842 Spiritu
3034 774 3359 842 septiformis
3388 773 3573 843 gratiae

1992 867 2287 935 adimpleti,
2315 867 2525 921 diabolo
2555 869 3012 920 renuntiaverunt.

2066 960 2187 1015 102.
2223 958 2455 1012 Naaman
2509 958 2678 1027 Syrus
2709 957 2971 1025 signiﬁcat
3001 958 3250 1025 populum
3300 973 3364 1011 ex
3402 958 3577 1026 genti-

1994 1049 2115 1113 bus,
2164 1050 2389 1104 maculis
2437 1050 2757 1103 delictorum
2805 1048 3083 1115 pollutum,
3126 1060 3335 1116 atquea
3367 1048 3580 1101 Christo

1995 1157 2089 1211 per
2116 1152 2512 1195 sacramentum
2540 1140 2788 1209 baptismi
2820 1140 3176 1208 purilicatum.

2066 1233 2188 1288 103.
2219 1233 2374 1287 Ozias
2398 1248 2510 1296 rex,
2535 1233 2649 1301 qui,
2681 1231 2748 1284 ob
2772 1232 3016 1284 meritum
3042 1232 3301 1283 scelerum
3333 1246 3574 1297 suorum,

1994 1328 2046 1383 in
2088 1327 2259 1383 Iroute
2287 1325 2532 1395 contagio
2560 1326 2726 1400 lepra:
2747 1320 3180 1393 perfunditur”!
3204 1321 3386 1374 Paral.
3406 1322 3574 1392 xxvr),

1994 1435 2213 1489 regnum
2249 1418 2445 1473 indicat
2474 1416 2802 1478 Judteorum,
2828 1414 2914 1483 qui
2944 1413 3176 1468 dedecus
3204 1413 3357 1483 133
3387 1424 3441 1466 et
3468 1427 3579 1465 tua-

1993 1512 2100 1565 lum
2148 1511 2383 1579 perﬁdia:
2428 1511 2481 1565 in
2530 1511 2703 1566 lronte
2749 1517 2961 1579 gerunt,
3014 1507 3103 1561 ubi
3151 1506 3327 1561 crucis
3368 1506 3577 1577 signum

1992 1614 2201 1675 portare
2228 1603 2539 1658 debuerant.

2065 1696 2187 1751 104.
2224 1695 2482 1750 Ezechias
2514 1710 2628 1759 rex,
2661 1694 2744 1750 cui
2779 1707 2875 1762 pro
2906 1691 3047 1746 bono
3076 1704 3238 1758 opere
3277 1688 3575 1756 quindecim

293 1778 624 1843 tiehristum,
668 1778 823 1847 cujus
862 1779 928 1834 ad
967 1780 1169 1835 cultum
1220 1780 1462 1837 nefanda:
1498 1785 1767 1839 servitutis
1805 1800 1881 1839 er-
1919 1789 1967 1848 B
1994 1790 2115 1843 anni
2138 1788 2203 1842 ad
2226 1789 2385 1842 vitam
2409 1783 2863 1855 adjiciuntur(IV
2890 1784 3016 1854 Reg.
3046 1781 3222 1848 xx;‘II
3254 1779 3576 1845 Par.xxxtt;

293 1888 418 1928 rore
437 1874 717 1928 constricti
749 1883 888 1926 sunt.

362 1965 455 2019 9i.
490 1964 676 2019 Colias
705 1964 759 2036 (1
791 1964 923 2036 Reg.
957 1964 1093 2037 xvn)
1123 1965 1366 2037 designat
1402 1966 1698 2033 diabolum,
1738 1969 1890 2037 cujus

294 2056 619 2112 elevationis
644 2054 951 2125 superbiam
982 2056 1177 2111 Christi
1210 2058 1495 2127 prostravit
1523 2059 1814 2114 humititas.

364 2147 456 2201 95.
495 2147 640 2200 tilias
666 2144 943 2201 Christum
989 2147 1342 2216 demonstrat,
1391 2151 1512 2219 quia
1555 2152 1693 2204 sicut
1734 2152 1890 2221 igneo

288 2256 451 2296 curru
481 2240 547 2294 ad
580 2254 815 2308 superna
845 2240 1086 2296 sublatus
1117 2250 1219 2309 est,
1268 2243 1339 2297 ita
1370 2243 1612 2298 Christus
1646 2244 1886 2299 ministe-

286 2335 387 2389 riis
416 2336 730 2405 angelorum
762 2344 1067 2401 assumptus
1096 2345 1177 2390 est
1205 2337 1256 2389 in
1285 2337 1503 2394 coelum.

358 2424 452 2479 96.
490 2425 679 2485 Vidua,
714 2424 779 2479 ad
811 2440 969 2493 quam
1011 2426 1237 2481 mittitur
1267 2428 1407 2481 Elias
1440 2428 1734 2496 pascendos
1766 2426 1883 2499 (III

287 2514 421 2586 Reg.
454 2514 609 2583 xvii),
655 2516 889 2570 Ecclesia
923 2526 1039 2582 est,
1071 2517 1135 2570 ad
1172 2533 1329 2586 quam
1360 2533 1454 2587 per
1485 2518 1641 2572 ﬁdem
1676 2521 1885 2574 venisse

289 2607 487 2675 legitur
512 2604 778 2668 Chrstus,
812 2604 964 2675 cujus
1005 2607 1189 2661 farinae
1220 2618 1272 2661 et
1301 2608 1421 2662 oleo
1452 2608 1801 2672 benedicitur,
1834 2618 1887 2663 et

290 2714 399 2754 non
444 2698 649 2766 deﬁcit,
697 2699 749 2753 id
791 2711 894 2761 est,
927 2700 1091 2770 gratia
1120 2702 1361 2768 corporis
1401 2700 1624 2766 Christi,
1657 2712 1707 2755 et
1745 2704 1886 2755 chri-

287 2796 479 2849 smatis
502 2796 703 2859 unctio,
730 2794 883 2863 132
905 2808 1023 2861 quae
1048 2800 1159 2846 toto
1186 2791 1382 2846 mundo
1410 2792 1650 2861 quotidie
1680 2791 1885 2861 impen-

288 2887 457 2946 ditur,
490 2896 549 2939 et
579 2902 849 2955 nunquam
890 2886 1167 2939 minuitur.

358 2977 452 3031 97.
518 2977 746 3031 Elisteus
816 2977 1063 3031 eumdem
1127 2976 1541 3046 Rcdemptorem
1604 2976 1883 3029 Dominum

287 3064 557 3134 ﬁguravit,
609 3066 698 3134 qui
729 3067 797 3119 de
836 3066 1033 3119 montis
1082 3064 1384 3129 altitudine,
1417 3063 1467 3117 id
1499 3071 1599 3128 e~t,
1625 3064 1882 3118 cwlorum

1992 1882 2068 1937 Is.
2118 1898 2307 1944 xxxix;
2358 1880 2505 1934 Eccl.
2548 1880 2762 1947 xum),
2803 1878 3067 1946 signilicat
3108 1888 3294 1928 omnes
3342 1881 3576 1933 sanctus,

1992 1973 2187 2044 quibus
2214 1972 2279 2026 ad
2308 1969 2683 2041 acquirendam
2715 1969 2876 2023 vitam
2909 1975 3165 2021 aeternam
3195 1964 3431 2032 quinque
3457 1962 3575 2014 libri

1992 2066 2124 2133 legis
2166 2078 2285 2118 cum
2326 2062 2513 2116 decem
2559 2058 2738 2114 verbis
2787 2057 3033 2126 DeCalogi
3066 2054 3174 2109 dati
3207 2061 3353 2117 sunt,
3385 2061 3441 2104 ut
3484 2068 3577 2121 per

1990 2158 2439 2225 complementum
2497 2153 2627 2222 legis
2656 2157 2712 2205 et
2735 2159 3119 2220 praceptorum
3150 2147 3297 2216 regni
3342 2145 3576 2199 caelestis

1991 2244 2371 2315 plenitudinem
2404 2246 2820 2309 consequantur.

2066 2336 2188 2391 105.
2220 2335 2394 2391 Josias
2423 2350 2539 2397 rex,
2562 2332 2652 2402 qui
2690 2331 2983 2387 celebravit
3024 2328 3238 2397 pascha,
3271 2338 3325 2386 et
3350 2327 3416 2382 de
3444 2336 3577 2381 tem-

1992 2430 2079 2496 rlo
2130 2427 2337 2483 Domini
2390 2426 2528 2480 idola
2575 2425 2739 2478 multa
2778 2424 2982 2491 depulit
3015 2422 3121 2493 (IV
3162 2424 3289 2494 Reg.
3325 2417 3575 2485 “111;”

1992 2519 2122 2573 Par.
2173 2521 2356 2585 xxxv),
2404 2515 2671 2587 signiﬁcat
2700 2514 2996 2580 Christum,
3022 2516 3108 2583 qui
3151 2530 3244 2582 pro
3274 2514 3422 2567 nobis
3456 2528 3575 2581 pas-

1990 2614 2194 2665 sionem
2246 2610 2504 2678 suscepit,
2554 2618 2713 2678 atque
2742 2607 2921 2661 omnia
2960 2606 3310 2661 exsecrabilia
3339 2606 3571 2675 gentium

1991 2707 2059 2759 de
2100 2704 2311 2773 templis
2356 2702 2599 2773 corporis
2653 2702 2819 2755 nostri
2867 2700 3149 2767 dejiciens,
3200 2701 3319 2768 igne
3366 2698 3575 2752 virtutis

1990 2814 2099 2853 sua:
2130 2806 2315 2852 exusta
2348 2796 2680 2863 comminuit,
2705 2803 2864 2865 atque
2885 2795 2937 2850 in
2969 2794 3125 2865 hujus
3154 2793 3336 2849 steculi
3368 2802 3572 2849 torren-

1992 2899 2094 2945 tem
2128 2889 2370 2959 projecit.

2060 3001 2184 3056 106.
2239 3000 2509 3063 Sedecias,
2552 3000 2703 3069 cujus
2733 2999 2917 3054 oculos
2961 2999 3012 3053 in
3046 2998 3302 3053 Reblatha
3344 3013 3433 3053 rex
3471 3001 3571 3053 Ba-

1990 3091 2200 3164 bylonis
2226 3091 2417 3145 evulsit
2448 3088 2555 3157 (IV
2588 3091 2717 3161 Reg.
2752 3088 2900 3160 xxv),
2929 3090 3126 3143 divites
3165 3099 3219 3143 et
3265 3104 3375 3158 pec:
3396 3100 3572 3144 atores

285 3156 631 3210 desrendens
659 3157 1007 3221 sublimitate,
1042 3156 1341 3210 htttuiliavit
1370 3155 1604 3224 seipsunt
1647 3170 1674 3207 a
1717 3154 1881 3208 forma
1915 3157 1959 3217 (ζ
1992 3154 2151 3252 “Ilius
2182 3181 2360 3235 mundi
2392 3154 2757 3245 είέηληωιξίη
2786 3154 3031 3234 ιδ’,ίωηη
3056 3180 3196 3234 enim
3223 3154 3442 3234 ὶδηίων
3470 3180 3570 3233 [ιο-

290 3247 383 3301 Dei
415 3262 591 3315 usque
630 3248 697 3299 ad
744 3246 965 3300 formam
1002 3245 1254 3311 hominis,
1285 3262 1346 3300 ac
1378 3247 1600 3300 mortuis
1632 3246 1883 3299 membris

288 3355 377 3393 sui
413 3340 657 3393 membra
689 3342 1012 3409 cowposuit,
1040 3351 1095 3394 et
1126 3353 1365 3393 uosrram
1395 3338 1769 3395 mortalitatem
1802 3339 1882 3392 sui

288 3432 531 3498 corporis
564 3431 829 3484 medicata
856 3432 1087 3484 sanavit.

355 3538 449 3593 98.
502 3539 659 3593 Pueri
712 3541 836 3609 qui,
881 3541 1197 3595 insultantes
1252 3539 1477 3605 Elismo,
1525 3541 1825 3596 clamabant
1870 3562 1881 3596 :

289 3631 539 3695 Attende,
586 3633 747 3699 calve,
785 3635 1033 3697 ascende,
1063 3639 1234 3698 calve,
1272 3633 1517 3687 etinvasi
1543 3635 1610 3686 ab
1634 3650 1758 3687 urso
1789 3650 1883 3703 pe-

293 3724 498 3777 rierunt
532 3723 642 3792 (IV
688 3724 816 3795 Reg.
864 3727 946 3794 tt),
992 3725 1227 3779 iudicant
1266 3728 1512 3793 popu‘um
1557 3724 1882 3789 JUtiillol'Ulll,

291 3816 375 3882 qui
412 3817 608 3883 puerili
639 3818 865 3871 stultitia
897 3819 1200 3873 deriserunt
1229 3816 1499 3872 Christum
1542 3820 1590 3871 in
1625 3820 1739 3872 loco
1766 3820 1884 3872 Cal-

291 3908 448 3960 varize
493 3908 836 3971 cruciﬁxum,
882 3920 936 3964 et
980 3912 1119 3979 capti
1168 3926 1198 3965 a
1241 3910 1446 3966 duobus
1487 3913 1647 3979 ursis,
1692 3912 1739 3965 id
1779 3924 1883 3976 est,

290 3995 407 4051 Tito
436 4008 489 4051 et
519 3997 875 4067 Vespasiano,
902 4001 1243 4056 interierunt.

356 4089 445 4143 9f).
481 4091 619 4144 Puer
648 4077 824 4145 Elisari
857 4106 977 4146 cum
1006 4093 1193 4147 baculo
1224 4092 1290 4145 ad
1320 4093 1747 4146 resuscitaudutn
1770 4109 1884 4146 muv

290 4182 435 4237 lieris
469 4185 633 4239 ﬁlium
666 4187 864 4242 missus
892 4185 996 4255 (IV
1022 4188 1153 4258 Reg.
1188 4190 1288 4256 tv),
1315 4197 1494 4257 typum
1527 4189 1713 4257 prisca:
1754 4188 1885 4256 legis

291 4276 544 4340 ostendit,
576 4292 696 4346 qua:
721 4279 907 4347 generi
956 4278 1187 4332 humano
1235 4281 1545 4333 transmissa
1587 4279 1715 4333 nihil
1750 4296 1885 4349 prae-

288 4368 443 4431 stizit,
490 4370 589 4421 nisi
617 4372 757 4436 quod
790 4370 841 4423 itt
880 4374 1029 4440 virga
1067 4370 1234 4423 solam
1276 4371 1644 4423 auctoritatem
1685 4374 1884 4426 severi-

292 4460 414 4513 tatis
443 4458 781 4515 monstravit.

1990 3273 2165 3327 blatha
2195 3274 2355 3324 multa
2382 3272 2511 3335 liter,
2559 3270 2781 3339 ideoque
2827 3271 2928 3323 iste
2956 3268 3219 3339 signiﬁcat
3249 3285 3342 3323 eos
3388 3271 3473 3337 qui
3516 3270 3569 3321 in

1990 3362 2146 3430 hujus
2176 3360 2357 3413 mundi
2392 3360 2555 3412 multa
2577 3360 2783 3412 actione
2819 3369 2871 3411 et
2900 3358 3179 3411 all'ectione
3209 3357 3571 3421 involvuntur,

1988 3463 2176 3522 atque,
2231 3467 2259 3505 a
2312 3449 2523 3504 diabolo
2575 3450 2750 3519 capti,
2813 3449 3170 3518 intelligentiae
3225 3449 3405 3503 oculos
3452 3463 3573 3516 per-

1987 3542 2140 3596 dunt.

2063 3635 2186 3690 107.
2214 3630 2375 3688 Isaias
2405 3631 2629 3687 formam
2653 3634 3096 3703 cvangelislarum
3128 3641 3183 3688 et
3210 3635 3571 3701 apOSlOlttt‘izttt

1988 3727 2274 3795 expressit,
2298 3726 2384 3795 qui
2419 3725 2663 3779 universa
2693 3733 3021 3779 sacramenta
3051 3725 3268 3791 Christi,
3296 3742 3397 3779 non
3420 3726 3571 3795 quasi

1987 3823 2179 3889 futura,
2215 3823 2306 3877 sed
2338 3825 2484 3893 quasi
2521 3824 2799 3892 praesentia
2835 3825 3159 3892 praedicavit.

2059 3915 2182 3968 1C8.
2214 3914 2477 3969 Jeremias
2502 3925 2678 3967 autem
2712 3914 2764 3967 in
2801 3915 2978 3969 verbis
3008 3925 3056 3969 et
3098 3915 3429 3985 passinnibus
3460 3918 3570 3969 suis

1988 4014 2214 4059 mortem
2250 4013 2302 4057 et
2336 4002 2635 4072 passionem
2670 4003 2916 4074 ﬁguravit
2952 3997 3153 4059 Domini
3187 4006 3494 4060 Salvatoris.

2058 4097 2181 4150 109.
2216 4094 2463 4148 Ezechiel
2497 4095 2779 4163 imaginem
2810 4094 3009 4150 Christi
3038 4098 3280 4164 gestavit,
3315 4099 3400 4166 qui
3429 4098 3570 4167 posi-

1987 4195 2073 4240 tus
2121 4188 2171 4239 iu
2215 4195 2423 4238 terrena
2470 4185 2898 4255 peregrinatione
2943 4188 3191 4256 populum
3248 4189 3569 4242 salutaribus

1989 4278 2267 4347 praereptis
2299 4277 2532 4345 instigat.

2058 4370 2181 4424 110.
2215 4369 2420 4433 Daniel,
2451 4369 2540 4436 qui
2577 4370 2737 4423 vitam
2769 4371 3009 4425 caelibem
3050 4372 3238 4437 tenuit,
3269 4372 3570 4427 similitudi-

1986 4475 2106 4513 nem
2151 4460 2336 4512 habuit
2382 4459 2708 4513 continentia
2758 4477 2853 4515 sua
2881 4476 3064 4515 eorum
3095 4464 3183 4531 qui
3214 4471 3338 4517 sunt
3377 4463 3428 4517 iu
3460 4465 3570 4518 otio

360 4550 483 4604 110.
507 4550 804 4606 Sunamitis
822 4552 961 4606 Illius
986 4563 1223 4607 mortuus
1247 4552 1438 4621 (Ibid.)
1466 4553 1680 4609 humani
1714 4570 1871 4625 geue-
1911 4544 1957 4602 D
1985 4562 2190 4619 sancto,
2224 4560 2278 4607 et
2306 4552 2530 4605 terrenis
2560 4553 2727 4620 copiis
2762 4569 2865 4607 non
2902 4554 3212 4608 abutuntur.

294 4637 363 4695 ris
382 4640 605 4710 ﬁguram
630 4652 796 4708 tenet,
822 4660 981 4714 super
998 4645 1137 4714 quod
1160 4643 1405 4698 Christus
1422 4647 1621 4715 septies
1643 4650 1876 4701 oscitans

291 4828 569 4905 attingere.
605 4829 993 4905 Videanpend.
1022 4834 1083 4885 16
1114 4833 1177 4887 ad
1211 4835 1537 4905 Etymiilngq
1574 4851 1721 4889 num.
1791 4836 1871 4900 10,

291 4910 415 4952 ιοιιι.
440 4898 532 4955 IV.
568 4916 687 4967 pag.
718 4900 843 4954 59.2.
870 4906 1039 4957 Auev.

357 4968 445 5021 96.
489 4967 681 5032 Vidua,
712 4980 779 5023 ad
807 4990 960 5037 quam
1005 4976 1223 5027 mittitur
1248 4974 1410 5029 Elius.
1443 4975 1585 5028 Duas
1617 4975 1708 5029 has
1739 4977 1870 5029 alle-

295 5041 467 5111 gorias
492 5039 558 5091 de
589 5040 698 5092 Elia
723 5051 776 5093 et
803 5044 1020 5097 Christo
1043 5054 1227 5097 tractat
1262 5048 1515 5111 praeclare
1555 5047 1736 5100 beatus
1768 5051 1873 5099 Att-

292 5110 529 5185 gustinus
550 5111 612 5185 _in
630 5126 803 5185 serra.
827 5114 921 5164 20l
948 5114 1024 5185 de
1050 5122 1307 5181 tempore,
1339 5116 1427 5185 qui
1459 5132 1634 5170 sermo
1658 5126 1737 5170 est
1762 5118 1794 5168 2
1821 5118 1870 5168 iu

292 5178 441 5232 Dom.
472 5178 504 5229 5
530 5179 598 5233 de
628 5182 902 5235 'l'rinitate.
934 5183 1095 5237 Suatt.

355 5247 445 5302 98.
494 5247 653 5301 Pueri
696 5253 780 5317 qui
820 5270 907 5317 per
944 5256 1229 5309 stultitiam.
1282 5256 1497 5309 Rectius
1541 5266 1622 5310 est
1672 5257 1722 5310 in
1776 5257 1865 5311 lib.

293 5334 385 5393 ms.
417 5336 511 5393 qui
540 5322 738 5393 puerili
755 5324 988 5385 stultitia,
1038 5341 1194 5392 quatn
1221 5327 1270 5379 in
1305 5329 1435 5393 Imp.
1469 5328 1555 5393 qui
1582 5343 1670 5393 per
1697 5328 1866 5381 stu/ti-

290 5390 423 5465 tium.
461 5390 514 5442 Id
547 5392 687 5456 quod
710 5391 898 5445 docent
928 5390 1222 5449 litecﬁverba
1251 5390 1396 5449 beati
1419 5390 1721 5463 Atigu'tini,
1750 5412 1869 5465 quae

292 5461 463 5513 abillo
495 5472 766 5515 mutuatus
791 5473 873 5516 est
903 5476 1080 5518 noster
1110 5465 1372 5531 lsidnrus;
1404 5470 1475 5521 ait
1502 5461 1641 5520 enim
1681 5469 1731 5521 in
1770 5461 1864 5522 lih.

294 5543 354 5582 ιιι
386 5540 570 5582 contra
606 5532 787 5587 i‘attst.
824 5551 836 5585 :
875 5533 1058 5587 Elimea
1087 5554 1267 5601 pueros
1310 5538 1635 5598 insultantes,
1679 5549 1723 5591 et
1770 5541 1866 5589 cla-

292 5615 916 5676 mnfescuvancauﬁ,
946 5606 1114 5659 bestia’
1148 5608 1447 5672 comedunt;
1479 5610 1661 5676 puerili
1707 5610 1865 5661 stulti—

294 5678 349 5746 tia
375 5671 665 5746 deridentes
694 5672 952 5746 Christum
1001 5678 1053 5728 in
1101 5677 1211 5731 loco
1253 5671 1501 5731 Catamiti:
1547 5679 1863 5745 cruci/ixmil,

296 5743 440 5793 tumst
487 5754 521 5793 α
560 5743 878 5797 ἀίεηιοιιίὸιιε
920 5755 1146 5811 peremit.
1200 5748 1532 5816 Superiorem
1584 5743 1757 5803 autem
1802 5749 1865 5803 de

2060 4645 2181 4698 111.
2233 4645 2396 4699 Dseas
2442 4644 2643 4699 Christi
2698 4646 3030 4702 demonstrat
3078 4648 3320 4718 ﬁguram,
3371 4648 3457 4717 qui
3499 4664 3567 4704 ex

1979 4834 2166 4888 eodem
2200 4832 2390 4887 Elisteo
2416 4843 2469 4887 et
2509 4832 2733 4903 Domino
2767 4832 3075 4901 allegoriam
3108 4835 3333 4903 exponit
3380 4836 3565 4892 beatus

1982 4905 2291 4958 Ambrosius
2325 4904 2375 4957 in
2417 4904 2573 4971 epist.
2606 4902 2697 4955 ult.
2732 4902 2824 4956 lib.
2860 4918 2931 4956 tv.
2965 4903 3129 4957 SUAB.

2052 4974 2173 5027 102.
2229 4974 2467 5027 Naaman
2518 4973 2702 5041 Syrus.
2769 4974 3000 5041 Exponit
3067 4974 3202 5026 hanc
3255 4973 3562 5043 allegoriam

1982 5046 2164 5098 beatus
2214 5046 2535 5113 Augustinus
2587 5046 2643 5113 in
2686 5058 2847 5096 serm.
2902 5043 3004 5097 108
3048 5044 3114 5097 de
3156 5054 3412 5109 tempore,
3473 5049 3560 5101 uli

1979 5115 2188 5183 egregie
2214 5116 2287 5166 ait
2318 5133 2330 5166 :
2365 5114 2569 5166 Audiuit
2594 5112 2835 5166 Neam/tn
2862 5114 3101 5183 puellam,
3127 5122 3173 5164 et
3198 5117 3327 5166 venit
3345 5120 3411 5167 ad
3448 5116 3562 5170 Eli-

1979 5182 2156 5247 sirunt,
2185 5187 2379 5238 audivit
2407 5185 2626 5253 populus
2655 5187 2877 5251 gentium
2906 5182 3239 5252 prophetiam,
3271 5195 3314 5236 et
3337 5190 3467 5239 venit
3494 5191 3563 5240 ad

1980 5256 2257 5308 Christum.
2306 5256 2543 5309 Nattman
2575 5255 2772 5306 veniens
2809 5257 2876 5305 ad
2918 5253 3160 5305 Eltsmttnt
3195 5268 3408 5308 sana'ttr
3446 5275 3476 5310 α
3505 5264 3561 5311 le-

1977 5343 2090 5395 pra,
2126 5337 2171 5378 et
2209 5328 2425 5393 populus
2451 5328 2673 5393 gentium
2715 5326 2911 5376 ueniens
2945 5323 3012 5375 ad
3043 5322 3295 5378 Christum
3332 5332 3394 5379 ab
3421 5332 3562 5383 οηίηί

1976 5407 2292 5467 peccaturum
2316 5398 2456 5461 lepra
2485 5404 2750 5464 purgatur.
2783 5396 2949 5467 Sllan.

2056 5468 2171 5520 lO'l.
2205 5467 2275 5519 De
2307 5467 2438 5518 Isaia
2468 5466 2689 5532 aliisque
2723 5463 2995 5532 prophetis
3023 5463 3183 5517 multa
3213 5466 3449 5527 Isidorus
3477 5487 3560 5524 re-

1980 5537 2103 5605 petit
2137 5538 2186 5589 in
2216 5538 2348 5588 libro
2378 5536 2784 5588 l’rnteuiiorum.
2808 5536 2987 5605 ΔΑῐιεν.

2050 5606 2141 5658 111
2210 5606 2386 5659 Oscos.
2421 5607 2564 5659 llauc
2604 5602 2909 5667 allegoriam
2953 5607 3252 5667 illustravit.
3286 5619 3335 5663 et
3377 5612 3555 5665 multis

1978 5677 2238 5730 similibus
2283 5677 2540 5748 exentplis
2586 5676 2925 5743 locupletavit
2971 5676 3152 5730 beatus
3202 5679 3556 5748 Hieronymus

1984 5748 2033 5801 itt
2066 5761 2289 5814 proterit.
2338 5748 2398 5798 all
2434 5746 2737 5800 l’auttuach.
2765 5748 2815 5799 iu
2847 5748 3035 5802 Oscam
3084 5748 3334 5818 l’ropltet.
3383 5746 3551 5806 SUAtt.
