4104 6172
274 321 375 375 117

266 536 443 578 strum
471 533 654 579 natum
685 535 739 578 et
772 539 982 592 passum
1025 527 1369 593 annuntians,
1394 529 1444 581 in
1473 530 1868 584 similitudinem

269 615 509 668 hmninis
540 626 835 682 comparat.

344 707 475 761 132.
510 706 747 770 Marcus,
793 722 820 757 a
855 707 1141 761 solitudine
1171 723 1416 774 exorsus,
1450 707 1615 763 leonis
1646 709 1865 779 ﬁguram

270 799 488 865 induit,
541 810 597 853 et
641 796 840 852 Christi
895 814 1113 870 regnum
1165 801 1417 855 invicmm
1472 803 1868 873 potentiamque

268 889 596 957 proclamat.

348 978 477 1033 155.
533 979 703 1033 Lucas
743 995 957 1047 quoque
1006 996 1100 1049 per
1148 982 1299 1037 vituli
1348 984 1631 1055 mysticum
1662 987 1863 1041 vultum

261 1067 550 1122 Christum
584 1083 682 1135 pro
716 1069 868 1123 nobis
898 1072 1150 1138 praedicat
1193 1073 1545 1129 immolatum.

343 1162 472 1215 15-1.
501 1160 735 1214 Joannes
766 1174 945 1216 autem
994 1178 1089 1229 per
1128 1165 1350 1232 liguram
1401 1166 1592 1234 aquilae
1618 1169 1862 1222 eumdem

266 1252 563 1306 Dominum
611 1261 734 1320 post
782 1253 1230 1308 resurrectionem
1300 1257 1478 1310 carnis
1534 1257 1867 1314 demonstrat

263 1342 519 1395 evolasse
546 1342 598 1394 in
628 1341 849 1396 caelum.

344 1432 475 1487 155.
510 1431 700 1487 Petrus
725 1448 1007 1500 personam
1035 1435 1290 1490 Ecclesia:
1318 1447 1511 1506 gestat,
1561 1455 1678 1509 quae
1710 1441 1868 1495 habet

267 1532 595 1590 potestatem
651 1524 955 1579 dimittendi
1011 1537 1254 1596 peccata,
1284 1539 1441 1598 atque
1471 1532 1755 1588 reducendi
1800 1535 1867 1589 ab

266 1616 463 1671 lnferis
494 1616 741 1670 homines
768 1616 835 1668 ad
865 1618 1103 1671 ccelestia
1131 1634 1290 1689 regna
1322 1621 1535 1692 (Matth.
1568 1624 1666 1693 vi).

346 1704 476 1761 136.
507 1706 752 1775 Apostoli
781 1722 995 1776 quoque
1024 1724 1211 1765 omnes
1263 1717 1424 1767 totius
1454 1714 1705 1771 Ecclesire
1738 1731 1861 1786 pora

1180 319 1596 381 ALLEGORIE
1637 323 1946 393 ΟυᾸίὓΑὶῑ
1989 323 2399 384 ὃεῆἰρτυῐὶιε
2432 328 2701 385 SACRJE.

344 434 471 488 151.
497 431 774 486 Mattheus
821 431 961 486 enint
1003 432 1249 489 eumdem
1304 435 1712 505 Redemptorem
1770 453 1865 492 no-
1899 442 1949 497 Α

3448 338 3564 393 118ι

2048 438 2169 494 145.
2213 442 2485 508 Herodes,
2518 445 2606 512 qui
2640 443 2927 500 infantibus
2958 464 3143 505 nvcem
3176 453 3353 507 intulit.
3383 452 3562 522 (Mat--

1971 529 2118 582 tlteus
2148 536 2238 599 ιι),
2286 532 2478 587 diaboli
2525 532 2546 586 l'
2584 550 2748 588 rmatn
2797 539 3089 603 expressit,
3144 543 3226 596 vel
3272 545 3561 611 gentium:-

1971 621 2057 691 qui
2078 663 2092 687 ,
2117 624 2393 691 cupientes
2417 624 2764 693 exstinguere
2792 643 2982 683 nomen
3005 631 3202 686 Christi
3230 635 3295 690 tle
3322 636 3542 703 mundo,

1970 714 2020 768 in
2052 714 2201 769 mede
2228 727 2518 786 martyrum
2548 719 2855 771 saevierunt.

2041 805 2164 860 144.
2208 807 2333 861 Muli
2364 809 2415 862 itt
2450 808 2739 878 Evangelio
2769 810 3071 879 signiﬁcant
3104 813 3221 870 illos
3262 817 3350 883 qui
3384 818 3542 874 iidem

1966 893 2167 950 Christi
2201 911 2306 951 non
2337 898 2679 952 confitentur.

2039 986 2161 1041 “5.
2203 986 2339 1041 Caeci
2382 988 2503 1042 illos
2542 989 2751 1056 signant
2790 989 2879 1059 qui
2930 990 3085 1047 iidem
3127 1008 3283 1063 quam
3315 998 3543 1051 credunt

1968 1090 2299 1146 nequaquam
2332 1076 2650 1148 intelligunt.

2040 1167 2165 1221 146.
2207 1168 2363 1222 Surdi
2407 1169 2530 1224 illos
2574 1171 2803 1238 figurant
2843 1172 2929 1241 qui
2972 1188 3079 1227 non
3122 1174 3379 1231 exhibent
3416 1179 3543 1233 obe-

1967 1257 2220 1311 dientiam
2256 1268 2669 1326 praeceptorum.

2039 1345 2163 1403 147.
2207 1349 2392 1403 Claudi
2439 1350 2562 1404 illos
2607 1351 2977 1408 demonstrant
3013 1357 3100 1423 qui
3144 1357 3365 1426 implere
3406 1335 3545 1427 pra:-

1966 1448 2118 1505 ct‘pta
2151 1438 2408 1493 salutaria
2440 1442 2732 1509 negligunt.

2042 1531 2169 1585 1-58.
2214 1532 2383 1585 Homo
2413 1534 2648 1601 prudens
2669 1574 2683 1597 ,
2715 1535 2802 1603 qui
2838 1536 3121 1592 mdilicavit
3150 1540 3367 1595 domum
3396 1557 3544 1596 suam

1968 1637 2125 1688 supra
2173 1636 2419 1692 petram,
2463 1626 2729 1694 significat
2770 1627 3045 1684 doctorem
3092 1631 3336 1699 fidelem,
3377 1633 3466 1703 qui
3495 1635 3549 1689 in

1968 1714 2184 1769 Christo
2231 1714 2488 1771 doctrinae
2535 1731 2648 1773 suae
2698 1728 2752 1774 et
2797 1720 2918 1776 vita:
2968 1738 3080 1777 sua:
3124 1724 3548 1782 stabilimentum

266 1808 383 1851 tant
420 1806 633 1870 typum.
666 1800 789 1866 quia
822 1809 876 1852 et
907 1800 1063 1854 iidem
1093 1802 1143 1854 in
1173 1803 1501 1860 dimittendis
1531 1810 1762 1876 peccatis
1791 1811 1861 1864 si.
1897 1804 1939 1861 Β
1967 1803 2262 1858 constituit.

268 1890 454 1943 utilem
502 1900 830 1956 acceperunt
878 1898 1220 1959 potestatem,
1270 1894 1529 1951 habentes
1560 1902 1771 1967 quidem
1809 1912 1862 1956 et

268 1978 498 2032 formam
533 1982 957 2049 patriarcharum
979 2023 995 2049 ,
1025 1984 1114 2052 qui
1150 1998 1244 2054 per
1273 1987 1490 2041 verbum
1526 1992 1860 2058 praedicatio-

271 2074 356 2126 nis
385 2076 438 2128 in
472 2082 584 2128 toto
615 2073 748 2129 cibe
795 2088 1060 2129 terrarum
1112 2077 1221 2133 Deo
1270 2081 1492 2151 populos
1519 2083 1862 2153 spiritualiter

268 2175 595 2234 genuerunt.

346 2257 465 2311 157.
499 2259 850 2328 Septuaginta
882 2262 989 2316 duo
1018 2263 1262 2333 discipuli
1294 2266 1593 2335 significant
1631 2270 1862 2324 illustra-

271 2349 477 2403 tionem
506 2351 669 2404 totius
687 2351 835 2407 orbis
860 2368 954 2421 per
979 2353 1319 2426 Evangelium
1343 2358 1635 2415 Trinitatis.
1666 2362 1856 2431 Viginti

265 2450 501 2509 quatuor
557 2443 701 2497 enim
759 2443 908 2499 horis
940 2447 1167 2501 mundus
1200 2450 1373 2503 omnis
1430 2456 1716 2521 peragitur.
1772 2455 1859 2521 qui

268 2548 537 2587 numerus
581 2535 877 2603 triplicatus
928 2547 1144 2608 propter
1183 2542 1424 2595 eamdem
1456 2542 1766 2598 Trinitatem
1808 2545 1859 2597 in

270 2639 437 2692 ιηιι,
488 2624 793 2679 deducitur.
865 2626 1070 2681 Idcirco
1140 2639 1313 2683 autem
1373 2633 1656 2686 mittuntur
1706 2634 1856 2699 bini,

270 2727 495 2785 promer
537 2719 931 2787 praedicandum
981 2721 1074 2775 Dei
1122 2737 1382 2787 amorem,
1417 2733 1468 2777 et
1495 2725 1746 2793 proximi,
1776 2728 1860 2780 vel

271 2810 658 2881 mysteriorum
690 2812 901 2880 gemina
927 2812 1286 2868 Testamenta.

348 2901 509 2971 137
564 2899 688 2954 158.
745 2902 941 2971 .loseplt
1003 2906 1178 2973 typice
1223 2905 1421 2959 Christi
1464 2909 1695 2975 gestavit
1733 2922 1861 2974 spe-

264 2995 445 3059 ciem,
481 2994 571 3063 qui
602 2994 667 3047 ad
706 2996 1003 3049 custodiam
1047 3007 1248 3050 sanctte
1282 2998 1539 3051 Ecclesia:
1576 2998 1860 3067 deputatus

263 3099 346 3141 est
371 3127 390 3152 ,
420 3101 543 3155 quze
574 3102 678 3139 non
712 3087 872 3141 habet
903 3087 1171 3142 maculam
1192 3133 1205 3153 ,
1236 3098 1324 3142 aut
1360 3104 1564 3158 rugam.

2040 1894 2159 1949 H9.
2205 1895 2300 1949 llle
2328 1911 2485 1963 vero,
2525 1899 2611 1966 qui
2649 1899 2935 1955 aedificavit
2961 1901 3176 1956 domum
3210 1919 3358 1959 suam
3389 1920 3546 1975 super

1965 2002 2219 2055 arenam,
2265 1988 2576 2044 luereticum
2622 1992 2896 2061 designat,
2942 1994 3033 2063 qui
3075 1996 3303 2051 :edilicat
3343 1999 3544 2052 doctri-

1965 2095 2086 2134 nam
2120 2079 2307 2133 falsam
2331 2120 2347 2143 .
2381 2092 2438 2135 ut
2467 2082 2670 2137 ruinam
2702 2084 2859 2139 faciat
2889 2102 3152 2154 magnam.

2042 2171 2199 2241 138
2239 2170 2361 2226 150.
2404 2172 2697 2242 Leprosus,
2739 2192 2894 2243 quem
2925 2177 3171 2232 Christus
3210 2180 3544 2236 descendens

1963 2266 2031 2320 de
2080 2276 2259 2321 monte
2309 2268 2535 2335 primum
2575 2270 2779 2322 culavit
2820 2268 3033 2339 (Matth.
3071 2273 3219 2341 vm),
3253 2272 3541 2327 humanum

1963 2356 2156 2408 indicat
2191 2372 2357 2423 genus
2385 2356 2562 2411 delicti
2593 2357 2839 2424 contagio
2872 2360 3219 2414 maculosum.

2036 2448 2159 2502 151.
2206 2445 2317 2500 Hoc
2348 2448 2694 2516 Redempmr,
2722 2448 2848 2502 dum
2877 2449 2944 2502 de
2970 2451 3229 2505 malorum
3260 2451 3539 2507 altitudine

1965 2538 2115 2604 quasi
2149 2539 2215 2591 de
2245 2548 2425 2592 monte
2450 2539 2764 2606 descendit,
2801 2556 2826 2590 a
2861 2542 3010 2593 vario
3052 2542 3355 2597 dzi-monutn
3396 2544 3543 2598 cultu

1963 2628 2231 2693 detraxit,
2265 2629 2523 2697 atquein,
2550 2630 2805 2684 unitatem
2842 2630 2960 2685 lidei
2992 2633 3276 2698 reparavit.

2037 2719 2162 2774 152.
2205 2718 2460 2774 Centurio
2506 2720 2523 2792 (
2552 2719 2730 2791 Ibid.)
2774 2720 2931 2775 [idem
2964 2721 3200 2790 gentium
3234 2723 3499 2791 signitiCat
3526 2764 3543 2789 ,

1964 2824 2083 2879 qua:
2113 2810 2343 2865 salutem
2376 2811 2584 2868 filii'sui
2617 2811 2814 2866 infirmi
2844 2812 2908 2866 ad
2941 2821 3166 2867 mortem
3201 2829 3415 2881 pe=ens,
3451 2817 3545 2868 bu-

1963 2900 2160 2955 mlliter
2199 2902 2332 2955 dixit
2376 2917 2392 2955 :
2440 2903 2656 2963 Domine
2681 2947 2697 2966 ,
2733 2919 2834 2956 non
2863 2919 2972 2957 sum
2996 2904 3150 2973 digna
3182 2914 3236 2956 ut
3265 2905 3423 2958 intres
3450 2905 3544 2958 sub

1962 2999 2151 3043 tectum
2178 3008 2377 3055 meum,
2406 3007 2530 3060 quae.
2548 3002 2810 3061 persecuta
2837 3008 2949 3045 sum
2982 2991 3266 3045 Ecclesium
3299 3003 3455 3045 tuam.

2042 3078 2162 3134 155.
2205 3080 2342 3134 Puer
2381 3091 2560 3135 autem
2608 3081 2981 3148 Centurionis,
3012 3092 3066 3135 et
3098 3084 3200 3135 lilia
3231 3083 3544 3137 Chananmac

341 3177 473 3231 139,
520 3178 684 3231 Maria
719 3188 898 3233 amem
933 3178 1229 3233 Ecclesia")
1260 3179 1553 3249 signiﬁcat,
1583 3196 1702 3250 qum
1734 3194 1852 3235 cum
1885 3165 1931 3230 Ο
1964 3170 2241 3235 mulieris,
2284 3185 2416 3238 quos
2459 3169 2706 3231 CittlSlllS
2747 3186 2851 3224 non
2896 3173 3115 3226 veniens
3156 3174 3219 3226 ad
3251 3187 3344 3227 808
3372 3174 3543 3226 salvat

267 3271 339 3323 sit
383 3269 709 3337 desponsata
751 3266 990 3335 Christo,
1023 3269 1174 3337 virgo
1213 3285 1311 3323 nos
1340 3271 1409 3324 de
1438 3269 1639 3339 Spiritu
1674 3282 1858 3326 sancto

262 3360 553 3427 concepit,
589 3358 739 3425 virgo
767 3357 930 3412 etiam
967 3358 1103 3426 parit
1133 3357 1349 3430 (Matth.
1384 3358 1445 3427 ι).

342 3450 468 3504 NO.
514 3449 805 3502 Zacharias
853 3449 1141 3516 sacerdos,
1194 3452 1319 3520 qui,
1366 3450 1555 3518 angelo
1593 3450 1855 3519 jubente,

263 3540 537 3594 obmutuit
566 3537 720 3608 (an.
753 3554 766 3591 t
794 3540 844 3609 ),
876 3539 1148 3593 silentium
1182 3539 1319 3608 legis
1348 3548 1402 3595 et
1433 3541 1815 3609 prophetarum
1839 3583 1857 3610 ,

265 3628 598 3682 adveniente
625 3626 842 3681 Christi)
863 3670 876 3689 ,
914 3628 1171 3683 ostendit.

342 3716 466 3772 Ml.
511 3716 750 3771 Joannes
780 3716 1005 3771 formam
1040 3718 1222 3771 habuit
1265 3720 1432 3789 legis,
1467 3722 1555 3790 qui
1589 3720 1861 3777 Christum

269 3812 641 3873 annuntiavit,
674 3821 728 3865 et
784 3810 1155 3865 remissionem
1210 3823 1545 3882 peccatorum
1581 3832 1673 3884 per
1716 3816 1862 3870 lava-

270 3902 351 3954 cri
379 3900 613 3969 gratiam
648 3899 983 3966 praedicavit.

343 3990 467 4046 162.
509 3991 645 4060 Magi
691 3990 1055 4061 figuraverunt
1099 3992 1337 4059 gentium
1381 3994 1639 4061 populos,
1692 3996 1863 4050 lucem

273 4081 395 4133 ﬁdei
438 4082 793 4149 cognituros,
841 4080 1137 4135 indicantes
1178 4092 1630 4137 sacramentorum
1677 4100 1865 4140 mune-

272 4171 421 4225 ribus
452 4171 731 4224 Christum
756 4211 771 4234 ,
808 4185 905 4239 per
937 4170 1057 4224 tbus
1084 4185 1204 4224 esse
1235 4170 1435 4235 Deum,
1471 4186 1563 4239 per
1591 4175 1862 4242 myrrham

273 4256 550 4313 hominem
587 4274 800 4327 passum
827 4266 987 4325 atque
1014 4260 1281 4328 sepultum
1306 4301 1320 4326 ,
1344 4276 1437 4329 per
1466 4276 1651 4316 aurum
1684 4278 1863 4333 regem

270 4351 517 4404 omnium
545 4351 871 4404 seeculorum
906 4347 1119 4420 (Matth.
1159 4352 1239 4420 ll).

1967 3260 2193 3331 (Matth.
2222 3259 2346 3330 xv),
2380 3259 2594 3313 easdem
2626 3270 2812 3331 gentes
2841 3263 3171 3326 ostendunt,
3202 3278 3334 3331 quas
3366 3264 3544 3317 Doml‘

1964 3369 2067 3409 nus
2100 3369 2203 3407 non
2236 3353 2501 3420 corporali
2535 3352 2813 3419 prtesentia
2845 3354 3113 3410 visitavit.
3144 3356 3234 3409 sed
3262 3370 3359 3427 per
3388 3354 3543 3409 (idem

1962 3445 2108 3499 verbi
2140 3444 2385 3497 salvavit.

2036 3536 2161 3591 151.
2207 3538 2321 3607 Ipsa
2363 3552 2573 3607 quoque
2618 3536 2810 3590 mulier
2845 3535 3145 3591 Chananaza
3186 3535 3399 3604 (Ιὺίά.)
3444 3538 3543 3591 Ec-

1965 3630 2143 3684 clesia:
2172 3644 2236 3684 ex
2270 3630 2517 3698 gentibus
2544 3627 2680 3699 gerit
2713 3629 2933 3697 figuram
2954 3667 2971 3692 ,
3012 3644 3129 3696 qua:
3162 3639 3408 3699 tanquam
3451 3645 3540 3680 ca-

1970 3721 2051 3774 tis
2079 3720 2354 3788 quaerebat
2386 3721 2553 3773 micas
2592 3719 2660 3774 de
2703 3734 2887 3774 mensa
2932 3718 3303 3781 dominatum,
3345 3719 3395 3771 id
3426 3728 3507 3772 est
3530 3758 3542 3777 .

1969 3810 2152 3863 satiari
2183 3809 2449 3862 doctrinis
2481 3808 2847 3876 apostolorum
2878 3818 2931 3863 et
2965 3808 3365 3875 prophetarum.

2045 3900 2167 3955 155.
2210 3902 2410 3952 Socrus
2440 3898 2581 3951 Petri
2614 3896 2844 3952 febriens
2876 3896 3091 3966 (Matth.
3131 3895 3256 3962 vin)
3287 3896 3548 3965 significat

1973 3991 2354 4061 Synagogam,
2399 3997 2531 4042 aestu
2580 3987 2876 4040 carnalium
2926 3988 3311 4042 desideriorum
3360 4001 3545 4042 accen-

1970 4098 2122 4145 sam,
2154 4081 2304 4147 cujus
2335 4080 2441 4131 lilia
2471 4088 2553 4133 est
2600 4092 2721 4148 pars
2764 4078 2851 4132 illa
2893 4078 3225 4134 credentium
3267 4094 3384 4149 qua:
3424 4076 3545 4130 data

1969 4181 2051 4228 est
2084 4170 2246 4225 Petro
2276 4168 2530 4237 regenda.

2041 4260 2165 4317 156.
2209 4261 2391 4314 Scriba
2422 4258 2749 4327 repudiatus,
2784 4259 2873 4329 qui
2905 4270 3119 4328 propter
3148 4269 3410 4328 quaestum
3444 4258 3546 4312 Do-

1974 4356 2174 4412 minum
2206 4353 2537 4420 sequebatur
2566 4353 2753 4424 (lbid.)
2779 4394 2791 4415 ,
2821 4352 3078 4421 significat
3111 4366 3202 4405 eos
3234 4351 3321 4416 qui
3353 4349 3548 4403 Citriin

345 4527 475 4582 13$.
500 4525 736 4580 Joannes
760 4536 950 4602 autem_.
995 4526 1087 4602 Hae
1131 4524 1317 4602 prima}
1346 4528 1578 4602 quinque
1607 4531 1873 4597 allegoriae
1910 4546 1951 4602 ι)
1979 4530 2151 4602 reddit
2189 4543 2296 4602 cur
2328 4525 2472 4602 impii
2522 4526 2766 4602 homines
2804 4538 2925 4602 cum
2956 4538 3140 4602 arena
3162 4522 3546 4602 conferantur:

274 4606 504 4664 sumpta:
534 4609 660 4650 situt
687 4613 748 4650 ex
783 4613 795 4649 ι
829 4613 879 4650 c.
912 4596 1127 4661 Ezech.;
1160 4612 1263 4662 quo
1295 4596 1413 4651 loco
1459 4599 1644 4654 beatus
1688 4596 1874 4658 lliero-

277 4682 471 4736 nymus
497 4669 708 4721 erudite
739 4667 956 4720 disserit
985 4667 1053 4721 de
1084 4666 1185 4738 hoc
1207 4679 1543 4734 argumento,
1573 4672 1711 4738 quod
1746 4675 1869 4726 ube-

278 4740 388 4809 t’ius
440 4744 637 4791 tractat
689 4739 741 4791 in
813 4739 1069 4805 procemio
1125 4737 1176 4790 in
1244 4737 1659 4809 commentarios
1711 4757 1873 4809 super

282 4808 469 4862 Matth.
500 4809 817 4877 Congruunt
866 4817 1040 4862 autem
1088 4822 1208 4860 cum
1256 4808 1509 4863 vaticinio
1570 4808 1867 4867 Ezechielis

278 4895 338 4931 ea
368 4895 490 4947 quae
514 4877 585 4931 de
616 4876 819 4931 eisdem
851 4877 1171 4932 animalibus
1199 4879 1385 4933 scribit
1434 4880 1619 4934 beatus
1645 4880 1864 4949 Joann.,

278 4952 448 5016 Apoc.
485 4963 563 5003 tv.
595 4949 761 5005 Susa.

352 5020 475 5076 l37.
519 5018 865 5088 Septuaginta
911 5018 1033 5071 duo.
1066 5017 1314 5072 Mundum
1345 5034 1523 5087 peragi
1556 5036 1692 5075 xxrv
1721 5023 1866 5078 horis

281 5090 506 5153 perinde
530 5100 637 5163 est,
668 5104 731 5163 ac
755 5090 797 5143 si
822 5089 1045 5163 diceret,
1091 5097 1245 5163 motu
1278 5091 1429 5155 primi
1473 5093 1592 5144 ςαξιί
1633 5096 1651 5159 (
1682 5110 1866 5163 empy-

283 5175 433 5212 reum
463 5158 675 5227 excipio
703 5160 722 5227 )
755 5174 876 5212 XXIV
928 5158 1073 5213 horis
1097 5158 1375 5213 inferiores
1402 5174 1587 5216 omnes
1618 5158 1868 5219 emiestes

283 5230 446 5284 orbes
474 5230 788 5297 circumagi.
825 5230 990 5283 Susa.

358 5298 478 5353 H2.
526 5299 605 5371 De,
633 5301 793 5368 Magis
822 5314 886 5371 ac
914 5312 1190 5351 munerum
1218 5297 1488 5354 oblatione
1509 5341 1523 5363 ,
1554 5317 1658 5371 qua
1680 5303 1867 5359 Jesum

286 5369 557 5423 Christum
594 5370 758 5424 Deum
789 5370 1182 5430 adorat-erunt,
1214 5369 1606 5424 commentatus
1650 5388 1765 5425 smn
1799 5375 1865 5427 ad

286 5438 667 5506 Prudentium,
720 5441 904 5510 bymn.
959 5440 1023 5492 l2
1069 5438 1350 5502 Catltetn.,
1402 5456 1541 5494 vers.
1596 5440 1684 5495 69.
1742 5443 1871 5497 Vide

286 5509 441 5561 etiam
484 5521 640 5563 notas
685 5509 768 5563 ad
796 5510 1089 5564 Juveneunt
1112 5550 1127 5573 ,
1161 5510 1251 5562 lib.
1286 5524 1338 5573 ι,
1373 5525 1515 5566 vers.
1546 5511 1687 5576 285,
1722 5523 1777 5566 et
1804 5514 1870 5566 ad

289 5580 557 5634 Seduliqu
580 5623 594 5641 ,
632 5580 726 5635 lib.
762 5596 833 5643 ll,
869 5597 1005 5634 vers.
1040 5580 1133 5634 96.
1167 5584 1339 5633 Attev.

357 5648 477 5706 H9.
522 5651 622 5704 lite
644 5668 782 5706 vero.
818 5650 1006 5703 Beatus
1036 5649 1447 5721 Cluysostomus
1469 5692 1483 5714 ,
1520 5652 1571 5704 in
1605 5666 1723 5721 cap.
1760 5668 1829 5706 vti
1854 5695 1867 5720 ,

291 5714 506 5785 Matth,
564 5731 758 5776 tractat
818 5723 950 5774 hanc
1009 5714 1365 5789 allegoriam,
1418 5730 1469 5775 ct
1527 5733 1633 5778 tres
1673 5714 1872 5777 causas

1977 4600 2117 4669 quod
2148 4597 2361 4653 steriles
2404 4594 2509 4669 sint
2538 4605 2592 4649 et
2623 4595 2927 4669 infecundi,
2957 4594 3093 4669 quod
3131 4594 3179 4644 in
3224 4594 3398 4646 varias
3435 4596 3546 4669 opif

1980 4665 2166 4725 tiiones
2213 4668 2452 4721 distracti
2505 4667 2953 4737 nongcohcereant
3001 4665 3141 4737 inter
3179 4676 3270 4726 se,
3310 4673 3383 4737 ett
3410 4665 3548 4729 quod

1975 4741 2081 4794 sint
2111 4738 2526 4811 innumerabiles
2545 4776 2559 4797 ,
2591 4735 2745 4811 sicut
2772 4749 2965 4799 arena,
2994 4736 3176 4811 _Apoc.
3220 4748 3316 4810 xx.
3344 4733 3549 4811 .Beatns

1976 4821 2150 4863 autem
2185 4809 2541 4876 Hieronymus
2571 4806 2783 4876 proprie
2813 4814 2960 4872 putat
2993 4803 3093 4857 hoc
3122 4803 3387 4856 lt:ereticis
3416 4818 3548 4855 con-

1976 4896 2179 4935 venire.
2214 4880 2377 4933 Susa.

2045 4949 2169 5005 150.
2216 4949 2486 5021 Leprosus.
2531 4947 2672 5021 lianc
2717 4946 3031 5021 allegoriam
3074 4945 3295 5021 videtur_
3323 4959 3369 5021 a_
3393 4943 3550 4997 beato

1977 5021 2178 5075 Isidoro
2210 5013 2346 5074 Beda
2377 5018 2698 5085 sumpsisse,
2728 5013 2947 5085 qui'l'uit
2988 5018 3102 5081 ejus
3146 5013 3402 5081 imprimis
3442 5025 3547 5066 stu--

1975 5092 2156 5146 diosus
2177 5134 2191 5156 ,
2226 5102 2278 5142 et
2307 5100 2517 5143 centum
2548 5088 2701 5140 annis
2730 5088 3013 5156 posterior.
3048 5086 3210 5140 Son.

2048 5154 2370 5214 152ξΝυιειι
2420 5169 2594 5211 autem
2646 5154 2830 5209 beatus
2880 5155 3233 5221 AugUstinus,
3282 5154 3548 5207 centurio-

1976 5248 2099 5285 nem
2119 5272 2132 5294 ,
2167 5245 2285 5283 cum
2309 5228 2418 5297 jam
2447 5228 2627 5283 Judma
2655 5227 3021 5297 Romanorum
3053 5223 3313 5297 |tf£l‘Sl_(!lia
3339 5234 3547 5276 tenere-

1978 5312 2085 5367 tur,
2122 5292 2369 5369 geiitileitt
2414 5298 2623 5369 fuisse;
2662 5311 2819 5369 quem
2860 5298 2933 5347 ait
2971 5295 3156 5369 beatus
3200 5292 3547 5369 Hieronymus

1980 5365 2268 5439 principem
2301 5367 2567 5422 exstitisse
2596 5365 3263 5439 gentiutit_crcdititt:a_rttm.
3295 5368 3460 5417 δυω.

2054 5433 2177 5494 156⁷.
2222 5440 2401 5494 Setiba
2454 5438 2768 5505 repudiatus.
2829 5436 3018 5487 Beatus
3072 5433 3429 5505 Hieronymus
3476 5435 3550 5486 ait

1980 5511 2210 5565 scribam
2243 5503 2577 5576 repudiatum
2599 5547 2613 5571 ,
2646 5506 2783 5573 quod
2826 5506 3095 5576 signorum
3130 5503 3312 5557 videns
3344 5505 3549 5570 magni-

1982 5581 2247 5643 tudinem,
2297 5574 2444 5646 sequi
2496 5576 2726 5630 voluerit
2771 5574 3140 5646 Salvatorem,
3187 5584 3246 5646 ut_
3293 5576 3437 5646 lucra
3484 5587 3549 5625 ex

1982 5665 2199 5713 operum
2237 5641 2510 5700 mira—culis
2550 5650 2846 5713 quaereret,
2893 5643 2994 5697 hoc
3035 5641 3175 5697 idem
3216 5642 3552 5697 desiderasse

1982 5720 2123 5787 quod
2150 5726 2203 5773 et
2230 5719 2413 5774 Simon
2442 5716 2620 5787 Magus
2648 5730 2676 5767 a
2706 5715 2864 5769 Petro
2892 5728 3071 5771 emere
3099 5713 3357 5770 voluerat.
3388 5713 3547 5767 Sua.
