4108 6178
534 305 635 360 119

1570 296 1625 351 S.
1669 294 1913 351 lSlDORl
1956 292 2392 349 HlSPALENslS
2434 292 2735 349 EPISCOPI

3700 292 3720 345 1
3732 294 3796 347 '20

538 423 700 478 fidem
734 436 839 474 non
878 427 1093 487 prttp‘er
1141 413 1422 475 Dominum
1444 449 1461 476 ,
1504 408 1598 464 sed
1643 416 1863 479 propter
1910 408 2115 462 lucrum
2149 412 2193 467 Α
2226 417 2329 471 tur,
2355 407 2546 475 quibus
2576 418 2776 470 tamen,
2807 406 3031 473 expulso
3057 419 3085 458 a
3114 403 3275 459 corde
3302 404 3601 459 dauuonum
3632 405 3794 470 cultu,

530 513 713 570 smculi
744 518 1020 580 appetunt.

603 603 726 659 157.
775 600 1136 655 [immaniacus
1185 609 1343 665 quem
1388 592 1644 647 Dominus
1676 594 1726 646 in
1762 592 1981 661 regiOne
2010 594 2114 648 Ge-

533 707 844 749 rasenorum
876 706 906 743 a
938 689 1242 741 dmmonum
1288 684 1495 752 legione
1536 684 1745 737 curavit
1776 681 1966 752 (Ibid.)
1990 722 2005 746 ,
2038 684 2113 737 si.

533 784 751 855 gnificat
775 779 1024 850 gentilem
1055 775 1311 845 populum
1341 774 1629 827 multorum
1658 774 1888 826 cultibus
1917 774 2116 827 daemo-

533 876 743 929 ttittrum
774 869 1081 923 obnoxium.

611 961 730 1019 158.
773 960 1027 1015 Pastores
1079 971 1361 1025 porcorum
1414 954 1705 1023 fugientes,
1756 957 1843 1024 qui
1894 971 1955 1011 ea
1998 972 2117 1022 qua:

535 1063 683 1123 gesta
716 1061 839 1105 sunt
870 1049 1115 1103 nuntiant
1150 1051 1201 1101 ιιι
1243 1047 1515 1100 civitatem
1558 1044 1777 1116 (Ibid),
1819 1046 2118 1113 signiﬁcant

536 1143 807 1215 principes
841 1141 1127 1208 impiorum
1149 1179 1163 1201 ,
1192 1136 1282 1205 qui
1311 1138 1437 1190 dum
1471 1136 1627 1189 fidem
1659 1136 1852 1191 Clit-isti
1889 1137 2114 1203 fttgiunt,

537 1238 758 1291 virtutes
781 1244 957 1287 tamen
989 1231 1102 1299 ejus
1131 1236 1402 1298 stupentes
1436 1228 1695 1280 miran‘ur
1723 1236 1775 1279 et
1808 1229 2112 1294 praedicant.

608 1331 731 1389 159.
774 1329 1137 1400 Paralyticus,
1166 1326 1352 1395 jacens
1400 1328 1451 1379 in
1502 1326 1695 1381 lectulo
1743 1324 1963 1385 (Matth.
2000 1321 2111 1390 ιιι),

536 1427 711 1481 anima
745 1432 825 1477 est
852 1420 998 1475 vitiis
1027 1421 1280 1474 dissoluta
1314 1419 1367 1473 in
1404 1420 1561 1489 139
1590 1433 1815 1486 corpore
1848 1432 1969 1481 suo,
1997 1429 2116 1484 quae

537 1521 663 1572 dum
719 1516 877 1571 fuerit
930 1515 1096 1584 gratia
1147 1512 1343 1567 Christi
1402 1527 1496 1581 per
1543 1521 1879 1579 peccatorum
1926 1509 2115 1563 remis-

538 1610 741 1664 sionem
772 1616 955 1663 sanata
981 1650 997 1673 ,
1030 1606 1308 1660 confestim
1328 1646 1342 1670 ,
1375 1606 1601 1673 pristino
1629 1605 1826 1658 robore
1856 1612 2074 1673 recepto
2096 1644 2111 1666 ,

539 1703 801 1771 resurgit,
835 1712 889 1754 et
919 1699 1112 1754 lectum
1144 1698 1352 1761 carnis,
1386 1699 1435 1750 in
1468 1712 1574 1764 quo
1602 1696 1791 1751 debilis
1820 1707 1943 1749 ante
1974 1701 2114 1762 jar-e-

2219 497 2345 549 dum
2374 497 2600 564 primum
2636 497 2806 549 lucem
2843 495 3182 563 perceperint
3210 494 3328 549 ﬁdei
3351 536 3364 555 .
3399 505 3577 563 postea
3601 495 3665 547 ad
3692 495 3798 548 lau~

2220 572 2452 640 dandum
2477 588 2642 640 Deum
2668 602 2853 640 eorum
2880 587 3058 655 lingua
3087 586 3394 654 resolvitur,
3430 596 3487 641 ut
3515 588 3803 642 confitean-

2222 687 2306 730 tur
2330 692 2451 729 ettnt
2486 693 2641 743 quem
2671 688 2827 729 antea
2868 686 3214 747 negaverunt.

2294 768 2416 821 165,
2464 766 2630 821 llonto
2687 782 2900 819 manum
2951 766 3151 821 habens
3188 764 3390 818 aridam
3436 765 3661 835 (Matth.
3696 768 3804 837 xtl)

2218 859 2478 923 signiﬁcat
2507 859 2864 927 Synagogam,
2895 858 2974 910 vel
3002 856 3233 909 animam
3263 855 3649 910 misericordia
3673 873 3806 927 epe-

2221 948 2369 1003 ribus
2400 948 2781 1002 infructuosam
2805 988 2820 1010 ,
2853 947 2940 1001 cui
2971 963 3090 1001 cum
3124 948 3317 1002 dicitur
3347 947 3577 1002 Extende
3601 966 3807 1002 ιηαιιιιιιι

2219 1051 2355 1093 tuam
2381 1060 2411 1102 ,ν
2440 1039 2689 1093 admatet
2742 1053 2956 1108 semper
3001 1038 3372 1108 porrigendum
3412 1039 3808 1109 eleemosynaut

2224 1128 2565 1199 panperibtts.

2298 1222 2421 1275 161.
2464 1221 2636 1275 llomo
2661 1221 2728 1275 de
2754 1236 2858 1287 quo
2883 1221 3191 1275 immundus
3214 1222 3432 1290 spiritus
3454 1222 3666 1288 exiens,
3693 1241 3811 1277 rm-

2220 1328 2311 1367 Stts
2339 1328 2463 1367 eum
2492 1322 2716 1382 occupat
2739 1310 2930 1382 (Ibid.)
2957 1352 2971 1376 ,
3012 1312 3274 1380 signiﬁcat
3313 1313 3561 1380 populum
3601 1314 3812 1367 Judtnu-

2220 1419 2337 1457 rum
2369 1446 2385 1470 ,
2414 1414 2471 1458 et
2500 1404 2767 1458 hominem
2801 1404 3143 1471 pmttitentem
3167 1443 3181 1466 ,
3223 1404 3306 1456 cui
3347 1419 3440 1471 per
3471 1404 3808 1459 subsecutant

2219 1494 2591 1564 negligentiam
2616 1496 2790 1548 acrius
2814 1504 3044 1550 mentem
3073 1506 3299 1562 occupat
3326 1494 3498 1548 carnis
3532 1495 3689 1567 140
3714 1513 3809 1551 vo—

2219 1586 2411 1652 luptas,
2445 1584 2710 1654 adjttnctis
2736 1599 2915 1639 secum
2946 1585 3062 1639 aliis
3094 1596 3296 1653 septem
3332 1587 3612 1654 spiritibus
3655 1590 3809 1643 vitio-

2220 1691 2358 1741 rum,
2393 1676 2439 1729 id
2472 1685 2574 1739 est,
2605 1675 2896 1743 iracundia,
2930 1675 3172 1741 avaritia,
3207 1675 3432 1742 invidia,
3467 1688 3628 1748 atque
3669 1696 3804 1735 ven-

538 1794 662 1855 lm’
696 1763 759 1845 ξω
789 1763 1009 1845 domum
1040 1790 1293 1843 virtutum
1329 1763 1598 1856 τεροτίηι,
1640 1796 1697 1841 ul
1727 1803 1785 1841 se
1814 1788 1947 1840 imm
1992 1802 2118 1839 con-
2150 1782 2196 1840 Β
2223 1770 2317 1822 tris
2342 1768 2591 1838 ingluvie,
2616 1763 2761 1823 inani
2779 1768 2963 1839 gloria,
2988 1767 3336 1823 fornicatione
3356 1777 3515 1837 atque
3530 1774 3800 1839 superbia.

539 1883 779 1939 scientia:
809 1896 919 1935 sure
950 1890 1155 1934 secreta
1190 1881 1556 1947 constringat,
1600 1888 1655 1932 et
1696 1893 2025 1947 nequaquam
2069 1878 2120 1930 ιιι

541 1974 897 2029 exterioribus
928 1971 1065 2026 ultra
1106 1972 1470 2039 voluptatibus
1500 1970 1753 2024 dissoluta
1785 1971 2068 2023 discurrat.

614 2064 737 2119 160.
774 2063 1191 2134 Arcltisynagngi
1223 2063 1327 2116 lilia
1354 2105 1368 2129 ,
1402 2064 1466 2116 ad
1500 2078 1654 2133 quam
1685 2064 1807 2116 dntn
1836 2064 2124 2117 enrandam

542 2162 788 2224 pergeret
815 2154 1096 2215 Dominus,
1125 2161 1299 2205 tamen
1324 2153 1628 2222 priusquam
1654 2152 1720 2207 ad
1750 2168 1867 2207 eam
1897 2154 2124 2217 veniret,

544 2245 719 2315 tetigit
760 2260 881 2299 eum
927 2259 955 2297 a
994 2256 1142 2312 tergo
1172 2244 1378 2309 mulier,
1412 2260 1529 2312 qua:
1569 2244 1827 2313 profluvio
1856 2247 2128 2311 sanguinis

546 2336 819 2392 laborabat
849 2336 1041 2405 (Ibid.)
1063 2376 1078 2400 ,
1113 2335 1333 2404 ﬁguram
1365 2334 1548 2388 habuit
1578 2335 1833 2389 Ecclesia:
1867 2335 2128 2389 venientis

544 2444 609 2481 ex
641 2427 887 2497 gentibus
909 2470 923 2494 ,
975 2443 1091 2496 qua:
1123 2426 1247 2479 dum
1296 2435 1414 2494 post
1445 2425 1898 2493 pratdicationem,
1928 2435 1983 2480 et
2013 2436 2132 2494 post

547 2520 849 2587 passionem
876 2561 893 2585 ,
944 2528 997 2573 et
1045 2527 1164 2587 post
1208 2517 1576 2572 ascensionem
1625 2516 1825 2572 Christi
1866 2519 2124 2583 credidit,

544 2613 691 2683 quasi
719 2626 747 2665 a
777 2622 924 2681 tergo
952 2610 1235 2664 Dominunt
1269 2612 1458 2679 tetigit,
1484 2618 1541 2664 et
1569 2618 1695 2664 ante
1720 2611 1964 2679 accipere
1992 2612 2131 2665 salu-

545 2716 648 2758 tem
676 2719 833 2769 quant
867 2702 1167 2772 Synagoga,
1202 2702 1516 2770 promeruit.

620 2791 742 2851 161.
777 2791 889 2844 υιιυ
919 2792 1068 2851 caeci,
1093 2792 1250 2859 juxta
1282 2792 1419 2845 viam
1448 2791 1696 2845 sedentes
1721 2790 1932 2861 (fbid.),
1963 2791 2131 2860 signi-

550 2882 710 2935 ficant
738 2890 993 2951 utrosque
1027 2882 1251 2951 papulas
1278 2882 1605 2948 Judaeorum,
1638 2895 1797 2952 atque
1818 2882 2089 2952 gentilium
2115 2922 2129 2948 ,

551 2988 643 3039 per
674 2971 832 3026 fidem
861 2971 1077 3027 Christo
1116 2975 1603 3043 appropinquantes
1629 3015 1644 3042 ,
1678 2973 1765 3044 qui
1805 2974 1940 3030 dixit
1973 2993 1985 3028 :
2020 2974 2133 3044 Ego

546 3082 656 3118 sum
690 3065 794 3130 eia,
827 3065 1011 3118 veritas
1035 3072 1083 3116 et
1112 3064 1232 3118 vita.

2306 1860 2425 1915 165.
2465 1860 2893 1924 Paterfamilias,
2952 1859 3227 1926 proferens
3282 1859 3348 1914 de
3408 1862 3659 1915 thesauro
3710 1880 3811 1919 suo

2231 1970 2369 2007 nova
2401 1964 2455 2009 et
2487 1964 2671 2009 vetera
2703 1952 2917 2023 (Matth.
2955 1956 3099 2024 xm),
3132 1954 3373 2009 Christus
3403 1965 3505 2021 est,
3540 1959 3815 2025 proferens

2230 2048 2298 2100 de
2332 2047 2724 2115 impenetrabili
2759 2046 3015 2115 sapientia
3050 2064 3142 2100 sua
3182 2048 3389 2116 gemina
3430 2049 3767 2104 Testamenta
3796 2088 3812 2115 ,

2231 2140 2439 2193 scilicet
2474 2140 2656 2205 Vetus,
2685 2140 2736 2194 in
2767 2154 2872 2208 quo
2902 2138 3129 2193 felicitas
3160 2149 3373 2195 terrena
3401 2141 3738 2209 promittitur.
3761 2152 3820 2197 et

2233 2235 2455 2298 Novum,
2490 2250 2581 2300 per
2610 2232 2752 2301 quod
2782 2246 3005 2302 regnum
3037 2233 3293 2287 curiarum
3325 2245 3585 2302 speratur.

2306 2327 2427 2379 166.
2476 2326 2645 2380 llomo
2679 2326 2766 2393 qui
2797 2326 3078 2379 seminavit
3110 2326 3159 2378 in
3200 2342 3327 2394 agro
3359 2342 3458 2379 suo
3489 2342 3709 2395 granum
3740 2326 3818 2379 si-

2235 2424 2384 2492 napis
2415 2420 2565 2492 (Luc.
2594 2420 2712 2488 xm)
2755 2418 3000 2472 Christus
3042 2429 3163 2483 est,
3208 2420 3294 2485 qui
3341 2419 3619 2473 seminavit
3657 2420 3817 2473 ﬁdem

2236 2515 2286 2569 itt
2320 2512 2518 2567 mundo
2544 2556 2558 2581 ,
2593 2512 2645 2565 in
2680 2526 2783 2579 quo
2814 2510 3058 2565 volucres
3088 2509 3209 2566 coeli
3235 2551 3252 2579 ,
3284 2510 3333 2564 id
3362 2520 3445 2563 est
3469 2552 3483 2576 ,
3517 2510 3821 2578 spirituales

2234 2607 2425 2662 animm
2451 2605 2812 2672 requiescunt.

2309 2697 2428 2752 167.
2472 2697 2660 2752 Mulier
2685 2711 2802 2765 qua:
2836 2696 3150 2751 fermentum
3184 2697 3461 2752 abscondit
3488 2699 3538 2751 in
3567 2699 3697 2751 satis
3722 2698 3818 2752 tri-

2234 2792 2334 2848 bus
2375 2789 2564 2859 (Ibid.)
2590 2790 2854 2856 signiﬁcat
2885 2790 3199 2854 sapientiam
3228 2790 3519 2861 spiritualis
3541 2790 3822 2858 doctrinm,

2237 2883 2534 2938 ferventem
2565 2880 2617 2934 in
2649 2879 2928 2934 Trinitatis
2955 2895 3156 2934 amore.

2309 2972 2431 3027 168.
2477 2971 2647 3025 Homo
2674 3011 2688 3035 ,
2741 2971 2828 3039 qui
2872 2971 3240 3025 absconditum
3273 2972 3577 3025 thesaurum
3610 2970 3663 3025 in
3695 2986 3825 3040 agro

2239 3065 2441 3134 reperit
2473 3061 2685 3133 (Matth.
2724 3060 2864 3130 xm),
2898 3062 2987 3115 ille
3018 3070 3101 3117 est
3127 3061 3213 3128 qui
3243 3062 3293 3115 in
3320 3064 3420 3116 isto
3450 3062 3665 3126 mundo,
3693 3076 3824 3116 ven-

621 3157 744 3211 162.
782 3154 1110 3209 υωιῐιοιιίιιιιι
1143 3156 1366 3223 habens,
1395 3171 1569 3211 caecus
1592 3167 1643 3213 et
1670 3167 1865 3223 mutus,
1891 3156 1978 3227 qui
2006 3158 2137 3212 scri~
2167 3154 2213 3216 C
2245 3158 2368 3212 ditis
2397 3156 2667 3217 omnibus,
2698 3152 2967 3209 Christum
2999 3155 3270 3217 vitamque
3296 3162 3548 3208 aeternam
3572 3154 3823 3223 acquirit.

551 3247 693 3301 bitur
722 3261 750 3300 a
778 3245 1060 3301 Salvatore
1091 3256 1303 3300 curatus
1336 3248 1527 3318 (Ibid.)
1555 3289 1569 3309 ,
1608 3248 1802 3302 indicat
1831 3262 1925 3301 eos
1949 3249 2035 3316 qui
2064 3263 2130 3302 ex

550 3338 845 3393 idololatria
873 3340 1111 3409 gentium
1144 3340 1209 3391 ad
1252 3338 1410 3393 ﬁdem
1440 3339 1764 3393 dominicam
1807 3351 2127 3395 convertun-

621 3472 745 3545 159.
790 3470 1138 3545 Paralylicus.
1165 3472 1548 3545 Cat-rectiores
1588 3485 1710 3527 sunt
1741 3474 1834 3528 Iil).
1870 3491 2021 3545 mss.,
2045 3479 2132 3545 qui

554 3544 747 3595 habent
776 3542 948 3593 anima
979 3543 1109 3593 vitiis
1139 3544 1418 3609 dissoluta,
1451 3559 1608 3611 quam
1642 3546 1826 3612 lmpr.,
1865 3547 1913 3597 in
1943 3542 2133 3612 quibus

554 3612 852 3686 est_anint_a
893 3611 1027 3664 vitiis
1073 3612 1339 3686 desolata;
1393 3628 1512 3686 nam
1576 3611 1760 3667 alludit
1807 3615 1871 3686 ad
1922 3611 2133 3686 etymo-

556 3681 745 3753 logiam
795 3681 1215 3753 Grmcatvocis.
1272 3683 1601 3753 Paralyticus
1651 3686 1791 3736 enim
1833 3681 2005 3738 dictus
2050 3696 2134 3740 est

552 3750 691 3818 quod
736 3752 965 3820 paralysi
1010 3750 1211 3803 laboret
1237 3792 1250 3814 ,
1293 3752 1380 3820 qui
1428 3750 1643 3805 inorbus
1686 3755 1764 3807 sic
1806 3764 1889 3807 est
1931 3754 2132 3808 Grzecis

552 3822 879 3886 appellatus,
922 3821 1062 3887 quod
1106 3836 1297 3874 nervos
1342 3823 1481 3876 laxet
1508 3832 1563 3877 et
1593 3824 1875 3889 dissolvat,
1912 3828 2129 3880 ἀπὸτοῦ

554 3893 831 3966 «quidam
855 3932 866 3952 ,
900 3891 1037 3966 quod
1067 3901 1149 3943 cst
1192 3892 1529 3966 di_s_solvere._
1552 3892 1732 3966 Itaque
1761 3892 2129 3966 Tertullianus

560 3961 776 4029 proprie
817 3972 869 4015 et
910 3961 1185 4027 eleganter
1230 3961 1363 4017 dixit
1412 3963 1462 4015 in
1507 3964 1764 4031 Apologia
1807 3965 1873 4018 de
1912 3964 2129 4020 Christo

556 4032 879 4100 paralyticos
908 4033 1211 4099 restringere
1266 4048 1362 4099 pro
1394 4050 1596 4087 sanare.
1627 4034 1795 4088 Suan.

628 4098 766 4152 Ibid.
795 4100 854 4170 rln
889 4098 1384 4170 Etymolhgiis,’lih.
1413 4118 1484 4167 tv,
1511 4119 1627 4167 cap.
1655 4105 1706 4167 7,
1744 4120 1887 4157 num.
1915 4102 2007 4170 25,
2032 4102 2132 4156 Pa-

558 4169 967 4240 ralysisdicitur
994 4186 1023 4220 α
1054 4173 1279 4235 corporis
1306 4171 1674 4239 impcttsatioue
1706 4169 1999 4227 nominari.
2024 4174 2129 4227 S-'d

556 4238 794 4313 ittg'notis
841 4239 1155 4313 observatur
1183 4241 1359 4313 aliter
1384 4238 1686 4309 legendum
1713 4283 1727 4306 ,
1790 4253 1846 4296 ut
1888 4244 2128 4313 corporis

556 4309 741 4363 solutio
768 4316 856 4361 aut
882 4308 1151 4361 dissolutio
1183 4308 1518 4378 intelligatur.
1549 4314 1721 4365 Anav.
1987 4308 2012 4356 ’-

629 4378 752 4434 160.
794 4379 1201 4448 Archisynagogi
1233 4380 1362 4445 ﬁlia.
1400 4379 1561 4433 liecte
1583 4394 1758 4434 autem
1791 4381 1975 4435 scribit
2004 4382 2133 4437 bea-

559 4459 641 4502 tus
670 4447 1353 4518 Chrysostotitusletninam
1380 4465 1483 4502 non
1515 4466 1634 4504 esse
1664 4466 1843 4503 ausam
1867 4467 2044 4504 coram
2068 4452 2133 4505 ad

562 4520 840 4574 Dominum
890 4518 1148 4589 ar-cedere
1172 4558 1184 4576 .
1220 4519 1359 4585 quod
1406 4536 1469 4573 ex
1520 4521 1650 4589 legis
1689 4523 1997 4588 praescripto
2027 4523 2136 4574 im-

560 4589 751 4642 munda
802 4596 969 4643 esset.
1021 4588 1366 4642 Nobilitatutn
1415 4588 1591 4644 autem
1622 4599 1705 4644 est
1741 4590 1975 4644 divinum
2010 4592 2135 4644 illttd

560 4639 884 4729 iiii—raculuin—
902 4639 1063 4726 plane
1075 4639 1595 4729 iitum.litationis,
2170 4639 2215 4698 ί)

562 4744 670 4793 ιηο,
699 4727 840 4797 quod
872 4736 1051 4782 narrat
1085 4728 1308 4793 Euseb.,
1341 4730 1431 4785 lib.
1462 4742 1526 4783 vu
1555 4730 1691 4783 llist.
1721 4730 1886 4798 Eccl.,
1907 4727 2027 4800 cap.
2051 4730 2139 4786 M.

558 4800 725 4853 Susa.
1843 4847 1850 4854 .

633 4868 751 4921 162.
795 4866 848 4920 ltt
881 4877 1025 4920 textu
1054 4868 1236 4922 Grialii
1266 4909 1281 4927 ,
1320 4870 1393 4922 ttti
1433 4870 1591 4923 etiam
1624 4870 1674 4923 in
1707 4871 1824 4924 aliis
1867 4872 2141 4938 impressis

559 4938 811 4992 scribitur
830 4939 1073 4991 idolatria
1098 4956 1191 5006 pro
1216 4939 1511 4992 idololatria
1530 4980 1543 5003 ,
1566 4941 1706 5009 quod
1730 4944 2137 4999 restituendum.

559 5012 729 5063 Aasv.

632 5080 752 5151 167.
801 5078 988 5151 hlulier
1027 5094 1141 5148 qua:
1180 5078 1478 5151 fermentum
1524 5080 1809 5151 abscondit.
1856 5082 2137 5151 lsychius,

561 5149 652 5201 lib.
686 5164 703 5202 ι
731 5148 784 5202 in
814 5148 1010 5209 Levit.,
1036 5164 1153 5215 cap.
1183 5149 1237 5209 ‘2,
1265 5149 1342 5200 sic
1373 5151 1445 5200 ait
1492 5167 1503 5201 :
1548 5150 1820 5202 Abscondzt
1864 5148 1921 5203 iit
1965 5153 2136 5217 farina

561 5227 672 5269 sata
698 5220 817 5283 tria,
849 5217 1126 5270 Ecclesium
1153 5218 1467 5286 signiﬁcans,
1492 5236 1605 5286 quw
1627 5222 1675 5272 in
1704 5221 1965 5273 Trinitatis
1988 5222 2135 5273 verbo

562 5288 831 5355 fermentat
862 5288 1129 5358 theologiat
1156 5290 1416 5357 mysteria.
1459 5290 1602 5342 llattc
1633 5290 1937 5358 allegoriam
1970 5292 2135 5343 inter-

566 5347 782 5428 pretans
813 5358 997 5411 beatus
1030 5347 1416 5428 Hieronymus,
1456 5359 1714 5425 prattnisit
1738 5347 2015 5427 itttnquant
2043 5376 2134 5427 pa-

565 5426 776 5498 rabolas
835 5434 890 5479 et
943 5428 1152 5481 dubiam
1207 5426 1543 5497 a-nigniatum
1610 5426 2008 5498 intelligentiam
2046 5426 2132 5483 ad

564 5497 930 5550 auctoritatem
958 5498 1263 5565 dogmatunt
1296 5498 1573 5563 proﬁcere.
1609 5498 1711 5553 Sed
1745 5497 1968 5552 fortas~e
1998 5501 2133 5553 alios

564 5575 749 5622 auctor
772 5574 922 5637 recte
953 5568 1374 5637 reprehenditur,
1405 5570 1493 5637 qui
1531 5585 1633 5622 ttott
1662 5569 1728 5622 ad
1755 5571 1987 5622 animum
2018 5571 2129 5636 pie-

564 5646 672 5690 tate
703 5635 1092 5689 informandum
1118 5678 1132 5696 ,
1165 5638 1257 5689 sed
1292 5643 1353 5691 ad
1382 5635 1761 5693 stabiliendum
1791 5653 1989 5693 sancta:
2016 5635 2132 5693 Trio

566 5707 743 5761 uitatis
775 5706 1112 5775 mysterium,
1145 5710 1278 5761 hanc
1310 5710 1545 5765 adhibuit
1576 5712 1884 5781 allegoriam
1905 5752 1917 5776 ,
1946 5722 2129 5766 contra

2308 3246 2431 3299 169.
2475 3243 2724 3312 Quinque
2773 3242 2935 3295 millia
2973 3242 3071 3296 viri
3114 3246 3201 3311 qui
3247 3243 3482 3311 quinque
3518 3244 3740 3309 panibus
3772 3251 3824 3296 et

2233 3340 2440 3394 duobus
2468 3336 2703 3403 piscibus
2734 3334 2885 3405 141
2912 3336 3043 3404 pasti
3071 3344 3193 3389 sunt
3219 3334 3395 3406 (Joan.
3433 3335 3529 3405 vt),
3561 3336 3823 3390 Ecclesia

2242 3490 2398 3545 quam
2421 3473 2595 3545 _rlocct
2642 3472 2825 3545 beatus
2846 3469 3226 3545 Augustinus,
3276 3470 3325 3523 itt
3357 3470 3575 3532 epistola
3601 3470 3664 3524 ad
3690 3470 3827 3545 Vin:

2244 3540 2385 3598 cent.
2420 3542 2613 3596 Donat.
2647 3541 2774 3593 Illud
2808 3540 2981 3594 obiter
3028 3542 3315 3593 notandum
3361 3550 3443 3592 est
3482 3552 3645 3591 satum
3672 3583 3686 3600 ,
3734 3542 3824 3595 cui

2242 3620 2378 3681 apud
2407 3615 2565 3665 llebr.
2591 3611 2878 3681 respondet
2906 3627 3095 3665 nomen
3127 3622 3240 3668 nso
3270 3611 3431 3663 Seach
3459 3610 3653 3677 (neque
3674 3614 3820 3664 enim

2244 3684 2557 3740 Hebraicum
2586 3722 2601 3746 ,
2635 3690 2724 3733 aut
2750 3680 2994 3735 Gra'cutn
3022 3721 3038 3744 ,
3079 3681 3169 3735 scil
3218 3685 3407 3751 Syrum
3450 3696 3641 3735 nomen
3673 3686 3779 3748 est)
3808 3726 3824 3749 ,

2240 3768 2408 3817 genus
2439 3754 2599 3804 fuisse
2630 3765 2928 3813 mensurae,
2959 3766 3077 3819 qua!
3118 3752 3421 3806 continebat
3456 3752 3662 3804 tertiam
3698 3766 3826 3818 par-

2246 3837 2350 3877 tem
2382 3822 2528 3889 eplti.
2564 3821 2631 3875 Et
2657 3821 2869 3888 quidem
2904 3822 3091 3874 beatus
3118 3821 3485 3891 _llieronyrnus
3536 3823 3827 3889 aliquando

2240 3905 2411 3947 Saltttn
2442 3891 2602 3945 vertit
2625 3932 2640 3953 ,
2675 3899 2731 3943 ut
2759 3891 2892 3943 Gen.
2930 3906 3043 3956 cap.
3077 3888 3141 3941 l8
3168 3931 3183 3954 ,
3219 3891 3307 3943 tibi
3333 3888 3490 3943 etiam
3528 3892 3581 3943 fit
3616 3888 3825 3946 mentio

2243 3966 2402 4019 trium
2436 3971 2694 4014 satorum.
2746 3962 2834 4013 Sic
2874 3963 3013 4013 enim
3049 3961 3310 4012 Abraham
3350 3964 3422 4013 ait
3454 3963 3634 4014 Sarra:
3668 3964 3825 4015 Acce-

2241 4036 2366 4101 lera,
2397 4034 2494 4086 tria
2515 4043 2625 4084 sata
2643 4032 2825 4084 simila:
2845 4032 3140 4101 commisce;
3165 4046 3537 4097 nonnunquam
3562 4047 3686 4083 vero
3712 4048 3826 4087 mo-

2239 4106 2405 4167 diuut,
2428 4111 2487 4155 ut
2519 4102 2581 4155 IV
2608 4101 2741 4170 Reg.
2762 4117 2828 4153 vn
2857 4116 2869 4153 :
2901 4100 3025 4153 Cras
3048 4101 3247 4153 modius
3270 4101 3451 4153 simila:
3474 4110 3660 4154 statere
3691 4119 3822 4169 tum,

2239 4186 2285 4228 et
2326 4177 2426 4226 duo
2467 4172 2626 4223 modii
2668 4170 2849 4223 hordei
2878 4186 2998 4222 uno.
3049 4171 3141 4222 llic
3171 4172 3311 4222 enim
3350 4170 3549 4223 habent
3597 4171 3820 4223 llehra-a

2239 4242 2421 4308 scach,
2451 4241 2504 4294 id
2531 4250 2632 4306 est,
2662 4250 2852 4294 satum.
2884 4240 3061 4306 Itaque
3089 4242 3314 4295 fortasse
3337 4241 3455 4308 quis
3482 4242 3703 4294 miretur
3722 4258 3827 4295 cur

2241 4314 2379 4367 idem
2415 4312 2767 4379 Hieronymus
2790 4351 2803 4370 .
2831 4324 3087 4364 enarratis
3119 4310 3254 4363 hanc
3289 4311 3592 4378 parabolam
3627 4311 3812 4363 Matth.

2241 4398 2330 4437 xm
2350 4424 2363 4447 ,
2396 4380 2674 4446 scripserit
2700 4397 2712 4431 :
2741 4379 2923 4435 Saltim
2959 4396 3115 4449 genus
3143 4392 3214 4432 est
3244 4397 3488 4432 tttcttsurre
3510 4382 3660 4449 juxta
3704 4398 3821 4433 mo-

2240 4469 2348 4505 rem
2380 4450 2650 4518 prorinciw
2667 4450 2983 4511 Palwstimr,
3019 4466 3176 4502 unum
3206 4458 3251 4502 et
3282 4452 3551 4501 dimidium
3589 4451 3825 4502 modium

2242 4524 2466 4588 capiens.
2501 4520 2652 4585 Quod
2686 4520 3033 4589 proculdubio
3053 4520 3278 4587 sumpsit
3303 4536 3365 4574 ex
3416 4519 3676 4589 Josepho,
3700 4524 3820 4588 qui,

2246 4594 2336 4646 lib.
2371 4608 2420 4644 ιι(
2453 4593 2651 4659 Antiq.,
2673 4605 2791 4657 cap.
2814 4588 2867 4652 4,
2892 4591 3003 4641 ait:
3035 4589 3217 4643 Satum
3247 4591 3343 4658 fert
3375 4588 3599 4642 modium
3631 4607 3823 4656 unum,

2245 4673 2291 4715 et
2341 4663 2491 4714 semis
2538 4660 2795 4714 Italicum.
2849 4660 2952 4712 Sed
3003 4676 3069 4713 ne
3112 4663 3225 4712 viro
3258 4676 3466 4713 summe
3505 4662 3661 4712 docto
3695 4670 3823 4713 nota

2247 4733 2505 4794 inuratur,
2536 4731 2818 4784 dicendum
2844 4732 2943 4782 erit
2968 4745 3069 4781 non
3096 4730 3337 4783 eumdem
3368 4731 3531 4784 fuisse
3556 4731 3823 4795 modium,

2248 4802 2341 4855 sed
2373 4804 2420 4853 al
2448 4817 2533 4852 um
2564 4811 2720 4867 atque
2751 4802 2908 4853 aliuttt
2943 4816 3035 4865 pro
3064 4801 3337 4865 regiortuttt
3371 4799 3644 4853 varietate.
3689 4798 3829 4852 Pro-

2244 4871 2488 4925 babiliter
2518 4885 2693 4923 autem
2726 4870 3029 4932 susnicatur
3052 4869 3336 4923 .lansenius
3358 4912 3369 4930 ,
3405 4885 3519 4937 cap.
3546 4869 3612 4923 57
3637 4912 3650 4933 ,
3685 4886 3826 4935 pne-

2243 4944 2373 4995 clari
2423 4944 2602 5006 (meris
2634 4941 2771 5009 quod
2808 4941 3158 4992 Concordiam
3188 4940 3547 5009 evangelicaut
3578 4941 3826 5006 appella-

2246 5014 2362 5073 vit,
2407 5013 2528 5063 ideo
2576 5010 2853 5063 [)utrtintttn
2898 5009 3057 5061 trium
3106 5018 3342 5061 satorum
3393 5012 3573 5062 farina:
3620 5012 3670 5061 itt
3718 5010 3827 5063 hac

2246 5081 2495 5147 parabola
2526 5080 2856 5141 meminisse,
2888 5080 3027 5146 quod
3058 5095 3172 5132 mos
3205 5080 3429 5132 fortasse
3458 5082 3609 5131 fuerit
3643 5082 3692 5131 itt
3726 5081 3828 5131 Ju-

2241 5153 2375 5213 dara,
2408 5162 2463 5203 ut
2507 5150 2833 5202 tantumdem
2878 5151 3025 5215 panis
3075 5150 3126 5202 itt
3175 5165 3327 5201 usum
3380 5150 3590 5202 familim
3641 5151 3817 5202 semel

2241 5222 2615 5273 conﬁceretur.
2668 5220 2722 5272 ld
2768 5224 2905 5288 quod
2952 5219 3195 5287 congruit
3235 5234 3357 5271 cum
3402 5221 3515 5272 loco
3561 5220 3830 5284 prtedieto

2240 5290 2369 5344 Gen.
2408 5306 2535 5355 nm,
2569 5300 2617 5342 et
2651 5289 2855 5358 aliquot
2886 5290 3005 5342 aliis
3039 5302 3207 5342 sacrae
3244 5291 3532 5356 Scriptura:
3566 5290 3715 5341 locis.
3763 5290 3827 5343 Si

2241 5362 2355 5427 quis
2406 5371 2579 5412 autem
2634 5364 2893 5413 rationem
2936 5360 3223 5429 diligenter
3272 5360 3521 5421 iniret-it,
3582 5360 3830 5413 inveniet

2240 5432 2384 5497 eplti,
2421 5433 2533 5482 sive
2557 5440 2670 5481 sata
2702 5430 2821 5499 tria,
2857 5432 3013 5496 paulo
3045 5431 3160 5497 plus
3191 5444 3381 5497 capere
3407 5444 3563 5499 quam
3603 5431 3832 5498 capiunt

2242 5502 2291 5552 in
2327 5499 2571 5566 Hispania
2603 5497 2846 5552 celerniui
2880 5515 2932 5552 ι.
2960 5501 3124 5553 Susa.

2315 5569 2451 5624 Ibid.
2505 5573 2581 5621 Atl
2631 5571 2977 5635 qumstionem
3018 5586 3174 5635 quam
3236 5568 3458 5624 Suarius
3501 5568 3694 5623 excitat
3751 5569 3832 5623 tle

2242 5651 2357 5692 sato
2408 5638 2776 5706 expliraudatn
2805 5679 2817 5702 ,
2851 5641 3171 5693 conferenda
3219 5652 3296 5691 est
3343 5639 3581 5692 doctrina
3632 5640 3829 5695 Isidori

2241 5725 2360 5764 cum
2392 5712 2529 5765 uotis
2561 5710 2650 5765 lib.
2685 5724 2769 5763 xvi
2804 5712 3052 5778 l~.tymol.,
3084 5726 3201 5778 cap.
3230 5709 3315 5763 26.
3354 5718 3515 5763 suav.
