4104 6172
452 246 470 297 ι
488 245 546 327 2t

435 376 565 420 sunt
594 359 813 429 populi,
844 360 935 431 qui
962 375 1060 430 per
1084 362 1320 431 quinque
1362 362 1604 429 corporis
1640 373 1834 415 sensus
1859 398 1875 425 ,
1923 359 2020 414 ali-
2053 366 2099 420 Α

433 458 619 503 mento
650 450 780 519 legis
820 451 1126 519 spiritualis
1166 467 1194 504 a
1230 449 1446 505 Christo
1476 450 1807 515 reﬁciuntur,
1839 462 1890 505 et
1924 450 2021 503 du-

431 540 557 608 plici
584 540 947 605 Testamento.
972 542 1128 611 quasi
1151 542 1393 610 gemellis
1417 542 1671 610 piscibus,
1694 550 2020 595 saturantur.

506 630 635 687 170.
675 634 915 698 Quatuor
958 642 1137 686 autem
1178 632 1344 686 millia
1368 631 1465 685 viri
1510 631 1597 701 qui
1646 632 1768 685 aliis
1813 640 2019 700 septem

429 724 665 794 panibus
693 725 910 779 aluntur
941 722 1141 794 (Marc.
1172 723 1314 793 vnt),
1341 724 1527 778 eadem
1573 726 1809 791 gentium
1848 724 2022 776 Eccle-

427 814 510 867 sia
552 819 661 879 est,
688 829 810 883 quae
839 815 892 868 in
920 822 1151 882 quatuor
1179 814 1360 867 mundi
1408 813 1644 881 partibus
1682 813 2019 880 diﬁuuditur,

429 914 596 975 atque
624 905 873 960 ubertate
904 905 1234 975 septiformis
1261 905 1447 974 gratia:
1476 914 1770 961 recreatur.

508 1014 633 1068 171.
677 1015 773 1070 Ille
802 1015 891 1083 qui
914 1031 1059 1084 saepe
1093 1032 1234 1071 nunc
1263 1017 1316 1072 in
1341 1018 1538 1086 ignem,
1579 1032 1719 1070 nunc
1747 1016 1799 1070 iu
1830 1031 2021 1086 aquam

430 1107 660 1161 cadebat
698 1106 915 1177 (Matth.
948 1109 1105 1177 xvtt),
1137 1100 1390 1162 mundum
1438 1109 1721 1177 signiﬁcat.
1755 1108 1895 1177 Ignis
1930 1122 2025 1161 au-

435 1208 548 1252 tem
594 1198 1017 1254 inﬂammantem
1066 1201 1437 1268 cupiditatem,
1474 1216 1608 1271 aqua
1655 1203 1831 1254 carnis
1874 1202 2026 1256 volu-

432 1297 639 1356 ptatem
665 1289 1025 1355 demonstrat,
1051 1291 1103 1345 in
1143 1290 1338 1359 quibus
1377 1307 1593 1361 semper
1620 1301 1863 1363 arreptus
1891 1306 2026 1363 quo-

432 1381 639 1436 tidiano
676 1382 826 1451 lapsu
860 1383 1243 1452 prtecipitatur.

510 1495 634 1551 172.
675 1495 885 1566 Moyses
930 1492 1009 1550 et'
1040 1496 1204 1561 Elias,
1251 1496 1337 1565 qui
1386 1505 1744 1567 apparuerunt
1771 1510 1889 1550 eum
1922 1496 2026 1550 Do-

432 1587 583 1641 mino
616 1588 666 1640 in
719 1596 901 1642 monte
948 1586 1157 1657 (1ὁὶι1.;
1190 1587 1317 1640 Luc.
1364 1604 1451 1653 tx;
1508 1586 1675 1640 Marc.
1719 1588 1815 1656 lx),
1852 1588 1938 1640 lex
1972 1596 2027 1641 et

430 1679 717 1749 prophetia
774 1678 1165 1746 intelliguntur,
1200 1695 1421 1747 quarum
1472 1678 1694 1732 Vocibus
1726 1677 1921 1748 passio,
1970 1687 2021 1731 et

433 1769 786 1835 resurrectio,
821 1777 876 1824 et
904 1769 1071 1839 gloria
1102 1769 1310 1822 Domini
1343 1768 1660 1823 declaratur.

508 1883 635 1939 175.
684 1883 857 1937 Ilomo
883 1883 1085 1936 habens
1116 1889 1327 1936 centum
1352 1896 1501 1945 oves,
1532 1882 1644 1949 qui,
1669 1877 1864 1933 relictis
1897 1879 2020 1943 illis,

429 1989 595 2026 ovem
631 1972 894 2041 perditam
927 1971 1141 2041 quierit,
1193 1986 1255 2025 ac
1304 1980 1570 2040 repertam
1605 1970 1842 2025 humeris
1876 1986 2020 2024 reve-

432 2066 514 2118 hit
543 2064 697 2135 (Luc.
729 2063 846 2134 xv),
885 2064 1106 2134 ﬁguram
1136 2062 1334 2117 Christi
1364 2064 1648 2132 expressit,
1673 2063 1784 2131 qui,
1819 2062 2021 2116 relictis

434 2158 677 2211 millibus
714 2160 1027 2226 angelorum
1072 2157 1125 2209 in
1174 2156 1331 2220 Ctelo,
1366 2170 1519 2209 ovem
1548 2170 1665 2222 qua:
1696 2154 1928 2221 perierat
1967 2155 2019 2208 in

428 2250 629 2313 Adam,
655 2254 714 2300 ut
735 2246 904 2300 bonus
934 2255 1144 2314 pastor,
1177 2246 1458 2315 quaesitam
1491 2246 1543 2298 in
1586 2244 1829 2312 gentibus
1860 2261 2019 2314 repe-

430 2339 527 2405 rit,
557 2348 720 2407 atque
760 2339 936 2394 crucis
964 2353 1077 2393 suae
1122 2338 1363 2393 humeris
1402 2337 1467 2393 ad
1495 2337 1798 2409 paradisum
1839 2352 2019 2407 repur-

431 2435 588 2485 tavit.

509 2521 635 2575 171.
679 2520 889 2584 Mulier,
946 2536 1065 2589 qua:
1114 2521 1374 2590 perditam
1432 2519 1632 2588 reperit
1685 2518 2015 2581 drachmam,

432 2614 675 2667 Eet‘lesia
699 2620 803 2680 est,
834 2628 953 2680 quae
984 2612 1217 2665 animam
1250 2611 1445 2665 diaboli
1472 2610 1674 2679 laqueis
1698 2610 2017 2663 abstractam

431 2715 484 2757 et
514 2703 804 2772 perditam,
832 2704 958 2756 dunt
994 2703 1257 2757 invenerit
1294 2719 1386 2771 per
1416 2703 1808 2772 pceniteutiam,
1840 2712 1891 2754 et
1924 2717 2019 2754 an-

429 2796 676 2866 gelorum
708 2804 761 2847 et
793 2794 1067 2846 hominum
1090 2791 1218 2846 facit
1244 2793 1505 2845 laetitiam.

507 2883 631 2939 175.
679 2884 897 2939 Debitor
935 2886 1118 2940 decem
1167 2886 1390 2938 millium
1438 2885 1755 2937 talentorum
1803 2880 2015 2953 (.llattlt.

431 2982 587 3048 xvttt)
619 2979 884 3047 signiﬁcat
932 2979 1173 3034 homines
1220 2980 1306 3048 qui
1344 2979 1450 3031 Deo
1499 2990 1622 3032 sunt
1672 2978 1887 3031 obnoxii
1924 2992 2019 3045 per

431 3069 916 3137 transgressionem
947 3070 1130 3123 decem
1175 3080 1586 3137 praaceptorttm,
1626 3068 1716 3121 sed
1757 3069 1893 3121 sicut
1921 3083 2013 3121 no-

428 3162 512 3217 bis
551 3163 897 3231 poscentibus
947 3177 978 3214 a
1030 3161 1254 3215 Domino
1285 3161 1485 3230 peccati
1522 3160 1727 3213 vincula
1768 3162 2014 3213 relaxan—

430 3265 540 3315 tur,
569 3253 643 3306 ita
679 3252 1045 3319 unusquisque
1087 3261 1325 3303 nostrum
1371 3251 1604 3303 dimittat
1633 3250 1879 3316 exeiuplo
1910 3250 2013 3303 Do-

426 3346 587 3409 mini,
615 3360 680 3395 ue
707 3342 832 3395 dum
875 3342 1094 3395 minima
1118 3340 1295 3396 debita
1331 3342 1380 3393 in
1414 3356 1509 3393 nos
1537 3340 1878 3408 peccantibus
1909 3356 2014 3393 non

425 3432 795 3499 concedimus,
850 3430 1053 3500 majora
1115 3441 1299 3485 nostra
1342 3431 1622 3484 exsolvere
1665 3445 1785 3485 cum
1834 3430 2008 3484 usuris

425 3540 709 3597 ptenarum
742 3540 1016 3595 cogamur.

500 3638 624 3693 176.
668 3638 846 3701 Dives,
879 3638 967 3703 qui
1001 3635 1205 3690 camelo
1244 3644 1588 3701 comparatur
1626 3634 1838 3704 (Matth.
1883 3651 2008 3701 th;

422 3728 601 3783 Marc.
640 3728 718 3794 x),
752 3741 1036 3795 personam
1070 3727 1267 3779 indicat
1296 3726 1623 3793 Judaeorttm,
1650 3727 1738 3795 qui
1786 3729 1851 3780 de
1881 3726 2011 3795 legis

424 3820 661 3890 potentia
694 3820 1012 3888 gloriantur,
1045 3832 1349 3885 quanquam
1382 3826 1596 3884 propter
1629 3827 1862 3881 terrena,
1894 3833 2009 3885 quae

421 3915 631 3976 colunt,
663 3928 769 3966 non
822 3911 1021 3965 habent
1066 3925 1288 3979 regnum
1331 3910 1615 3974 caelorum,
1670 3909 1758 3963 ubi
1797 3908 2010 3963 facilius

420 4006 665 4075 gcnzium
708 4003 940 4071 populus
968 4000 1282 4055 criminibus
1332 4008 1626 4065 tortuosos,
1675 4006 1732 4053 et
1782 3999 2012 4054 sarcinis

423 4105 771 4165 peccatorum
802 4103 1072 4163 gravatus,
1110 4092 1405 4163 ingreditur
1448 4107 1540 4161 per
1568 4090 1809 4145 foramen
1859 4106 2008 4156 acus,

422 4188 577 4256 quasi
613 4200 707 4254 per
734 4185 1005 4253 angustias
1039 4182 1321 4251 passionis,
1367 4181 1611 4234 dolorttut
1642 4196 1704 4234 ac
1736 4181 2003 4238 laborum.

497 4276 623 4333 177.
666 4274 1056 4329 Paterfamilias
1085 4273 1175 4342 qui
1206 4273 1481 4341 operarios
1527 4272 1593 4325 ad
1629 4271 1833 4326 vineam
1879 4288 2009 4326 con—

420 4368 595 4430 ducit,
642 4376 700 4421 et
750 4365 1028 4420 denarium
1085 4362 1243 4434 142
1293 4364 1557 4432 promittit
1610 4363 1825 4434 (Matth.
1883 4361 2001 4433 xx),

423 4461 678 4516 Christus
708 4467 813 4527 est,
845 4456 935 4526 qui
980 4466 1134 4509 vocat
1161 4471 1347 4510 omnes
1377 4454 1442 4509 ad
1468 4455 1667 4508 cultum
1698 4455 1841 4519 ﬁdei,
1878 4470 2005 4526 pro-
2036 4484 2083 4543 ο

422 4554 647 4609 mittens
675 4550 755 4605 eis
793 4549 1072 4617 pra'mium
1106 4546 1355 4615 perfecta:
1392 4547 1753 4601 beatitudinis.

498 4644 628 4699 178.
665 4641 906 4711 Operarii
950 4640 1079 4694 hora
1122 4640 1290 4708 prima
1318 4640 1563 4693 conducti
1597 4640 1646 4692 Ιιί
1680 4650 1805 4693 sunt
1845 4639 1935 4707 qui
1976 4657 2005 4696 a

422 4732 747 4789 rudimentis
776 4730 1018 4785 infantia:
1044 4730 1247 4783 cultum
1289 4729 1410 4783 ﬁdei
1441 4732 1718 4784 consecuti
1749 4740 1893 4784 sunt.

496 4889 617 4940 175.
664 4886 930 4953 Allegoria
964 4886 1075 4939 haec
1099 4885 1164 4939 de
1194 4884 1427 4948 Christo,
1461 4898 1706 4953 tanquam
1741 4886 1878 4937 bono
1911 4902 2001 4952 pa-

418 4968 592 5022 store,
640 4973 792 5009 ovem
842 4972 961 5024 quae
1006 4967 1235 5023 pertetat
1293 4957 1529 5009 ltttnteris
1570 4956 1682 5008 suis
1737 4966 2003 5022 portante,

420 5031 609 5096 primis
632 5028 741 5081 Cltr
763 5028 829 5080 sli
870 5028 952 5079 nis
983 5026 1239 5090 imprimis
1270 5038 1415 5093 grata
1450 5037 1584 5087 erat,
1619 5035 1673 5076 ιιι
1700 5027 1748 5076 itt
1785 5028 2004 5089 picturis

420 5112 664 5152 veterum
714 5106 1182 5150 ttwttuntettloruut
1233 5112 1354 5164 qua:
1404 5098 1581 5149 adhuc
1630 5105 1837 5149 restant
1882 5112 2002 5151 cer-

419 5182 552 5223 nere
574 5169 717 5222 licet.
749 5171 921 5222 Ansv.

492 5235 617 5293 182.
662 5238 935 5292 Notandus
957 5236 1057 5291 hoc
1088 5238 1207 5291 loco
1232 5248 1315 5291 est
1343 5236 1704 5290 nominativus
1735 5252 1830 5306 pro
1854 5239 2002 5291 abla-

418 5311 533 5363 tivo
571 5308 842 5375 absoluto,
892 5309 945 5361 in
988 5308 1093 5361 illis
1122 5323 1425 5361 conservans
1456 5306 1760 5361 Christus...
1807 5309 1859 5361 in
1889 5310 2003 5361 istis

416 5380 718 5447 impendens
760 5394 856 5448 pro
898 5379 951 5431 in
988 5377 1096 5431 illis
1141 5388 1465 5431 consereante
1505 5377 1773 5448 Christo...
1810 5379 1865 5431 in
1895 5379 2004 5431 istis

418 5447 911 5517 inpendentelltec
958 5448 1203 5517 loquendi
1234 5458 1367 5501 rato
1415 5450 1466 5500 in
1521 5447 1647 5500 Mss.
1688 5448 1870 5502 lsidori
1901 5462 2003 5501 sa:-

422 5522 540 5585 pius
560 5534 710 5572 oet-tn
728 5520 797 5572 rit
825 5533 982 5586 quam
1018 5520 1071 5571 in
1114 5519 1416 5585 Impressis,
1442 5532 1474 5571 e
1509 5518 1721 5585 quibus,
1764 5529 1821 5571 ιιι
1859 5519 1999 5571 arbi—

420 5599 555 5651 tror,
611 5588 859 5641 Editures
901 5603 1017 5641 eam
1060 5590 1409 5652 sustulerunt,
1460 5588 1601 5655 quod
1658 5588 1842 5642 lsidori
1884 5604 1996 5641 non

424 5672 537 5713 csse
556 5658 661 5714 sibi
694 5656 1096 5727 persuaderent.
1132 5658 1233 5714 Sed
1257 5659 1410 5713 aliter
1433 5658 1794 5727 iudicandum.
1821 5658 1995 5715 Attev.

1318 244 1732 301 ALLEGORIA‘I
1772 244 2087 312 QU/EDAM
2130 244 2537 302 SCRiPTliRIE
2577 247 2847 306 δΑοιιιΕ.

3597 253 3701 307 192

2201 360 2323 415 179.
2366 360 2463 426 Qui
2494 372 2671 417 autem
2700 363 2826 415 hora
2859 360 3037 427 tertia,
3062 362 3117 417 hi
3156 371 3277 418 sunt
3304 362 3394 433 qui
3426 364 3494 418 ab
3521 366 3701 425 adole-

2128 453 2331 507 scentia
2360 453 2423 507 ad
2453 453 2611 508 ﬁdem
2639 462 3000 508 accesserunt.

2202 541 2325 596 180.
2368 542 2468 608 Qui
2500 557 2627 597 vero
2660 544 2789 596 hora
2838 552 2987 598 sexta
3025 544 3275 597 conducti
3305 554 3450 611 sunt,
3485 547 3537 601 hi
3582 559 3706 606 sunt

2128 633 2218 701 qui
2253 634 2304 687 in
2331 633 2630 703 iuventutis
2662 643 2819 687 aetate
2847 634 3204 690 crediderunt.

2201 723 2322 779 181.
2365 723 2465 791 Qtti
2498 733 2671 777 autem
2709 724 2836 777 hora
2870 738 3010 777 nona
3056 736 3427 790 accesserunt,
3461 726 3535 781 illi
3579 741 3709 783 sunt

2126 817 2237 883 qui,
2268 817 2379 884 jam
2415 831 2444 869 a
2465 810 2744 882 iuventute
2770 816 2823 870 in
2848 826 3177 871 senectutem
3207 816 3555 886 declinantes,
3584 835 3704 890 gla-

2130 903 2252 958 tiam
2283 916 2654 974 perceperunt.

2200 995 2325 1049 182.
2366 997 2465 1061 Qui
2515 1011 2643 1051 vero
2688 997 2870 1051 ultima
2924 997 3056 1051 hora
3107 998 3321 1052 ivernut
3362 998 3576 1070 (Ibid),
3628 995 3702 1055 illi

2128 1096 2253 1141 sunt
2281 1087 2371 1157 qui
2391 1088 2500 1157 jam
2534 1089 2814 1157 decrepiti,
2842 1100 2895 1143 et
2924 1089 2974 1142 in
3007 1098 3249 1144 extremo
3278 1090 3402 1144 vita:
3435 1106 3547 1145 sua:
3577 1102 3703 1146 tem-

2129 1190 2259 1245 pore
2285 1178 2483 1244 Vocati,
2519 1178 2586 1231 ad
2617 1178 2884 1232 Christum
2915 1189 3192 1233 venerunt.
3218 1179 3315 1246 Qui
3350 1190 3525 1236 tamen
3560 1183 3702 1249 prio-

2127 1268 2274 1322 ribus
2305 1284 2485 1336 parem
2517 1270 2820 1323 mercedem
2856 1270 3196 1324 beatitudinis
3239 1272 3524 1341 accipiunt,
3558 1274 3607 1325 in
3641 1273 3702 1327 il-

2124 1358 2195 1413 lis
2226 1373 2551 1414 conservans
2575 1360 2819 1413 Christus
2839 1360 3123 1429 jUSlirittm,
3154 1362 3239 1429 qui
3264 1361 3429 1430 prima
3463 1364 3589 1417 hora
3614 1379 3705 1417 na-

2129 1452 2351 1507 tivitatis
2379 1454 2586 1521 operati
2625 1464 2784 1519 sunt;
2819 1453 2869 1507 in
2904 1455 3019 1507 istis
3051 1455 3366 1523 impendens
3397 1455 3705 1511 misericor-

2127 1543 2292 1608 diam,
2325 1544 2413 1613 qui
2444 1559 2546 1598 una
2581 1544 2699 1598 vita:
2729 1544 2858 1597 hora
2891 1543 3287 1599 laboraverunt.

2201 1635 2322 1689 185.
2394 1634 2510 1689 Duo
2566 1635 2657 1687 ﬁlii
2726 1635 2877 1690 missi
2941 1635 3008 1688 ad
3083 1636 3411 1704 operaudunt
3485 1637 3694 1691 vineam

2052 1735 2099 1793 Β
2133 1723 2349 1794 (Matth.
2406 1724 2518 1795 xxr)
2572 1718 2800 1781 duorum
2859 1726 3178 1794 populorum
3237 1738 3417 1797 typum
3482 1728 3708 1781 demon-

2128 1824 2321 1868 strant.
2350 1814 2560 1870 Primus
2590 1817 2729 1868 euim
2780 1817 2977 1873 missus
3007 1826 3228 1869 vocatur
3264 1817 3501 1885 gentium
3542 1832 3706 1886 popu-

2130 1908 2211 1961 lus
2245 1923 2340 1976 per
2371 1917 2576 1961 naturae
2608 1906 3012 1977 intelligentiam
3041 1908 3105 1960 ad
3134 1908 3312 1976 operis
3341 1908 3506 1962 divini
3543 1911 3709 1964 cultu-

2127 2013 2263 2064 ram,
2286 2000 2375 2068 qui
2411 1999 2553 2067 prius
2578 2009 2753 2053 tamen
2796 2010 3082 2054 contumax
3113 2002 3337 2066 exstitit,
3364 2011 3419 2056 et
3456 2017 3576 2057 sese
3606 2004 3709 2057 itu-

2128 2106 2244 2145 rum
2296 2091 2526 2159 negavit.
2570 2092 2905 2147 Advenieute
2948 2101 3130 2147 autem
3182 2094 3428 2159 Domino,
3470 2096 3707 2164 priorem

2124 2183 2518 2236 contumaciam
2556 2191 2816 2250 sequente
2842 2184 3099 2238 emnudat
3130 2185 3455 2240 obcdieutia.
3502 2187 3706 2241 Secun-

2125 2273 2223 2326 dus
2252 2285 2428 2327 autent
2460 2273 2658 2327 missus
2688 2273 2995 2328 Judaeorum
3037 2290 3133 2342 per
3165 2275 3295 2342 legis
3342 2275 3703 2342 cognitionem

2124 2363 2438 2430 respondit:
2468 2362 2674 2425 Omnia,
2718 2374 3029 2433 quascunque
3074 2366 3261 2418 dixerit
3301 2363 3582 2433 Dominus,
3627 2370 3708 2436 {a-

2124 2455 2319 2508 ciemus
2350 2472 2368 2518 ;
2400 2455 2494 2509 sed
2525 2454 2724 2508 idcirco
2761 2454 3066 2520 damnatur,
3109 2458 3232 2525 quia
3280 2472 3384 2510 non
3439 2458 3611 2512 solum
3652 2460 3707 2514 in

2126 2545 2513 2612 professionem
2558 2545 2692 2613 legis
2734 2547 3112 2615 praevaricatus
3153 2555 3256 2611 est,
3288 2549 3383 2601 sed
3432 2549 3482 2601 in
3533 2550 3705 2619 ipsum

2125 2638 2407 2692 Dominum
2440 2638 2605 2692 vineae
2637 2638 2984 2706 parricidales
3015 2654 3201 2693 manus
3228 2642 3490 2693 exercuit.
3711 2645 3719 2649 '

2197 2730 2317 2785 184.
2377 2731 2545 2784 llomo
2588 2731 2677 2799 qui
2734 2731 2941 2784 vineam
3002 2731 3259 2797 plantavit
3309 2729 3521 2798 (Matth.
3578 2745 3704 2797 xxI;

2124 2821 2251 2874 Luc.
2288 2821 2401 2893 xx),
2437 2819 2579 2875 Deus
2616 2831 2719 2887 est,
2747 2824 2839 2891 qui
2879 2823 3118 2876 condidit
3157 2822 3477 2889 Jernsztlcm,
3523 2825 3573 2877 in
3605 2838 3707 2892 qua

2122 2912 2408 2968 ardiﬁcavit
2456 2912 2666 2977 turrim,
2712 2922 2767 2968 et
2810 2913 3043 2967 torcular
3094 2912 3248 2977 fodit,
3276 2914 3522 2969 videlicet
3572 2924 3706 2969 tem-

2125 3004 2293 3072 plum,
2338 3012 2391 3056 et
2419 3004 2613 3065 altare,
2643 3012 2695 3054 et
2718 3015 2864 3070 smpe
2915 3002 3288 3072 circumdedit,
3337 3004 3387 3057 id
3418 3012 3519 3071 est,
3553 3019 3707 3074 augeo

2046 3118 2091 3178 C
2124 3097 2294 3150 lorum
2327 3093 2619 3147 munitione
2649 3094 2883 3147 vallavit.

2194 3186 2320 3240 185.
2362 3184 2546 3239 Coloni
2594 3194 2769 3236 autem
2814 3185 3004 3253 quibus
3056 3186 3259 3238 vineam
3306 3186 3447 3241 locat
3487 3185 3702 3256 (litim),

2121 3276 2349 3347 pepulus
2378 3285 2460 3330 est
2488 3276 2674 3342 Israel,
2708 3276 2796 3343 qui
2828 3276 2926 3329 sub
2955 3276 3139 3329 divino
3171 3277 3312 3329 cultu
3341 3277 3578 3345 possedit
3608 3278 3702 3333 Je-

2121 3368 2374 3422 rusalem.

2196 3458 2312 3512 186.
2357 3457 2503 3513 Servi
2529 3466 2704 3510 autem
2733 3457 2821 3525 qui
2846 3465 3086 3523 tempore
3117 3456 3322 3526 frugum
3355 3456 3504 3511 missi
3537 3456 3705 3512 inter-

2116 3548 2237 3603 iecti
2260 3556 2383 3601 sunt
2403 3563 2430 3600 a
2461 3546 2613 3617 1&3
2637 3548 2839 3601 colonis
2857 3544 3071 3616 (Ibid),
3094 3550 3368 3616 pr0phetae
3396 3549 3703 3619 intelligun-

2115 3650 2221 3705 tur,
2259 3656 2484 3709 quorum
2526 3640 2742 3707 sanguis
2784 3639 2985 3693 eﬁusus
3036 3652 3112 3692 es:
3155 3654 3182 3692 a
3214 3639 3433 3703 JUtiiBiS,
3470 3643 3593 3695 dum
3634 3640 3704 3696 ab

2115 3730 2193 3783 eis
2232 3739 2529 3795 quatrerent
2553 3727 2772 3796 justitia:
2799 3727 3025 3781 fructum
3056 3739 3104 3781 et
3131 3728 3277 3796 legis.

2189 3820 2309 3874 1b7.
2352 3819 2517 3873 Filius
2570 3829 2747 3872 autem
2799 3820 3093 3872 novissime
3141 3820 3364 3881 missus,
3396 3836 3553 3889 quem
3589 3823 3701 3890 eje-

2113 3922 2255 3968 ctum
2285 3911 2458 3965 colo‘ni
2491 3921 2637 3963 extra
2664 3912 2868 3963 vineam
2902 3911 3206 3963 occiderunt
3229 3910 3438 3980 (lbid.),
3458 3912 3699 3968 Christus

2112 4010 2214 4065 est,
2246 4016 2402 4069 quem
2433 4001 2814 4054 erucilixerunt
2842 3998 3009 4052 .ludtei
3049 4042 3063 4066 ,
3088 3999 3360 4067 ejicientes
3384 4018 3505 4055 eum
3547 4015 3697 4058 extra

2114 4100 2295 4160 portas
2324 4090 2648 4145 Jerusalem.

2184 4180 2307 4235 188.
2341 4180 2527 4235 Coloni
2560 4195 2769 4248 quoque
2796 4221 2811 4243 ,
2858 4194 2993 4247 quos
3037 4180 3295 4234 Dominus
3328 4181 3495 4236 vinea:
3526 4184 3699 4250 perdit

2114 4273 2333 4344 (Ibid.),
2370 4272 2552 4343 pepuli
2576 4271 2884 4327 Judreorum
2918 4271 3305 4342 intelliguntur,
3338 4273 3429 4343 qui
3459 4275 3608 4341 olitn,
3642 4289 3699 4330 ιιι

2110 4369 2380 4435 videntur,
2433 4367 2657 4437 diSpersi
2709 4379 2868 4437 atque
2912 4368 3169 4435 perempti
3217 4381 3360 4422 sunt.
3408 4370 3482 4423 Illi
3514 4380 3691 4425 autem

2112 4463 2358 4529 agricola:
2386 4460 2451 4514 ad
2484 4475 2618 4529 quos
2651 4462 2804 4514 vinea
2847 4459 3118 4514 transferri
3158 4462 3488 4530 praecipitur,
3530 4464 3697 4532 signi-

2114 4555 2275 4607 ﬁcant
2298 4553 2595 4621 apostolos,
2630 4552 2713 4605 vel
2739 4566 3077 4606 successores
3101 4556 3485 4620 apostolorum.

2184 4643 2306 4698 189.
2350 4642 2458 4696 Rex
2490 4644 2577 4712 qui
2609 4642 2732 4697 fecit
2768 4643 2978 4710 nuptias
3012 4642 3121 4696 ﬁlio
3151 4655 3248 4697 suo
3276 4642 3491 4711 (Matth.
3528 4656 3691 4711 χιιι),

2112 4735 2250 4791 Deus
2280 4735 2435 4790 Pater
2464 4735 2792 4804 intelligitur,
2826 4736 2914 4806 qui
2947 4735 3213 4806 c0polavit
3238 4750 3303 4789 ex
3331 4736 3536 4806 virgine
3573 4752 3692 4791 car-

2187 4892 2305 4943 188.
2352 4892 2582 4945 Isidorus
2611 4891 2691 4944 bis
2719 4891 2894 4945 verbis
2927 4899 2979 4941 ut
3006 4890 3236 4943 videntur
3265 4889 3489 4944 fortasse
3520 4890 3691 4947 innuit

2110 4960 2505 5029 dispersionem
2565 4962 2871 5017 Jttdteornm
2927 4975 3023 5013 suo
3084 4971 3343 5028 tempore,
3401 4972 3457 5014 ut
3502 4972 3687 5018 nostro

2108 5033 2296 5095 etiam,
2331 5043 2785 5098 perseverantem.
2819 5035 2991 5084 Ansv.

2182 5100 2300 5154 189.
2333 5096 2458 5154 ἠερε
2504 5104 2591 5169 qui
2633 5103 2771 5170 fecit.
2822 5102 3035 5152 Tractat
3082 5098 3272 5170 beatus
3316 5096 3602 5169 Gregorius
3636 5104 3686 5158 itt

2107 5171 2291 5225 homil.
2321 5173 2539 5234 diserte,
2589 5181 2644 5225 ιιι
2670 5174 2826 5230 solet,
2863 5172 2997 5222 Itane
3022 5169 3333 5233 allegoriam
3358 5212 3372 5231 ,
3402 5173 3494 5224 sed
3526 5188 3680 5226 secu-

2107 5243 2216 5294 rius
2247 5243 2348 5295 dici
2379 5252 2523 5309 putat
2563 5255 2740 5307 regem
2774 5251 2971 5307 patrem
3005 5244 3110 5305 regi
3145 5240 3252 5291 lilio
3284 5243 3493 5306 nuptias
3524 5243 3677 5296 focis-

2108 5326 2187 5373 se,
2218 5325 2338 5364 cum
2364 5312 2410 5364 ei
2446 5328 2539 5378 per
2570 5312 2948 5364 incarnationis
2976 5321 3284 5377 mysterium
3316 5325 3550 5365 sanetam
3583 5316 3679 5368 lic-

2107 5382 2324 5434 clt-siam
2356 5380 2578 5435 sociavit
2611 5384 2661 5433 in
2689 5393 2838 5433 utero
2871 5379 3128 5445 Virginis,
3162 5380 3300 5432 sient
3332 5381 3381 5433 iu
3421 5383 3678 5439 thalamo.

2109 5452 2177 5504 Et
2225 5468 2385 5505 causa
2432 5460 2517 5505 est
2563 5452 2682 5519 quia
2729 5466 2793 5503 ex
2843 5450 3049 5501 duabus
3101 5450 3339 5517 personis
3380 5450 3493 5505 ﬁeri
3546 5454 3681 5507 Solet

2106 5522 2411 5587 nuptiarum
2461 5520 2790 5588 coniunctio,
2838 5520 3098 5572 nefarium
3121 5529 3205 5575 est
3236 5532 3411 5577 autem
3446 5522 3497 5577 itt
3528 5521 3683 5577 Citri-

2107 5601 2189 5645 sto
2217 5594 2346 5646 duas
2378 5594 2597 5647 eretlerc
2630 5606 2902 5658 personas.
2930 5592 3093 5645 Susa.
