  <div class='ocr_page' id='page_1' title='image "/cluster/home/n/w/nwhite01/storage/ocr_20150623/83/hvd.32044054758875/067.png"; bbox 0 0 4108 6178; ppageno 0'>
   <div class='ocr_carea' id='block_1_1' title="bbox 480 284 581 340">
    <p class='ocr_par' dir='ltr' id='par_1_1' title="bbox 480 284 581 340">
     <span class='ocr_line' id='line_1_1' title="bbox 480 284 581 340; baseline 0.03 -4"><span class='ocrx_word' id='word_1_1' title='bbox 480 284 581 340; x_wconf 69' lang='grc'><strong>113</strong></span> 
     </span>
    </p>
   </div>
   <div class='ocr_carea' id='block_1_2' title="bbox 1498 269 2672 337">
    <p class='ocr_par' dir='ltr' id='par_1_2' title="bbox 1498 269 2672 337">
     <span class='ocr_line' id='line_1_2' title="bbox 1498 269 2672 337; baseline -0.012 0"><span class='ocrx_word' id='word_1_2' title='bbox 1498 284 1556 337; x_wconf 87' lang='lat' dir='ltr'><strong>S.</strong></span> <span class='ocrx_word' id='word_1_3' title='bbox 1600 279 1843 336; x_wconf 76' lang='lat' dir='ltr'><strong>lSlDOltl</strong></span> <span class='ocrx_word' id='word_1_4' title='bbox 1886 269 2329 333; x_wconf 82' lang='lat' dir='ltr'><strong>lllSPALENSlS</strong></span> <span class='ocrx_word' id='word_1_5' title='bbox 2370 270 2672 325; x_wconf 79' lang='lat' dir='ltr'><strong>EPISCUPI</strong></span> 
     </span>
    </p>
   </div>
   <div class='ocr_carea' id='block_1_3' title="bbox 3632 264 3730 324">
    <p class='ocr_par' dir='ltr' id='par_1_3' title="bbox 3632 264 3730 324">
     <span class='ocr_line' id='line_1_3' title="bbox 3632 264 3730 324; baseline -0.041 -1"><span class='ocrx_word' id='word_1_6' title='bbox 3632 264 3730 324; x_wconf 73' lang='grc'><strong>121</strong></span> 
     </span>
    </p>
   </div>
   <div class='ocr_carea' id='block_1_4' title="bbox 483 382 3732 467">
    <p class='ocr_par' dir='ltr' id='par_1_4' title="bbox 483 382 3732 467">
     <span class='ocr_line' id='line_1_4' title="bbox 483 382 3732 467; baseline -0.003 -16"><span class='ocrx_word' id='word_1_7' title='bbox 483 413 604 452; x_wconf 86' lang='lat' dir='ltr'><strong>netu</strong></span> <span class='ocrx_word' id='word_1_8' title='bbox 652 397 911 467; x_wconf 76' lang='lat' dir='ltr'><strong>virginem</strong></span> <span class='ocrx_word' id='word_1_9' title='bbox 959 397 1196 453; x_wconf 79' lang='lat' dir='ltr'><strong>Christo.</strong></span> <span class='ocrx_word' id='word_1_10' title='bbox 1255 396 1411 450; x_wconf 89' lang='lat' dir='ltr'><strong>Servi</strong></span> <span class='ocrx_word' id='word_1_11' title='bbox 1444 408 1595 456; x_wconf 90' lang='lat' dir='ltr'><strong>veru,</strong></span> <span class='ocrx_word' id='word_1_12' title='bbox 1643 392 1729 460; x_wconf 90' lang='lat' dir='ltr'><strong>qtti</strong></span> <span class='ocrx_word' id='word_1_13' title='bbox 1762 389 1908 444; x_wconf 84' lang='lat' dir='ltr'><strong>missi</strong></span> <span class='ocrx_word' id='word_1_14' title='bbox 1935 393 2061 441; x_wconf 85' lang='lat' dir='ltr'><strong>sunt</strong></span> <span class='ocrx_word' id='word_1_15' title='bbox 2088 389 2133 444; x_wconf 81' lang='grc' dir='ltr'><strong>Α</strong></span> <span class='ocrx_word' id='word_1_16' title='bbox 2168 382 2606 452; x_wconf 85' lang='lat' dir='ltr'><strong>corruptionem,</strong></span> <span class='ocrx_word' id='word_1_17' title='bbox 2659 382 2856 437; x_wconf 89' lang='lat' dir='ltr'><strong>idcirco</strong></span> <span class='ocrx_word' id='word_1_18' title='bbox 2892 382 3135 452; x_wconf 85' lang='lat' dir='ltr'><strong>quittario</strong></span> <span class='ocrx_word' id='word_1_19' title='bbox 3170 399 3393 440; x_wconf 87' lang='lat' dir='ltr'><strong>numero</strong></span> <span class='ocrx_word' id='word_1_20' title='bbox 3422 395 3732 454; x_wconf 83' lang='lat' dir='ltr'><strong>computau-</strong></span> 
     </span>
    </p>
   </div>
   <div class='ocr_carea' id='block_1_5' title="bbox 484 480 2056 559">
    <p class='ocr_par' dir='ltr' id='par_1_5' title="bbox 484 480 2056 559">
     <span class='ocr_line' id='line_1_5' title="bbox 484 480 2056 559; baseline -0.004 -18"><span class='ocrx_word' id='word_1_21' title='bbox 484 505 674 544; x_wconf 88' lang='lat' dir='ltr'><strong>vocare</strong></span> <span class='ocrx_word' id='word_1_22' title='bbox 709 489 995 555; x_wconf 82' lang='lat' dir='ltr'><strong>invitatos,</strong></span> <span class='ocrx_word' id='word_1_23' title='bbox 1035 489 1260 559; x_wconf 86' lang='lat' dir='ltr'><strong>apostoli</strong></span> <span class='ocrx_word' id='word_1_24' title='bbox 1290 496 1414 541; x_wconf 89' lang='lat' dir='ltr'><strong>sunt</strong></span> <span class='ocrx_word' id='word_1_25' title='bbox 1450 496 1606 556; x_wconf 87' lang='lat' dir='ltr'><strong>atque</strong></span> <span class='ocrx_word' id='word_1_26' title='bbox 1638 485 1935 552; x_wconf 66' lang='lat' dir='ltr'><strong>prottltetie,</strong></span> <span class='ocrx_word' id='word_1_27' title='bbox 1970 480 2056 549; x_wconf 87' lang='lat' dir='ltr'><strong>qui</strong></span> 
     </span>
    </p>
   </div>
   <div class='ocr_carea' id='block_1_6' title="bbox 482 572 2058 651">
    <p class='ocr_par' dir='ltr' id='par_1_6' title="bbox 482 572 2058 651">
     <span class='ocr_line' id='line_1_6' title="bbox 482 572 2058 651; baseline -0.007 -16"><span class='ocrx_word' id='word_1_28' title='bbox 482 580 697 635; x_wconf 82' lang='lat' dir='ltr'><strong>Jud.eos</strong></span> <span class='ocrx_word' id='word_1_29' title='bbox 748 598 842 651; x_wconf 86' lang='lat' dir='ltr'><strong>per</strong></span> <span class='ocrx_word' id='word_1_30' title='bbox 896 583 1062 650; x_wconf 90' lang='lat' dir='ltr'><strong>legent</strong></span> <span class='ocrx_word' id='word_1_31' title='bbox 1113 592 1167 634; x_wconf 90' lang='lat' dir='ltr'><strong>et</strong></span> <span class='ocrx_word' id='word_1_32' title='bbox 1196 579 1537 648; x_wconf 83' lang='lat' dir='ltr'><strong>Evangelium</strong></span> <span class='ocrx_word' id='word_1_33' title='bbox 1568 582 1925 637; x_wconf 87' lang='lat' dir='ltr'><strong>vocaverunt;</strong></span> <span class='ocrx_word' id='word_1_34' title='bbox 1965 572 2058 626; x_wconf 90' lang='lat' dir='ltr'><strong>sed</strong></span> 
     </span>
    </p>
   </div>
   <div class='ocr_carea' id='block_1_7' title="bbox 486 662 2061 739">
    <p class='ocr_par' dir='ltr' id='par_1_7' title="bbox 486 662 2061 739">
     <span class='ocr_line' id='line_1_7' title="bbox 486 662 2061 739; baseline -0.004 -15"><span class='ocrx_word' id='word_1_35' title='bbox 486 662 521 724; x_wconf 82' lang='lat' dir='ltr'><strong>il</strong></span> <span class='ocrx_word' id='word_1_36' title='bbox 551 672 564 725; x_wconf 94' lang='lat' dir='ltr'><strong>i</strong></span> <span class='ocrx_word' id='word_1_37' title='bbox 596 675 752 727; x_wconf 65' lang='lat' dir='ltr'><strong>modo</strong></span> <span class='ocrx_word' id='word_1_38' title='bbox 785 672 1009 727; x_wconf 89' lang='lat' dir='ltr'><strong>terrenis</strong></span> <span class='ocrx_word' id='word_1_39' title='bbox 1041 671 1420 739; x_wconf 72' lang='lat' dir='ltr'><strong>voluptatibus,</strong></span> <span class='ocrx_word' id='word_1_40' title='bbox 1454 669 1613 723; x_wconf 84' lang='lat' dir='ltr'><strong>modo</strong></span> <span class='ocrx_word' id='word_1_41' title='bbox 1640 666 1817 721; x_wconf 86' lang='lat' dir='ltr'><strong>carnis</strong></span> <span class='ocrx_word' id='word_1_42' title='bbox 1842 676 1896 720; x_wconf 91' lang='lat' dir='ltr'><strong>et</strong></span> <span class='ocrx_word' id='word_1_43' title='bbox 1927 664 2061 734; x_wconf 84' lang='lat' dir='ltr'><strong>legis</strong></span> 
     </span>
    </p>
   </div>
   <div class='ocr_carea' id='block_1_8' title="bbox 480 757 2061 825">
    <p class='ocr_par' dir='ltr' id='par_1_8' title="bbox 480 757 2061 825">
     <span class='ocr_line' id='line_1_8' title="bbox 480 757 2061 825; baseline -0.004 -10"><span class='ocrx_word' id='word_1_44' title='bbox 480 774 647 815; x_wconf 77' lang='lat' dir='ltr'><strong>onere</strong></span> <span class='ocrx_word' id='word_1_45' title='bbox 698 762 902 825; x_wconf 74' lang='lat' dir='ltr'><strong>rressi,</strong></span> <span class='ocrx_word' id='word_1_46' title='bbox 952 760 1341 814; x_wconf 71' lang='lat' dir='ltr'><strong>solemnitatem</strong></span> <span class='ocrx_word' id='word_1_47' title='bbox 1386 762 1647 814; x_wconf 82' lang='lat' dir='ltr'><strong>adventus</strong></span> <span class='ocrx_word' id='word_1_48' title='bbox 1697 757 1901 811; x_wconf 88' lang='lat' dir='ltr'><strong>Domini</strong></span> <span class='ocrx_word' id='word_1_49' title='bbox 1932 770 2061 809; x_wconf 85' lang='lat' dir='ltr'><strong>con-</strong></span> 
     </span>
    </p>
   </div>
   <div class='ocr_carea' id='block_1_9' title="bbox 486 830 2061 919">
    <p class='ocr_par' dir='ltr' id='par_1_9' title="bbox 486 830 2061 919">
     <span class='ocr_line' id='line_1_9' title="bbox 486 830 2061 919; baseline -0.003 -16"><span class='ocrx_word' id='word_1_50' title='bbox 486 859 818 916; x_wconf 78' lang='lat' dir='ltr'><strong>temp-erunt</strong></span> <span class='ocrx_word' id='word_1_51' title='bbox 844 891 857 913; x_wconf 93' lang='lat'><strong>,</strong></span> <span class='ocrx_word' id='word_1_52' title='bbox 894 864 958 903; x_wconf 80' lang='lat' dir='ltr'><strong>ex</strong></span> <span class='ocrx_word' id='word_1_53' title='bbox 990 866 1097 918; x_wconf 91' lang='lat' dir='ltr'><strong>quo</strong></span> <span class='ocrx_word' id='word_1_54' title='bbox 1127 865 1185 904; x_wconf 88' lang='lat' dir='ltr'><strong>se</strong></span> <span class='ocrx_word' id='word_1_55' title='bbox 1213 849 1460 919; x_wconf 90' lang='lat' dir='ltr'><strong>indignos</strong></span> <span class='ocrx_word' id='word_1_56' title='bbox 1486 830 1929 903; x_wconf 75' lang='lat' dir='ltr'><strong>existimaverunt</strong></span> <span class='ocrx_word' id='word_1_57' title='bbox 1957 845 2061 898; x_wconf 90' lang='lat' dir='ltr'><strong>vita</strong></span> 
     </span>
    </p>
   </div>
   <div class='ocr_carea' id='block_1_10' title="bbox 485 938 1861 1005">
    <p class='ocr_par' dir='ltr' id='par_1_10' title="bbox 485 938 1861 1005">
     <span class='ocr_line' id='line_1_10' title="bbox 485 938 1861 1005; baseline 0 -14"><span class='ocrx_word' id='word_1_58' title='bbox 485 946 708 1003; x_wconf 58' lang='lat' dir='ltr'><strong>eterna,</strong></span> <span class='ocrx_word' id='word_1_59' title='bbox 734 949 918 1005; x_wconf 81' lang='lat' dir='ltr'><strong>gentes</strong></span> <span class='ocrx_word' id='word_1_60' title='bbox 950 950 1125 995; x_wconf 89' lang='lat' dir='ltr'><strong>autem</strong></span> <span class='ocrx_word' id='word_1_61' title='bbox 1159 940 1407 993; x_wconf 89' lang='lat' dir='ltr'><strong>introisse</strong></span> <span class='ocrx_word' id='word_1_62' title='bbox 1437 938 1861 992; x_wconf 80' lang='lat' dir='ltr'><strong>manifestantttr.</strong></span> 
     </span>
    </p>
   </div>
   <div class='ocr_carea' id='block_1_11' title="bbox 558 1030 2059 1103">
    <p class='ocr_par' dir='ltr' id='par_1_11' title="bbox 558 1030 2059 1103">
     <span class='ocr_line' id='line_1_11' title="bbox 558 1030 2059 1103; baseline -0.001 -19"><span class='ocrx_word' id='word_1_63' title='bbox 558 1030 679 1084; x_wconf 80' lang='grc'><strong>190.</strong></span> <span class='ocrx_word' id='word_1_64' title='bbox 724 1031 838 1084; x_wconf 72' lang='lat' dir='ltr'><strong>Rex</strong></span> <span class='ocrx_word' id='word_1_65' title='bbox 875 1033 1073 1097; x_wconf 88' lang='lat' dir='ltr'><strong>iratus,</strong></span> <span class='ocrx_word' id='word_1_66' title='bbox 1104 1034 1193 1103; x_wconf 86' lang='lat' dir='ltr'><strong>qui</strong></span> <span class='ocrx_word' id='word_1_67' title='bbox 1216 1034 1359 1087; x_wconf 86' lang='lat' dir='ltr'><strong>misit</strong></span> <span class='ocrx_word' id='word_1_68' title='bbox 1387 1033 1653 1088; x_wconf 77' lang='lat' dir='ltr'><strong>exercitus</strong></span> <span class='ocrx_word' id='word_1_69' title='bbox 1681 1046 1828 1097; x_wconf 90' lang='lat' dir='ltr'><strong>suos,</strong></span> <span class='ocrx_word' id='word_1_70' title='bbox 1857 1039 1908 1085; x_wconf 91' lang='lat' dir='ltr'><strong>et</strong></span> <span class='ocrx_word' id='word_1_71' title='bbox 1939 1043 2059 1098; x_wconf 91' lang='lat' dir='ltr'><strong>per-</strong></span> 
     </span>
    </p>
   </div>
   <div class='ocr_carea' id='block_1_12' title="bbox 484 1118 2066 1193">
    <p class='ocr_par' dir='ltr' id='par_1_12' title="bbox 484 1118 2066 1193">
     <span class='ocr_line' id='line_1_12' title="bbox 484 1118 2066 1193; baseline 0 -21"><span class='ocrx_word' id='word_1_72' title='bbox 484 1119 618 1172; x_wconf 84' lang='lat' dir='ltr'><strong>didit</strong></span> <span class='ocrx_word' id='word_1_73' title='bbox 646 1121 1014 1193; x_wconf 70' lang='lat' dir='ltr'><strong>interfectores</strong></span> <span class='ocrx_word' id='word_1_74' title='bbox 1043 1124 1157 1177; x_wconf 68' lang='lat' dir='ltr'><strong>illos</strong></span> <span class='ocrx_word' id='word_1_75' title='bbox 1182 1169 1195 1191; x_wconf 92' lang='lat'><strong>,</strong></span> <span class='ocrx_word' id='word_1_76' title='bbox 1224 1134 1278 1176; x_wconf 90' lang='lat' dir='ltr'><strong>et</strong></span> <span class='ocrx_word' id='word_1_77' title='bbox 1299 1123 1565 1177; x_wconf 88' lang='lat' dir='ltr'><strong>civitatem</strong></span> <span class='ocrx_word' id='word_1_78' title='bbox 1594 1122 1805 1175; x_wconf 90' lang='lat' dir='ltr'><strong>illorum</strong></span> <span class='ocrx_word' id='word_1_79' title='bbox 1831 1118 2066 1173; x_wconf 84' lang='lat' dir='ltr'><strong>incendit</strong></span> 
     </span>
    </p>
   </div>
   <div class='ocr_carea' id='block_1_13' title="bbox 484 1208 2062 1284">
    <p class='ocr_par' dir='ltr' id='par_1_13' title="bbox 484 1208 2062 1284">
     <span class='ocr_line' id='line_1_13' title="bbox 484 1208 2062 1284; baseline 0.002 -23"><span class='ocrx_word' id='word_1_80' title='bbox 484 1208 676 1279; x_wconf 77' lang='lat' dir='ltr'><strong>(Ibid.)</strong></span> <span class='ocrx_word' id='word_1_81' title='bbox 697 1252 710 1273; x_wconf 90' lang='lat'><strong>,</strong></span> <span class='ocrx_word' id='word_1_82' title='bbox 739 1211 877 1266; x_wconf 90' lang='lat' dir='ltr'><strong>Deus</strong></span> <span class='ocrx_word' id='word_1_83' title='bbox 910 1214 1067 1268; x_wconf 83' lang='lat' dir='ltr'><strong>Pater</strong></span> <span class='ocrx_word' id='word_1_84' title='bbox 1092 1222 1205 1281; x_wconf 85' lang='lat' dir='ltr'><strong>est,</strong></span> <span class='ocrx_word' id='word_1_85' title='bbox 1243 1217 1330 1284; x_wconf 90' lang='lat' dir='ltr'><strong>qui</strong></span> <span class='ocrx_word' id='word_1_86' title='bbox 1377 1214 1653 1269; x_wconf 83' lang='lat' dir='ltr'><strong>suscitavit</strong></span> <span class='ocrx_word' id='word_1_87' title='bbox 1681 1211 2062 1281; x_wconf 83' lang='lat' dir='ltr'><strong>Vespasianum</strong></span> 
     </span>
    </p>
   </div>
   <div class='ocr_carea' id='block_1_14' title="bbox 485 1296 2065 1371">
    <p class='ocr_par' dir='ltr' id='par_1_14' title="bbox 485 1296 2065 1371">
     <span class='ocr_line' id='line_1_14' title="bbox 485 1296 2065 1371; baseline 0 -22"><span class='ocrx_word' id='word_1_88' title='bbox 485 1296 750 1349; x_wconf 71' lang='lat' dir='ltr'><strong>Ctesarem</strong></span> <span class='ocrx_word' id='word_1_89' title='bbox 786 1299 1143 1354; x_wconf 80' lang='lat' dir='ltr'><strong>Romanorum</strong></span> <span class='ocrx_word' id='word_1_90' title='bbox 1169 1341 1183 1363; x_wconf 86' lang='lat'><strong>,</strong></span> <span class='ocrx_word' id='word_1_91' title='bbox 1214 1302 1301 1369; x_wconf 91' lang='lat' dir='ltr'><strong>qui</strong></span> <span class='ocrx_word' id='word_1_92' title='bbox 1331 1310 1383 1356; x_wconf 89' lang='lat' dir='ltr'><strong>et</strong></span> <span class='ocrx_word' id='word_1_93' title='bbox 1413 1302 1661 1371; x_wconf 89' lang='lat' dir='ltr'><strong>popultttn</strong></span> <span class='ocrx_word' id='word_1_94' title='bbox 1691 1299 1863 1369; x_wconf 89' lang='lat' dir='ltr'><strong>gladio</strong></span> <span class='ocrx_word' id='word_1_95' title='bbox 1894 1308 2065 1352; x_wconf 86' lang='lat' dir='ltr'><strong>vasta-</strong></span> 
     </span>
    </p>
   </div>
   <div class='ocr_carea' id='block_1_15' title="bbox 487 1386 2064 1451">
    <p class='ocr_par' dir='ltr' id='par_1_15' title="bbox 487 1386 2064 1451">
     <span class='ocr_line' id='line_1_15' title="bbox 487 1386 2064 1451; baseline 0.002 -12"><span class='ocrx_word' id='word_1_96' title='bbox 487 1386 560 1439; x_wconf 86' lang='lat' dir='ltr'><strong>vit</strong></span> <span class='ocrx_word' id='word_1_97' title='bbox 588 1426 603 1451; x_wconf 91' lang='lat'><strong>,</strong></span> <span class='ocrx_word' id='word_1_98' title='bbox 649 1400 698 1441; x_wconf 88' lang='lat' dir='ltr'><strong>et</strong></span> <span class='ocrx_word' id='word_1_99' title='bbox 746 1389 1018 1443; x_wconf 87' lang='lat' dir='ltr'><strong>civitatem</strong></span> <span class='ocrx_word' id='word_1_100' title='bbox 1069 1390 1364 1445; x_wconf 76' lang='lat' dir='ltr'><strong>Jerusalem</strong></span> <span class='ocrx_word' id='word_1_101' title='bbox 1398 1391 1632 1445; x_wconf 77' lang='lat' dir='ltr'><strong>funditus</strong></span> <span class='ocrx_word' id='word_1_102' title='bbox 1661 1406 1782 1443; x_wconf 90' lang='lat' dir='ltr'><strong>cum</strong></span> <span class='ocrx_word' id='word_1_103' title='bbox 1807 1392 1919 1444; x_wconf 77' lang='lat' dir='ltr'><strong>suis</strong></span> <span class='ocrx_word' id='word_1_104' title='bbox 1945 1388 2064 1442; x_wconf 86' lang='lat' dir='ltr'><strong>urti-</strong></span> 
     </span>
    </p>
   </div>
   <div class='ocr_carea' id='block_1_16' title="bbox 484 1482 2062 1553">
    <p class='ocr_par' dir='ltr' id='par_1_16' title="bbox 484 1482 2062 1553">
     <span class='ocr_line' id='line_1_16' title="bbox 484 1482 2062 1553; baseline 0.001 -19"><span class='ocrx_word' id='word_1_105' title='bbox 484 1482 654 1534; x_wconf 82' lang='lat' dir='ltr'><strong>versis</strong></span> <span class='ocrx_word' id='word_1_106' title='bbox 679 1485 908 1547; x_wconf 79' lang='lat' dir='ltr'><strong>evertit,</strong></span> <span class='ocrx_word' id='word_1_107' title='bbox 942 1484 1012 1537; x_wconf 93' lang='lat' dir='ltr'><strong>ita</strong></span> <span class='ocrx_word' id='word_1_108' title='bbox 1054 1496 1109 1537; x_wconf 90' lang='lat' dir='ltr'><strong>ut</strong></span> <span class='ocrx_word' id='word_1_109' title='bbox 1138 1485 1358 1538; x_wconf 90' lang='lat' dir='ltr'><strong>ultetitts</strong></span> <span class='ocrx_word' id='word_1_110' title='bbox 1385 1484 1706 1553; x_wconf 82' lang='lat' dir='ltr'><strong>belligerare</strong></span> <span class='ocrx_word' id='word_1_111' title='bbox 1735 1498 1841 1537; x_wconf 89' lang='lat' dir='ltr'><strong>non</strong></span> <span class='ocrx_word' id='word_1_112' title='bbox 1876 1482 2062 1549; x_wconf 88' lang='lat' dir='ltr'><strong>possit.</strong></span> 
     </span>
    </p>
   </div>
   <div class='ocr_carea' id='block_1_17' title="bbox 566 1571 2063 1640">
    <p class='ocr_par' dir='ltr' id='par_1_17' title="bbox 566 1571 2063 1640">
     <span class='ocr_line' id='line_1_17' title="bbox 566 1571 2063 1640; baseline 0.001 -16"><span class='ocrx_word' id='word_1_113' title='bbox 566 1572 686 1625; x_wconf 87' lang='grc'><strong>191.</strong></span> <span class='ocrx_word' id='word_1_114' title='bbox 732 1573 771 1625; x_wconf 96' lang='grc' dir='ltr'><strong>ΙΙ</strong></span> <span class='ocrx_word' id='word_1_115' title='bbox 800 1588 901 1627; x_wconf 58' lang='lat' dir='ltr'><strong>nmo</strong></span> <span class='ocrx_word' id='word_1_116' title='bbox 946 1584 1121 1629; x_wconf 91' lang='lat' dir='ltr'><strong>autem</strong></span> <span class='ocrx_word' id='word_1_117' title='bbox 1175 1590 1278 1628; x_wconf 92' lang='lat' dir='ltr'><strong>non</strong></span> <span class='ocrx_word' id='word_1_118' title='bbox 1310 1576 1512 1628; x_wconf 80' lang='lat' dir='ltr'><strong>habens</strong></span> <span class='ocrx_word' id='word_1_119' title='bbox 1542 1584 1743 1628; x_wconf 87' lang='lat' dir='ltr'><strong>vestem</strong></span> <span class='ocrx_word' id='word_1_120' title='bbox 1770 1571 2063 1640; x_wconf 86' lang='lat' dir='ltr'><strong>nuptialem</strong></span> 
     </span>
    </p>
   </div>
   <div class='ocr_carea' id='block_1_18' title="bbox 490 1662 2062 1735">
    <p class='ocr_par' dir='ltr' id='par_1_18' title="bbox 490 1662 2062 1735">
     <span class='ocr_line' id='line_1_18' title="bbox 490 1662 2062 1735; baseline -0.001 -19"><span class='ocrx_word' id='word_1_121' title='bbox 490 1662 544 1716; x_wconf 93' lang='lat' dir='ltr'><strong>in</strong></span> <span class='ocrx_word' id='word_1_122' title='bbox 577 1662 823 1717; x_wconf 86' lang='lat' dir='ltr'><strong>accubitu</strong></span> <span class='ocrx_word' id='word_1_123' title='bbox 848 1704 863 1729; x_wconf 89' lang='lat'><strong>,</strong></span> <span class='ocrx_word' id='word_1_124' title='bbox 917 1666 1004 1733; x_wconf 93' lang='lat' dir='ltr'><strong>qui</strong></span> <span class='ocrx_word' id='word_1_125' title='bbox 1031 1704 1048 1730; x_wconf 94' lang='lat'><strong>,</strong></span> <span class='ocrx_word' id='word_1_126' title='bbox 1106 1667 1353 1735; x_wconf 89' lang='lat' dir='ltr'><strong>loquente</strong></span> <span class='ocrx_word' id='word_1_127' title='bbox 1383 1680 1509 1735; x_wconf 87' lang='lat' dir='ltr'><strong>rege</strong></span> <span class='ocrx_word' id='word_1_128' title='bbox 1533 1709 1547 1733; x_wconf 92' lang='lat'><strong>,</strong></span> <span class='ocrx_word' id='word_1_129' title='bbox 1577 1666 1874 1729; x_wconf 85' lang='lat' dir='ltr'><strong>obmutuit;</strong></span> <span class='ocrx_word' id='word_1_130' title='bbox 1906 1678 2062 1732; x_wconf 88' lang='lat' dir='ltr'><strong>quem</strong></span> 
     </span>
    </p>
   </div>
   <div class='ocr_carea' id='block_1_19' title="bbox 2162 482 2263 527">
    <p class='ocr_par' dir='ltr' id='par_1_19' title="bbox 2162 482 2263 527">
     <span class='ocr_line' id='line_1_19' title="bbox 2162 482 2263 527; baseline -0.02 0"><span class='ocrx_word' id='word_1_131' title='bbox 2162 482 2263 527; x_wconf 90' lang='lat' dir='ltr'><strong>tur.</strong></span> 
     </span>
    </p>
   </div>
   <div class='ocr_carea' id='block_1_20' title="bbox 2236 564 3733 636">
    <p class='ocr_par' dir='ltr' id='par_1_20' title="bbox 2236 564 3733 636">
     <span class='ocr_line' id='line_1_20' title="bbox 2236 564 3733 636; baseline 0 -17"><span class='ocrx_word' id='word_1_132' title='bbox 2236 566 2356 620; x_wconf 85' lang='grc'><strong>198.</strong></span> <span class='ocrx_word' id='word_1_133' title='bbox 2399 564 2646 633; x_wconf 85' lang='lat' dir='ltr'><strong>Quinque</strong></span> <span class='ocrx_word' id='word_1_134' title='bbox 2675 574 2852 619; x_wconf 91' lang='lat' dir='ltr'><strong>autem</strong></span> <span class='ocrx_word' id='word_1_135' title='bbox 2882 565 3113 634; x_wconf 78' lang='lat' dir='ltr'><strong>virgines</strong></span> <span class='ocrx_word' id='word_1_136' title='bbox 3143 566 3321 632; x_wconf 64' lang='lat' dir='ltr'><strong>fatum,</strong></span> <span class='ocrx_word' id='word_1_137' title='bbox 3368 582 3489 636; x_wconf 70' lang='lat' dir='ltr'><strong>qum</strong></span> <span class='ocrx_word' id='word_1_138' title='bbox 3510 583 3612 621; x_wconf 92' lang='lat' dir='ltr'><strong>non</strong></span> <span class='ocrx_word' id='word_1_139' title='bbox 3642 572 3733 620; x_wconf 85' lang='lat' dir='ltr'><strong>ha-</strong></span> 
     </span>
    </p>
   </div>
   <div class='ocr_carea' id='block_1_21' title="bbox 2163 654 3734 726">
    <p class='ocr_par' dir='ltr' id='par_1_21' title="bbox 2163 654 3734 726">
     <span class='ocr_line' id='line_1_21' title="bbox 2163 654 3734 726; baseline 0.001 -16"><span class='ocrx_word' id='word_1_140' title='bbox 2163 655 2290 710; x_wconf 88' lang='lat' dir='ltr'><strong>bent</strong></span> <span class='ocrx_word' id='word_1_141' title='bbox 2336 656 2388 710; x_wconf 91' lang='lat' dir='ltr'><strong>in</strong></span> <span class='ocrx_word' id='word_1_142' title='bbox 2440 656 2581 709; x_wconf 86' lang='lat' dir='ltr'><strong>vasis</strong></span> <span class='ocrx_word' id='word_1_143' title='bbox 2626 655 2802 709; x_wconf 90' lang='lat' dir='ltr'><strong>oleum</strong></span> <span class='ocrx_word' id='word_1_144' title='bbox 2854 654 3065 726; x_wconf 85' lang='lat' dir='ltr'><strong>(Ibid.),</strong></span> <span class='ocrx_word' id='word_1_145' title='bbox 3116 656 3217 709; x_wconf 76' lang='lat' dir='ltr'><strong>illae</strong></span> <span class='ocrx_word' id='word_1_146' title='bbox 3247 660 3437 711; x_wconf 68' lang='lat' dir='ltr'><strong>animae</strong></span> <span class='ocrx_word' id='word_1_147' title='bbox 3468 669 3591 711; x_wconf 90' lang='lat' dir='ltr'><strong>sunt</strong></span> <span class='ocrx_word' id='word_1_148' title='bbox 3617 674 3734 725; x_wconf 67' lang='lat' dir='ltr'><strong>quae</strong></span> 
     </span>
    </p>
   </div>
   <div class='ocr_carea' id='block_1_22' title="bbox 2164 747 3734 818">
    <p class='ocr_par' dir='ltr' id='par_1_22' title="bbox 2164 747 3734 818">
     <span class='ocr_line' id='line_1_22' title="bbox 2164 747 3734 818; baseline 0 -16"><span class='ocrx_word' id='word_1_149' title='bbox 2164 748 2362 802; x_wconf 84' lang='lat' dir='ltr'><strong>habent</strong></span> <span class='ocrx_word' id='word_1_150' title='bbox 2408 747 2627 818; x_wconf 81' lang='lat' dir='ltr'><strong>quidem</strong></span> <span class='ocrx_word' id='word_1_151' title='bbox 2697 748 3052 816; x_wconf 80' lang='lat' dir='ltr'><strong>integritatem</strong></span> <span class='ocrx_word' id='word_1_152' title='bbox 3108 762 3394 817; x_wconf 90' lang='lat' dir='ltr'><strong>corporum</strong></span> <span class='ocrx_word' id='word_1_153' title='bbox 3424 792 3436 814; x_wconf 91' lang='lat'><strong>,</strong></span> <span class='ocrx_word' id='word_1_154' title='bbox 3489 748 3581 801; x_wconf 86' lang='lat' dir='ltr'><strong>sed</strong></span> <span class='ocrx_word' id='word_1_155' title='bbox 3630 764 3734 802; x_wconf 90' lang='lat' dir='ltr'><strong>non</strong></span> 
     </span>
    </p>
   </div>
   <div class='ocr_carea' id='block_1_23' title="bbox 2163 835 3734 904">
    <p class='ocr_par' dir='ltr' id='par_1_23' title="bbox 2163 835 3734 904">
     <span class='ocr_line' id='line_1_23' title="bbox 2163 835 3734 904; baseline -0.001 -13"><span class='ocrx_word' id='word_1_156' title='bbox 2163 848 2378 892; x_wconf 85' lang='lat' dir='ltr'><strong>servant</strong></span> <span class='ocrx_word' id='word_1_157' title='bbox 2413 838 2549 890; x_wconf 92' lang='lat' dir='ltr'><strong>intra</strong></span> <span class='ocrx_word' id='word_1_158' title='bbox 2586 836 2966 890; x_wconf 87' lang='lat' dir='ltr'><strong>conscientiam</strong></span> <span class='ocrx_word' id='word_1_159' title='bbox 3001 836 3121 889; x_wconf 91' lang='lat' dir='ltr'><strong>boni</strong></span> <span class='ocrx_word' id='word_1_160' title='bbox 3147 835 3325 903; x_wconf 90' lang='lat' dir='ltr'><strong>operis</strong></span> <span class='ocrx_word' id='word_1_161' title='bbox 3353 838 3734 904; x_wconf 88' lang='lat' dir='ltr'><strong>testimonium,</strong></span> 
     </span>
    </p>
   </div>
   <div class='ocr_carea' id='block_1_24' title="bbox 2162 929 3732 997">
    <p class='ocr_par' dir='ltr' id='par_1_24' title="bbox 2162 929 3732 997">
     <span class='ocr_line' id='line_1_24' title="bbox 2162 929 3732 997; baseline 0.001 -12"><span class='ocrx_word' id='word_1_162' title='bbox 2162 932 2288 985; x_wconf 90' lang='lat' dir='ltr'><strong>dum</strong></span> <span class='ocrx_word' id='word_1_163' title='bbox 2313 932 2363 983; x_wconf 91' lang='lat' dir='ltr'><strong>in</strong></span> <span class='ocrx_word' id='word_1_164' title='bbox 2395 929 2528 983; x_wconf 82' lang='lat' dir='ltr'><strong>facie</strong></span> <span class='ocrx_word' id='word_1_165' title='bbox 2554 930 2849 997; x_wconf 79' lang='lat' dir='ltr'><strong>gloriantur</strong></span> <span class='ocrx_word' id='word_1_166' title='bbox 2878 929 3018 997; x_wconf 88' lang='lat' dir='ltr'><strong>apud</strong></span> <span class='ocrx_word' id='word_1_167' title='bbox 3050 930 3291 984; x_wconf 82' lang='lat' dir='ltr'><strong>homines</strong></span> <span class='ocrx_word' id='word_1_168' title='bbox 3312 971 3326 995; x_wconf 91' lang='lat'><strong>,</strong></span> <span class='ocrx_word' id='word_1_169' title='bbox 3355 939 3408 984; x_wconf 91' lang='lat' dir='ltr'><strong>et</strong></span> <span class='ocrx_word' id='word_1_170' title='bbox 3438 946 3541 984; x_wconf 89' lang='lat' dir='ltr'><strong>non</strong></span> <span class='ocrx_word' id='word_1_171' title='bbox 3568 933 3732 986; x_wconf 83' lang='lat' dir='ltr'><strong>corde</strong></span> 
     </span>
    </p>
   </div>
   <div class='ocr_carea' id='block_1_25' title="bbox 2164 1019 3736 1091">
    <p class='ocr_par' dir='ltr' id='par_1_25' title="bbox 2164 1019 3736 1091">
     <span class='ocr_line' id='line_1_25' title="bbox 2164 1019 3736 1091; baseline 0.001 -16"><span class='ocrx_word' id='word_1_172' title='bbox 2164 1022 2304 1091; x_wconf 88' lang='lat' dir='ltr'><strong>apud</strong></span> <span class='ocrx_word' id='word_1_173' title='bbox 2356 1021 2545 1076; x_wconf 90' lang='lat' dir='ltr'><strong>Deum.</strong></span> <span class='ocrx_word' id='word_1_174' title='bbox 2588 1021 2818 1088; x_wconf 84' lang='lat' dir='ltr'><strong>Ideoque</strong></span> <span class='ocrx_word' id='word_1_175' title='bbox 2843 1060 2857 1085; x_wconf 92' lang='lat'><strong>,</strong></span> <span class='ocrx_word' id='word_1_176' title='bbox 2899 1020 3018 1088; x_wconf 90' lang='lat' dir='ltr'><strong>quia</strong></span> <span class='ocrx_word' id='word_1_177' title='bbox 3059 1019 3113 1074; x_wconf 92' lang='lat' dir='ltr'><strong>in</strong></span> <span class='ocrx_word' id='word_1_178' title='bbox 3142 1022 3282 1076; x_wconf 86' lang='lat' dir='ltr'><strong>vasis</strong></span> <span class='ocrx_word' id='word_1_179' title='bbox 3308 1032 3582 1091; x_wconf 88' lang='lat' dir='ltr'><strong>pectorum</strong></span> <span class='ocrx_word' id='word_1_180' title='bbox 3608 1036 3736 1077; x_wconf 88' lang='lat' dir='ltr'><strong>suo-</strong></span> 
     </span>
    </p>
   </div>
   <div class='ocr_carea' id='block_1_26' title="bbox 2163 1110 3739 1180">
    <p class='ocr_par' dir='ltr' id='par_1_26' title="bbox 2163 1110 3739 1180">
     <span class='ocr_line' id='line_1_26' title="bbox 2163 1110 3739 1180; baseline 0 -12"><span class='ocrx_word' id='word_1_181' title='bbox 2163 1129 2281 1169; x_wconf 85' lang='lat' dir='ltr'><strong>rum</strong></span> <span class='ocrx_word' id='word_1_182' title='bbox 2314 1110 2505 1166; x_wconf 88' lang='lat' dir='ltr'><strong>mentis</strong></span> <span class='ocrx_word' id='word_1_183' title='bbox 2535 1111 2871 1180; x_wconf 85' lang='lat' dir='ltr'><strong>splendorem</strong></span> <span class='ocrx_word' id='word_1_184' title='bbox 2904 1126 3007 1164; x_wconf 93' lang='lat' dir='ltr'><strong>non</strong></span> <span class='ocrx_word' id='word_1_185' title='bbox 3032 1122 3255 1180; x_wconf 86' lang='lat' dir='ltr'><strong>gerunt,</strong></span> <span class='ocrx_word' id='word_1_186' title='bbox 3286 1114 3603 1169; x_wconf 81' lang='lat' dir='ltr'><strong>adveniente</strong></span> <span class='ocrx_word' id='word_1_187' title='bbox 3634 1113 3739 1168; x_wconf 84' lang='lat' dir='ltr'><strong>Do-</strong></span> 
     </span>
    </p>
   </div>
   <div class='ocr_carea' id='block_1_27' title="bbox 2167 1201 3345 1271">
    <p class='ocr_par' dir='ltr' id='par_1_27' title="bbox 2167 1201 3345 1271">
     <span class='ocr_line' id='line_1_27' title="bbox 2167 1201 3345 1271; baseline 0 -14"><span class='ocrx_word' id='word_1_188' title='bbox 2167 1208 2333 1267; x_wconf 91' lang='lat' dir='ltr'><strong>mino,</strong></span> <span class='ocrx_word' id='word_1_189' title='bbox 2369 1217 2398 1257; x_wconf 91' lang='lat' dir='ltr'><strong>a</strong></span> <span class='ocrx_word' id='word_1_190' title='bbox 2431 1202 2577 1271; x_wconf 89' lang='lat' dir='ltr'><strong>regni</strong></span> <span class='ocrx_word' id='word_1_191' title='bbox 2603 1202 2721 1266; x_wconf 82' lang='lat' dir='ltr'><strong>ejus</strong></span> <span class='ocrx_word' id='word_1_192' title='bbox 2750 1201 2944 1270; x_wconf 86' lang='lat' dir='ltr'><strong>gaudio</strong></span> <span class='ocrx_word' id='word_1_193' title='bbox 2970 1202 3345 1257; x_wconf 70' lang='lat' dir='ltr'><strong>excluduntur.</strong></span> 
     </span>
    </p>
   </div>
   <div class='ocr_carea' id='block_1_28' title="bbox 2244 1294 3737 1365">
    <p class='ocr_par' dir='ltr' id='par_1_28' title="bbox 2244 1294 3737 1365">
     <span class='ocr_line' id='line_1_28' title="bbox 2244 1294 3737 1365; baseline 0.001 -14"><span class='ocrx_word' id='word_1_194' title='bbox 2244 1296 2367 1351; x_wconf 86' lang='grc'><strong>199.</strong></span> <span class='ocrx_word' id='word_1_195' title='bbox 2413 1296 2583 1349; x_wconf 91' lang='lat' dir='ltr'><strong>llonto</strong></span> <span class='ocrx_word' id='word_1_196' title='bbox 2614 1309 2835 1364; x_wconf 87' lang='lat' dir='ltr'><strong>peregre</strong></span> <span class='ocrx_word' id='word_1_197' title='bbox 2866 1294 3225 1363; x_wconf 87' lang='lat' dir='ltr'><strong>proﬁciscens,</strong></span> <span class='ocrx_word' id='word_1_198' title='bbox 3249 1297 3335 1365; x_wconf 92' lang='lat' dir='ltr'><strong>qtti</strong></span> <span class='ocrx_word' id='word_1_199' title='bbox 3362 1297 3574 1351; x_wconf 88' lang='lat' dir='ltr'><strong>tradidit</strong></span> <span class='ocrx_word' id='word_1_200' title='bbox 3601 1297 3737 1352; x_wconf 73' lang='lat' dir='ltr'><strong>lunia</strong></span> 
     </span>
    </p>
   </div>
   <div class='ocr_carea' id='block_1_29' title="bbox 2168 1383 3740 1455">
    <p class='ocr_par' dir='ltr' id='par_1_29' title="bbox 2168 1383 3740 1455">
     <span class='ocr_line' id='line_1_29' title="bbox 2168 1383 3740 1455; baseline 0 -13"><span class='ocrx_word' id='word_1_201' title='bbox 2168 1402 2262 1442; x_wconf 88' lang='lat' dir='ltr'><strong>sua</strong></span> <span class='ocrx_word' id='word_1_202' title='bbox 2291 1388 2461 1440; x_wconf 89' lang='lat' dir='ltr'><strong>servis</strong></span> <span class='ocrx_word' id='word_1_203' title='bbox 2490 1386 2599 1439; x_wconf 79' lang='lat' dir='ltr'><strong>suis</strong></span> <span class='ocrx_word' id='word_1_204' title='bbox 2633 1383 2851 1453; x_wconf 84' lang='lat' dir='ltr'><strong>(lbid.),</strong></span> <span class='ocrx_word' id='word_1_205' title='bbox 2882 1384 3125 1439; x_wconf 86' lang='lat' dir='ltr'><strong>Christus</strong></span> <span class='ocrx_word' id='word_1_206' title='bbox 3155 1396 3269 1450; x_wconf 88' lang='lat' dir='ltr'><strong>est,</strong></span> <span class='ocrx_word' id='word_1_207' title='bbox 3294 1388 3380 1455; x_wconf 92' lang='lat' dir='ltr'><strong>qui</strong></span> <span class='ocrx_word' id='word_1_208' title='bbox 3413 1397 3531 1454; x_wconf 87' lang='lat' dir='ltr'><strong>post</strong></span> <span class='ocrx_word' id='word_1_209' title='bbox 3560 1402 3740 1442; x_wconf 82' lang='lat' dir='ltr'><strong>resur-</strong></span> 
     </span>
    </p>
   </div>
   <div class='ocr_carea' id='block_1_30' title="bbox 2170 1480 3743 1550">
    <p class='ocr_par' dir='ltr' id='par_1_30' title="bbox 2170 1480 3743 1550">
     <span class='ocr_line' id='line_1_30' title="bbox 2170 1480 3743 1550; baseline 0.001 -13"><span class='ocrx_word' id='word_1_210' title='bbox 2170 1484 2464 1537; x_wconf 88' lang='lat' dir='ltr'><strong>rectionem</strong></span> <span class='ocrx_word' id='word_1_211' title='bbox 2501 1496 2650 1535; x_wconf 84' lang='lat' dir='ltr'><strong>suam</strong></span> <span class='ocrx_word' id='word_1_212' title='bbox 2679 1481 2743 1533; x_wconf 90' lang='lat' dir='ltr'><strong>ad</strong></span> <span class='ocrx_word' id='word_1_213' title='bbox 2776 1482 2940 1535; x_wconf 70' lang='lat' dir='ltr'><strong>caelos</strong></span> <span class='ocrx_word' id='word_1_214' title='bbox 2969 1480 3309 1550; x_wconf 89' lang='lat' dir='ltr'><strong>regrediens,</strong></span> <span class='ocrx_word' id='word_1_215' title='bbox 3346 1482 3559 1537; x_wconf 88' lang='lat' dir='ltr'><strong>tradidit</strong></span> <span class='ocrx_word' id='word_1_216' title='bbox 3582 1498 3743 1539; x_wconf 85' lang='lat' dir='ltr'><strong>evan-</strong></span> 
     </span>
    </p>
   </div>
   <div class='ocr_carea' id='block_1_31' title="bbox 2169 1571 3743 1644">
    <p class='ocr_par' dir='ltr' id='par_1_31' title="bbox 2169 1571 3743 1644">
     <span class='ocr_line' id='line_1_31' title="bbox 2169 1571 3743 1644; baseline -0.002 -15"><span class='ocrx_word' id='word_1_217' title='bbox 2169 1574 2387 1644; x_wconf 81' lang='lat' dir='ltr'><strong>gelicam</strong></span> <span class='ocrx_word' id='word_1_218' title='bbox 2416 1573 2641 1643; x_wconf 89' lang='lat' dir='ltr'><strong>gratiam</strong></span> <span class='ocrx_word' id='word_1_219' title='bbox 2694 1571 3009 1639; x_wconf 87' lang='lat' dir='ltr'><strong>evangelicis</strong></span> <span class='ocrx_word' id='word_1_220' title='bbox 3047 1572 3463 1639; x_wconf 87' lang='lat' dir='ltr'><strong>negotiatoribus</strong></span> <span class='ocrx_word' id='word_1_221' title='bbox 3502 1573 3743 1627; x_wconf 83' lang='lat' dir='ltr'><strong>leueran-</strong></span> 
     </span>
    </p>
   </div>
   <div class='ocr_carea' id='block_1_32' title="bbox 2170 1662 3739 1735">
    <p class='ocr_par' dir='ltr' id='par_1_32' title="bbox 2170 1662 3739 1735">
     <span class='ocr_line' id='line_1_32' title="bbox 2170 1662 3739 1735; baseline 0.001 -16"><span class='ocrx_word' id='word_1_222' title='bbox 2170 1666 2314 1720; x_wconf 88' lang='lat' dir='ltr'><strong>dam.</strong></span> <span class='ocrx_word' id='word_1_223' title='bbox 2361 1665 2462 1722; x_wconf 87' lang='lat' dir='ltr'><strong>Sed</strong></span> <span class='ocrx_word' id='word_1_224' title='bbox 2509 1665 2709 1735; x_wconf 90' lang='lat' dir='ltr'><strong>primus</strong></span> <span class='ocrx_word' id='word_1_225' title='bbox 2750 1680 2940 1718; x_wconf 83' lang='lat' dir='ltr'><strong>servus</strong></span> <span class='ocrx_word' id='word_1_226' title='bbox 2992 1667 3043 1719; x_wconf 89' lang='lat' dir='ltr'><strong>in</strong></span> <span class='ocrx_word' id='word_1_227' title='bbox 3101 1662 3334 1734; x_wconf 90' lang='lat' dir='ltr'><strong>quinque</strong></span> <span class='ocrx_word' id='word_1_228' title='bbox 3382 1666 3593 1719; x_wconf 84' lang='lat' dir='ltr'><strong>talentis</strong></span> <span class='ocrx_word' id='word_1_229' title='bbox 3639 1666 3739 1720; x_wconf 89' lang='lat' dir='ltr'><strong>sibi</strong></span> 
     </span>
    </p>
   </div>
   <div class='ocr_carea' id='block_1_33' title="bbox 483 1740 3745 1826">
    <p class='ocr_par' dir='ltr' id='par_1_33' title="bbox 483 1740 3745 1826">
     <span class='ocr_line' id='line_1_33' title="bbox 483 1740 3745 1826; baseline 0.001 -19"><span class='ocrx_word' id='word_1_230' title='bbox 483 1756 640 1822; x_wconf 88' lang='lat' dir='ltr'><strong>jubet</strong></span> <span class='ocrx_word' id='word_1_231' title='bbox 678 1758 846 1810; x_wconf 85' lang='lat' dir='ltr'><strong>servis</strong></span> <span class='ocrx_word' id='word_1_232' title='bbox 896 1757 1133 1811; x_wconf 87' lang='lat' dir='ltr'><strong>ablatum</strong></span> <span class='ocrx_word' id='word_1_233' title='bbox 1184 1757 1321 1812; x_wconf 86' lang='lat' dir='ltr'><strong>mitti</strong></span> <span class='ocrx_word' id='word_1_234' title='bbox 1369 1759 1419 1811; x_wconf 93' lang='lat' dir='ltr'><strong>itt</strong></span> <span class='ocrx_word' id='word_1_235' title='bbox 1483 1742 1729 1812; x_wconf 80' lang='lat' dir='ltr'><strong>tenebras</strong></span> <span class='ocrx_word' id='word_1_236' title='bbox 1775 1757 2068 1810; x_wconf 73' lang='lat' dir='ltr'><strong>exteriores</strong></span> <span class='ocrx_word' id='word_1_237' title='bbox 2101 1740 2143 1797; x_wconf 75' lang='grc' dir='ltr'><strong>Β</strong></span> <span class='ocrx_word' id='word_1_238' title='bbox 2173 1758 2313 1811; x_wconf 91' lang='lat' dir='ltr'><strong>datis</strong></span> <span class='ocrx_word' id='word_1_239' title='bbox 2345 1757 2580 1826; x_wconf 88' lang='lat' dir='ltr'><strong>quinque</strong></span> <span class='ocrx_word' id='word_1_240' title='bbox 2626 1755 2792 1811; x_wconf 88' lang='lat' dir='ltr'><strong>libros</strong></span> <span class='ocrx_word' id='word_1_241' title='bbox 2826 1755 2957 1825; x_wconf 88' lang='lat' dir='ltr'><strong>legis</strong></span> <span class='ocrx_word' id='word_1_242' title='bbox 2999 1756 3225 1823; x_wconf 88' lang='lat' dir='ltr'><strong>accepit,</strong></span> <span class='ocrx_word' id='word_1_243' title='bbox 3256 1755 3395 1824; x_wconf 79' lang='lat' dir='ltr'><strong>quod</strong></span> <span class='ocrx_word' id='word_1_244' title='bbox 3427 1756 3663 1810; x_wconf 91' lang='lat' dir='ltr'><strong>doctrina</strong></span> <span class='ocrx_word' id='word_1_245' title='bbox 3688 1765 3745 1811; x_wconf 88' lang='lat' dir='ltr'><strong>et</strong></span> 
     </span>
    </p>
   </div>
   <div class='ocr_carea' id='block_1_34' title="bbox 484 1844 2069 1918">
    <p class='ocr_par' dir='ltr' id='par_1_34' title="bbox 484 1844 2069 1918">
     <span class='ocr_line' id='line_1_34' title="bbox 484 1844 2069 1918; baseline 0.003 -21"><span class='ocrx_word' id='word_1_246' title='bbox 484 1844 698 1917; x_wconf 86' lang='lat' dir='ltr'><strong>(lbid.),</strong></span> <span class='ocrx_word' id='word_1_247' title='bbox 747 1847 837 1902; x_wconf 91' lang='lat' dir='ltr'><strong>ille</strong></span> <span class='ocrx_word' id='word_1_248' title='bbox 876 1856 955 1902; x_wconf 90' lang='lat' dir='ltr'><strong>est</strong></span> <span class='ocrx_word' id='word_1_249' title='bbox 985 1850 1070 1918; x_wconf 92' lang='lat' dir='ltr'><strong>qtti</strong></span> <span class='ocrx_word' id='word_1_250' title='bbox 1104 1850 1155 1903; x_wconf 91' lang='lat' dir='ltr'><strong>in</strong></span> <span class='ocrx_word' id='word_1_251' title='bbox 1204 1850 1307 1903; x_wconf 80' lang='lat' dir='ltr'><strong>ﬁtle</strong></span> <span class='ocrx_word' id='word_1_252' title='bbox 1335 1848 1547 1918; x_wconf 88' lang='lat' dir='ltr'><strong>quidem</strong></span> <span class='ocrx_word' id='word_1_253' title='bbox 1594 1864 1712 1902; x_wconf 89' lang='lat' dir='ltr'><strong>cum</strong></span> <span class='ocrx_word' id='word_1_254' title='bbox 1746 1848 1952 1902; x_wconf 64' lang='lat' dir='ltr'><strong>caeteris</strong></span> <span class='ocrx_word' id='word_1_255' title='bbox 1986 1862 2069 1901; x_wconf 89' lang='lat' dir='ltr'><strong>re-</strong></span> 
     </span>
    </p>
   </div>
   <div class='ocr_carea' id='block_1_35' title="bbox 484 1940 2066 2010">
    <p class='ocr_par' dir='ltr' id='par_1_35' title="bbox 484 1940 2066 2010">
     <span class='ocr_line' id='line_1_35' title="bbox 484 1940 2066 2010; baseline 0.001 -19"><span class='ocrx_word' id='word_1_256' title='bbox 484 1940 744 2007; x_wconf 84' lang='lat' dir='ltr'><strong>quiescit;</strong></span> <span class='ocrx_word' id='word_1_257' title='bbox 786 1940 878 1995; x_wconf 84' lang='lat' dir='ltr'><strong>sed</strong></span> <span class='ocrx_word' id='word_1_258' title='bbox 922 1942 968 1994; x_wconf 91' lang='lat' dir='ltr'><strong>si</strong></span> <span class='ocrx_word' id='word_1_259' title='bbox 1014 1945 1255 1996; x_wconf 89' lang='lat' dir='ltr'><strong>iuventus</strong></span> <span class='ocrx_word' id='word_1_260' title='bbox 1286 1942 1441 1995; x_wconf 79' lang='lat' dir='ltr'><strong>fuerit</strong></span> <span class='ocrx_word' id='word_1_261' title='bbox 1474 1943 1525 1996; x_wconf 89' lang='lat' dir='ltr'><strong>in</strong></span> <span class='ocrx_word' id='word_1_262' title='bbox 1553 1942 1637 1995; x_wconf 91' lang='lat' dir='ltr'><strong>die</strong></span> <span class='ocrx_word' id='word_1_263' title='bbox 1659 1941 1840 2010; x_wconf 88' lang='lat' dir='ltr'><strong>jttdicii</strong></span> <span class='ocrx_word' id='word_1_264' title='bbox 1865 1951 2066 1994; x_wconf 87' lang='lat' dir='ltr'><strong>vestem</strong></span> 
     </span>
    </p>
   </div>
   <div class='ocr_carea' id='block_1_36' title="bbox 488 2035 2066 2106">
    <p class='ocr_par' dir='ltr' id='par_1_36' title="bbox 488 2035 2066 2106">
     <span class='ocr_line' id='line_1_36' title="bbox 488 2035 2066 2106; baseline 0.001 -18"><span class='ocrx_word' id='word_1_265' title='bbox 488 2036 669 2088; x_wconf 88' lang='lat' dir='ltr'><strong>carnis</strong></span> <span class='ocrx_word' id='word_1_266' title='bbox 697 2035 892 2090; x_wconf 73' lang='lat' dir='ltr'><strong>habere</strong></span> <span class='ocrx_word' id='word_1_267' title='bbox 924 2037 1179 2105; x_wconf 89' lang='lat' dir='ltr'><strong>pollutam</strong></span> <span class='ocrx_word' id='word_1_268' title='bbox 1203 2078 1218 2101; x_wconf 92' lang='lat'><strong>,</strong></span> <span class='ocrx_word' id='word_1_269' title='bbox 1254 2037 1532 2092; x_wconf 79' lang='lat' dir='ltr'><strong>confestim</strong></span> <span class='ocrx_word' id='word_1_270' title='bbox 1561 2038 1777 2106; x_wconf 90' lang='lat' dir='ltr'><strong>jubetur</strong></span> <span class='ocrx_word' id='word_1_271' title='bbox 1807 2039 1873 2091; x_wconf 91' lang='lat' dir='ltr'><strong>ab</strong></span> <span class='ocrx_word' id='word_1_272' title='bbox 1900 2051 2066 2106; x_wconf 83' lang='lat' dir='ltr'><strong>ange—</strong></span> 
     </span>
    </p>
   </div>
   <div class='ocr_carea' id='block_1_37' title="bbox 488 2124 1787 2204">
    <p class='ocr_par' dir='ltr' id='par_1_37' title="bbox 488 2124 1787 2204">
     <span class='ocr_line' id='line_1_37' title="bbox 488 2124 1787 2204; baseline 0.004 -25"><span class='ocrx_word' id='word_1_273' title='bbox 488 2124 553 2179; x_wconf 83' lang='lat' dir='ltr'><strong>lis</strong></span> <span class='ocrx_word' id='word_1_274' title='bbox 580 2126 711 2185; x_wconf 88' lang='lat' dir='ltr'><strong>tolli.</strong></span> <span class='ocrx_word' id='word_1_275' title='bbox 741 2138 792 2181; x_wconf 93' lang='lat' dir='ltr'><strong>et</strong></span> <span class='ocrx_word' id='word_1_276' title='bbox 820 2130 983 2196; x_wconf 83' lang='lat' dir='ltr'><strong>mergi</strong></span> <span class='ocrx_word' id='word_1_277' title='bbox 1014 2130 1063 2182; x_wconf 93' lang='lat' dir='ltr'><strong>in</strong></span> <span class='ocrx_word' id='word_1_278' title='bbox 1097 2129 1393 2204; x_wconf 76' lang='lat' dir='ltr'><strong>gehennam</strong></span> <span class='ocrx_word' id='word_1_279' title='bbox 1422 2130 1554 2199; x_wconf 85' lang='lat' dir='ltr'><strong>ignis</strong></span> <span class='ocrx_word' id='word_1_280' title='bbox 1584 2129 1787 2184; x_wconf 79' lang='lat' dir='ltr'><strong>:eterni.</strong></span> 
     </span>
    </p>
   </div>
   <div class='ocr_carea' id='block_1_38' title="bbox 558 2212 2068 2287">
    <p class='ocr_par' dir='ltr' id='par_1_38' title="bbox 558 2212 2068 2287">
     <span class='ocr_line' id='line_1_38' title="bbox 558 2212 2068 2287; baseline 0.004 -22"><span class='ocrx_word' id='word_1_281' title='bbox 558 2212 681 2268; x_wconf 80' lang='grc'><strong>192.</strong></span> <span class='ocrx_word' id='word_1_282' title='bbox 718 2216 831 2268; x_wconf 89' lang='lat' dir='ltr'><strong>Duo</strong></span> <span class='ocrx_word' id='word_1_283' title='bbox 858 2216 1152 2282; x_wconf 83' lang='lat' dir='ltr'><strong>debitores,</strong></span> <span class='ocrx_word' id='word_1_284' title='bbox 1186 2234 1249 2271; x_wconf 80' lang='lat' dir='ltr'><strong>ex</strong></span> <span class='ocrx_word' id='word_1_285' title='bbox 1281 2218 1471 2287; x_wconf 87' lang='lat' dir='ltr'><strong>quibus</strong></span> <span class='ocrx_word' id='word_1_286' title='bbox 1503 2233 1638 2272; x_wconf 91' lang='lat' dir='ltr'><strong>unus</strong></span> <span class='ocrx_word' id='word_1_287' title='bbox 1666 2218 1895 2272; x_wconf 78' lang='lat' dir='ltr'><strong>debebat</strong></span> <span class='ocrx_word' id='word_1_288' title='bbox 1925 2219 2068 2272; x_wconf 80' lang='lat' dir='ltr'><strong>lene-</strong></span> 
     </span>
    </p>
   </div>
   <div class='ocr_carea' id='block_1_39' title="bbox 485 2306 2066 2377">
    <p class='ocr_par' dir='ltr' id='par_1_39' title="bbox 485 2306 2066 2377">
     <span class='ocr_line' id='line_1_39' title="bbox 485 2306 2066 2377; baseline 0.003 -20"><span class='ocrx_word' id='word_1_289' title='bbox 485 2306 656 2358; x_wconf 88' lang='lat' dir='ltr'><strong>ratori</strong></span> <span class='ocrx_word' id='word_1_290' title='bbox 702 2306 951 2360; x_wconf 89' lang='lat' dir='ltr'><strong>denarios</strong></span> <span class='ocrx_word' id='word_1_291' title='bbox 1002 2310 1356 2377; x_wconf 87' lang='lat' dir='ltr'><strong>quingentos,</strong></span> <span class='ocrx_word' id='word_1_292' title='bbox 1420 2318 1475 2362; x_wconf 89' lang='lat' dir='ltr'><strong>et</strong></span> <span class='ocrx_word' id='word_1_293' title='bbox 1520 2309 1653 2362; x_wconf 90' lang='lat' dir='ltr'><strong>alter</strong></span> <span class='ocrx_word' id='word_1_294' title='bbox 1690 2310 2066 2377; x_wconf 83' lang='lat' dir='ltr'><strong>quinquaginta</strong></span> 
     </span>
    </p>
   </div>
   <div class='ocr_carea' id='block_1_40' title="bbox 488 2395 2065 2468">
    <p class='ocr_par' dir='ltr' id='par_1_40' title="bbox 488 2395 2065 2468">
     <span class='ocr_line' id='line_1_40' title="bbox 488 2395 2065 2468; baseline 0.002 -19"><span class='ocrx_word' id='word_1_295' title='bbox 488 2395 640 2467; x_wconf 85' lang='lat' dir='ltr'><strong>(Luc.</strong></span> <span class='ocrx_word' id='word_1_296' title='bbox 678 2398 814 2465; x_wconf 89' lang='lat' dir='ltr'><strong>vn),</strong></span> <span class='ocrx_word' id='word_1_297' title='bbox 863 2398 1162 2466; x_wconf 82' lang='lat' dir='ltr'><strong>signiﬁcant</strong></span> <span class='ocrx_word' id='word_1_298' title='bbox 1208 2408 1489 2467; x_wconf 88' lang='lat' dir='ltr'><strong>utrumque</strong></span> <span class='ocrx_word' id='word_1_299' title='bbox 1539 2398 1813 2468; x_wconf 73' lang='lat' dir='ltr'><strong>potiultttn,</strong></span> <span class='ocrx_word' id='word_1_300' title='bbox 1856 2398 2065 2452; x_wconf 74' lang='lat' dir='ltr'><strong>Judaro-</strong></span> 
     </span>
    </p>
   </div>
   <div class='ocr_carea' id='block_1_41' title="bbox 490 2488 2067 2556">
    <p class='ocr_par' dir='ltr' id='par_1_41' title="bbox 490 2488 2067 2556">
     <span class='ocr_line' id='line_1_41' title="bbox 490 2488 2067 2556; baseline -0.002 -13"><span class='ocrx_word' id='word_1_301' title='bbox 490 2502 636 2552; x_wconf 74' lang='lat' dir='ltr'><strong>tum,</strong></span> <span class='ocrx_word' id='word_1_302' title='bbox 671 2488 913 2552; x_wconf 90' lang='lat' dir='ltr'><strong>scilicet,</strong></span> <span class='ocrx_word' id='word_1_303' title='bbox 967 2496 1020 2541; x_wconf 91' lang='lat' dir='ltr'><strong>et</strong></span> <span class='ocrx_word' id='word_1_304' title='bbox 1051 2489 1319 2556; x_wconf 78' lang='lat' dir='ltr'><strong>gentium,</strong></span> <span class='ocrx_word' id='word_1_305' title='bbox 1363 2504 1425 2540; x_wconf 80' lang='lat' dir='ltr'><strong>ex</strong></span> <span class='ocrx_word' id='word_1_306' title='bbox 1456 2488 1647 2556; x_wconf 90' lang='lat' dir='ltr'><strong>quibus</strong></span> <span class='ocrx_word' id='word_1_307' title='bbox 1677 2489 1764 2542; x_wconf 73' lang='lat' dir='ltr'><strong>ille</strong></span> <span class='ocrx_word' id='word_1_308' title='bbox 1794 2490 1882 2556; x_wconf 86' lang='lat' dir='ltr'><strong>qui</strong></span> <span class='ocrx_word' id='word_1_309' title='bbox 1914 2490 2067 2555; x_wconf 90' lang='lat' dir='ltr'><strong>quin-</strong></span> 
     </span>
    </p>
   </div>
   <div class='ocr_carea' id='block_1_42' title="bbox 487 2578 2063 2649">
    <p class='ocr_par' dir='ltr' id='par_1_42' title="bbox 487 2578 2063 2649">
     <span class='ocr_line' id='line_1_42' title="bbox 487 2578 2063 2649; baseline 0.001 -18"><span class='ocrx_word' id='word_1_310' title='bbox 487 2581 738 2649; x_wconf 85' lang='lat' dir='ltr'><strong>quaginta</strong></span> <span class='ocrx_word' id='word_1_311' title='bbox 770 2579 1019 2633; x_wconf 86' lang='lat' dir='ltr'><strong>denarios</strong></span> <span class='ocrx_word' id='word_1_312' title='bbox 1070 2579 1251 2634; x_wconf 89' lang='lat' dir='ltr'><strong>debuit</strong></span> <span class='ocrx_word' id='word_1_313' title='bbox 1281 2578 1585 2633; x_wconf 72' lang='lat' dir='ltr'><strong>.ludzeorum</strong></span> <span class='ocrx_word' id='word_1_314' title='bbox 1621 2589 1799 2649; x_wconf 85' lang='lat' dir='ltr'><strong>typum</strong></span> <span class='ocrx_word' id='word_1_315' title='bbox 1836 2580 2063 2645; x_wconf 89' lang='lat' dir='ltr'><strong>habuit;</strong></span> 
     </span>
    </p>
   </div>
   <div class='ocr_carea' id='block_1_43' title="bbox 488 2672 2064 2744">
    <p class='ocr_par' dir='ltr' id='par_1_43' title="bbox 488 2672 2064 2744">
     <span class='ocr_line' id='line_1_43' title="bbox 488 2672 2064 2744; baseline -0.001 -17"><span class='ocrx_word' id='word_1_316' title='bbox 488 2674 575 2727; x_wconf 89' lang='lat' dir='ltr'><strong>ille</strong></span> <span class='ocrx_word' id='word_1_317' title='bbox 601 2689 727 2727; x_wconf 90' lang='lat' dir='ltr'><strong>vero</strong></span> <span class='ocrx_word' id='word_1_318' title='bbox 750 2674 840 2743; x_wconf 92' lang='lat' dir='ltr'><strong>qui</strong></span> <span class='ocrx_word' id='word_1_319' title='bbox 874 2672 1029 2744; x_wconf 61' lang='grc'><strong>144,</strong></span> <span class='ocrx_word' id='word_1_320' title='bbox 1056 2674 1376 2742; x_wconf 90' lang='lat' dir='ltr'><strong>quingentos</strong></span> <span class='ocrx_word' id='word_1_321' title='bbox 1404 2714 1419 2735; x_wconf 93' lang='lat'><strong>,</strong></span> <span class='ocrx_word' id='word_1_322' title='bbox 1452 2673 1688 2740; x_wconf 76' lang='lat' dir='ltr'><strong>gentium</strong></span> <span class='ocrx_word' id='word_1_323' title='bbox 1721 2672 1938 2739; x_wconf 85' lang='lat' dir='ltr'><strong>ﬁguram</strong></span> <span class='ocrx_word' id='word_1_324' title='bbox 1966 2686 2064 2725; x_wconf 82' lang='lat' dir='ltr'><strong>ex-</strong></span> 
     </span>
    </p>
   </div>
   <div class='ocr_carea' id='block_1_44' title="bbox 488 2762 2063 2832">
    <p class='ocr_par' dir='ltr' id='par_1_44' title="bbox 488 2762 2063 2832">
     <span class='ocr_line' id='line_1_44' title="bbox 488 2762 2063 2832; baseline -0.003 -17"><span class='ocrx_word' id='word_1_325' title='bbox 488 2762 700 2831; x_wconf 72' lang='lat' dir='ltr'><strong>pressit,</strong></span> <span class='ocrx_word' id='word_1_326' title='bbox 735 2764 821 2832; x_wconf 88' lang='lat' dir='ltr'><strong>qui</strong></span> <span class='ocrx_word' id='word_1_327' title='bbox 855 2765 922 2815; x_wconf 90' lang='lat' dir='ltr'><strong>ab</strong></span> <span class='ocrx_word' id='word_1_328' title='bbox 948 2764 1097 2817; x_wconf 86' lang='lat' dir='ltr'><strong>initio</strong></span> <span class='ocrx_word' id='word_1_329' title='bbox 1126 2764 1305 2816; x_wconf 90' lang='lat' dir='ltr'><strong>mundi</strong></span> <span class='ocrx_word' id='word_1_330' title='bbox 1329 2762 1538 2818; x_wconf 90' lang='lat' dir='ltr'><strong>debitor</strong></span> <span class='ocrx_word' id='word_1_331' title='bbox 1567 2778 1779 2832; x_wconf 83' lang='lat' dir='ltr'><strong>semper</strong></span> <span class='ocrx_word' id='word_1_332' title='bbox 1808 2763 2063 2830; x_wconf 75' lang='lat' dir='ltr'><strong>existens,</strong></span> 
     </span>
    </p>
   </div>
   <div class='ocr_carea' id='block_1_45' title="bbox 485 2853 2057 2924">
    <p class='ocr_par' dir='ltr' id='par_1_45' title="bbox 485 2853 2057 2924">
     <span class='ocr_line' id='line_1_45' title="bbox 485 2853 2057 2924; baseline -0.001 -16"><span class='ocrx_word' id='word_1_333' title='bbox 485 2854 894 2922; x_wconf 85' lang='lat' dir='ltr'><strong>chirographum</strong></span> <span class='ocrx_word' id='word_1_334' title='bbox 946 2855 1147 2922; x_wconf 88' lang='lat' dir='ltr'><strong>peccati</strong></span> <span class='ocrx_word' id='word_1_335' title='bbox 1197 2870 1289 2921; x_wconf 89' lang='lat' dir='ltr'><strong>per</strong></span> <span class='ocrx_word' id='word_1_336' title='bbox 1336 2853 1701 2924; x_wconf 66' lang='lat' dir='ltr'><strong>paenitentiam</strong></span> <span class='ocrx_word' id='word_1_337' title='bbox 1735 2868 1837 2907; x_wconf 90' lang='lat' dir='ltr'><strong>non</strong></span> <span class='ocrx_word' id='word_1_338' title='bbox 1876 2854 2057 2906; x_wconf 84' lang='lat' dir='ltr'><strong>solvit.</strong></span> 
     </span>
    </p>
   </div>
   <div class='ocr_carea' id='block_1_46' title="bbox 484 2944 2064 3014">
    <p class='ocr_par' dir='ltr' id='par_1_46' title="bbox 484 2944 2064 3014">
     <span class='ocr_line' id='line_1_46' title="bbox 484 2944 2064 3014; baseline -0.001 -15"><span class='ocrx_word' id='word_1_339' title='bbox 484 2944 824 2999; x_wconf 87' lang='lat' dir='ltr'><strong>Advenieute</strong></span> <span class='ocrx_word' id='word_1_340' title='bbox 860 2944 1038 3014; x_wconf 86' lang='lat' dir='ltr'><strong>itaque</strong></span> <span class='ocrx_word' id='word_1_341' title='bbox 1088 2946 1326 3012; x_wconf 82' lang='lat' dir='ltr'><strong>Christo,</strong></span> <span class='ocrx_word' id='word_1_342' title='bbox 1363 2945 1577 2997; x_wconf 80' lang='lat' dir='ltr'><strong>tandem</strong></span> <span class='ocrx_word' id='word_1_343' title='bbox 1611 2944 1870 3010; x_wconf 84' lang='lat' dir='ltr'><strong>eteuidit,</strong></span> <span class='ocrx_word' id='word_1_344' title='bbox 1905 2953 2064 3012; x_wconf 91' lang='lat' dir='ltr'><strong>atque</strong></span> 
     </span>
    </p>
   </div>
   <div class='ocr_carea' id='block_1_47' title="bbox 484 3037 2059 3106">
    <p class='ocr_par' dir='ltr' id='par_1_47' title="bbox 484 3037 2059 3106">
     <span class='ocr_line' id='line_1_47' title="bbox 484 3037 2059 3106; baseline -0.002 -14"><span class='ocrx_word' id='word_1_345' title='bbox 484 3039 790 3093; x_wconf 82' lang='lat' dir='ltr'><strong>uberiorem</strong></span> <span class='ocrx_word' id='word_1_346' title='bbox 821 3039 1207 3093; x_wconf 68' lang='lat' dir='ltr'><strong>misericordiae</strong></span> <span class='ocrx_word' id='word_1_347' title='bbox 1241 3038 1467 3093; x_wconf 80' lang='lat' dir='ltr'><strong>fructum</strong></span> <span class='ocrx_word' id='word_1_348' title='bbox 1498 3040 1738 3106; x_wconf 78' lang='lat' dir='ltr'><strong>accepit;</strong></span> <span class='ocrx_word' id='word_1_349' title='bbox 1769 3038 1908 3091; x_wconf 89' lang='lat' dir='ltr'><strong>unde</strong></span> <span class='ocrx_word' id='word_1_350' title='bbox 1939 3037 2059 3105; x_wconf 87' lang='lat' dir='ltr'><strong>quia</strong></span> 
     </span>
    </p>
   </div>
   <div class='ocr_carea' id='block_1_48' title="bbox 482 3111 2138 3199">
    <p class='ocr_par' dir='ltr' id='par_1_48' title="bbox 482 3111 2138 3199">
     <span class='ocr_line' id='line_1_48' title="bbox 482 3111 2138 3199; baseline 0 -18"><span class='ocrx_word' id='word_1_351' title='bbox 482 3127 602 3199; x_wconf 87' lang='lat' dir='ltr'><strong>plus</strong></span> <span class='ocrx_word' id='word_1_352' title='bbox 645 3127 717 3183; x_wconf 83' lang='lat' dir='ltr'><strong>ilii</strong></span> <span class='ocrx_word' id='word_1_353' title='bbox 762 3144 1078 3184; x_wconf 79' lang='lat' dir='ltr'><strong>concessum</strong></span> <span class='ocrx_word' id='word_1_354' title='bbox 1110 3138 1192 3183; x_wconf 89' lang='lat' dir='ltr'><strong>est</strong></span> <span class='ocrx_word' id='word_1_355' title='bbox 1241 3145 1269 3182; x_wconf 92' lang='lat' dir='ltr'><strong>a</strong></span> <span class='ocrx_word' id='word_1_356' title='bbox 1315 3128 1569 3193; x_wconf 89' lang='lat' dir='ltr'><strong>Christo,</strong></span> <span class='ocrx_word' id='word_1_357' title='bbox 1617 3128 1844 3194; x_wconf 79' lang='lat' dir='ltr'><strong>amplius</strong></span> <span class='ocrx_word' id='word_1_358' title='bbox 1888 3127 2063 3198; x_wconf 86' lang='lat' dir='ltr'><strong>diligit</strong></span> <span class='ocrx_word' id='word_1_359' title='bbox 2094 3111 2138 3173; x_wconf 84' lang='lat' dir='ltr'><strong>C</strong></span> 
     </span>
    </p>
   </div>
   <div class='ocr_carea' id='block_1_49' title="bbox 483 3219 2058 3292">
    <p class='ocr_par' dir='ltr' id='par_1_49' title="bbox 483 3219 2058 3292">
     <span class='ocr_line' id='line_1_49' title="bbox 483 3219 2058 3292; baseline -0.003 -17"><span class='ocrx_word' id='word_1_360' title='bbox 483 3220 787 3285; x_wconf 88' lang='lat' dir='ltr'><strong>Christum,</strong></span> <span class='ocrx_word' id='word_1_361' title='bbox 832 3223 973 3276; x_wconf 89' lang='lat' dir='ltr'><strong>sicut</strong></span> <span class='ocrx_word' id='word_1_362' title='bbox 1027 3222 1283 3291; x_wconf 89' lang='lat' dir='ltr'><strong>scriptum</strong></span> <span class='ocrx_word' id='word_1_363' title='bbox 1336 3230 1449 3276; x_wconf 83' lang='lat' dir='ltr'><strong>est:</strong></span> <span class='ocrx_word' id='word_1_364' title='bbox 1497 3219 1593 3275; x_wconf 83' lang='lat' dir='ltr'><strong>Cui</strong></span> <span class='ocrx_word' id='word_1_365' title='bbox 1621 3220 1737 3292; x_wconf 84' lang='lat' dir='ltr'><strong>plus</strong></span> <span class='ocrx_word' id='word_1_366' title='bbox 1764 3221 2058 3287; x_wconf 82' lang='lat' dir='ltr'><strong>dimittitur,</strong></span> 
     </span>
    </p>
   </div>
   <div class='ocr_carea' id='block_1_50' title="bbox 483 3314 821 3386">
    <p class='ocr_par' dir='ltr' id='par_1_50' title="bbox 483 3314 821 3386">
     <span class='ocr_line' id='line_1_50' title="bbox 483 3314 821 3386; baseline 0.003 -18"><span class='ocrx_word' id='word_1_367' title='bbox 483 3315 598 3385; x_wconf 80' lang='lat' dir='ltr'><strong>plus</strong></span> <span class='ocrx_word' id='word_1_368' title='bbox 628 3314 821 3386; x_wconf 82' lang='lat' dir='ltr'><strong>diligit.</strong></span> 
     </span>
    </p>
   </div>
   <div class='ocr_carea' id='block_1_51' title="bbox 557 3405 2065 3475">
    <p class='ocr_par' dir='ltr' id='par_1_51' title="bbox 557 3405 2065 3475">
     <span class='ocr_line' id='line_1_51' title="bbox 557 3405 2065 3475; baseline -0.001 -16"><span class='ocrx_word' id='word_1_369' title='bbox 557 3406 679 3462; x_wconf 78' lang='grc'><strong>195.</strong></span> <span class='ocrx_word' id='word_1_370' title='bbox 724 3408 938 3475; x_wconf 83' lang='lat' dir='ltr'><strong>Septem</strong></span> <span class='ocrx_word' id='word_1_371' title='bbox 982 3422 1109 3462; x_wconf 88' lang='lat' dir='ltr'><strong>vero</strong></span> <span class='ocrx_word' id='word_1_372' title='bbox 1156 3408 1347 3461; x_wconf 86' lang='lat' dir='ltr'><strong>lratrcs</strong></span> <span class='ocrx_word' id='word_1_373' title='bbox 1375 3408 1464 3475; x_wconf 91' lang='lat' dir='ltr'><strong>qui</strong></span> <span class='ocrx_word' id='word_1_374' title='bbox 1501 3408 1591 3460; x_wconf 88' lang='lat' dir='ltr'><strong>utti</strong></span> <span class='ocrx_word' id='word_1_375' title='bbox 1633 3405 1845 3460; x_wconf 76' lang='lat' dir='ltr'><strong>mulieri</strong></span> <span class='ocrx_word' id='word_1_376' title='bbox 1873 3419 2065 3473; x_wconf 85' lang='lat' dir='ltr'><strong>nupse-</strong></span> 
     </span>
    </p>
   </div>
   <div class='ocr_carea' id='block_1_52' title="bbox 485 3498 2064 3566">
    <p class='ocr_par' dir='ltr' id='par_1_52' title="bbox 485 3498 2064 3566">
     <span class='ocr_line' id='line_1_52' title="bbox 485 3498 2064 3566; baseline 0.001 -14"><span class='ocrx_word' id='word_1_377' title='bbox 485 3508 628 3561; x_wconf 91' lang='lat' dir='ltr'><strong>runt,</strong></span> <span class='ocrx_word' id='word_1_378' title='bbox 655 3509 706 3553; x_wconf 90' lang='lat' dir='ltr'><strong>et</strong></span> <span class='ocrx_word' id='word_1_379' title='bbox 733 3500 850 3554; x_wconf 91' lang='lat' dir='ltr'><strong>sine</strong></span> <span class='ocrx_word' id='word_1_380' title='bbox 893 3499 1014 3554; x_wconf 90' lang='lat' dir='ltr'><strong>liliis</strong></span> <span class='ocrx_word' id='word_1_381' title='bbox 1061 3501 1254 3553; x_wconf 90' lang='lat' dir='ltr'><strong>mortui</strong></span> <span class='ocrx_word' id='word_1_382' title='bbox 1288 3508 1412 3553; x_wconf 89' lang='lat' dir='ltr'><strong>sunt</strong></span> <span class='ocrx_word' id='word_1_383' title='bbox 1441 3498 1638 3566; x_wconf 74' lang='lat' dir='ltr'><strong>(Marc.</strong></span> <span class='ocrx_word' id='word_1_384' title='bbox 1668 3499 1790 3566; x_wconf 76' lang='lat' dir='ltr'><strong>xit),</strong></span> <span class='ocrx_word' id='word_1_385' title='bbox 1821 3498 2064 3553; x_wconf 85' lang='lat' dir='ltr'><strong>homines</strong></span> 
     </span>
    </p>
   </div>
   <div class='ocr_carea' id='block_1_53' title="bbox 489 3587 2061 3658">
    <p class='ocr_par' dir='ltr' id='par_1_53' title="bbox 489 3587 2061 3658">
     <span class='ocr_line' id='line_1_53' title="bbox 489 3587 2061 3658; baseline -0.001 -17"><span class='ocrx_word' id='word_1_386' title='bbox 489 3588 735 3643; x_wconf 87' lang='lat' dir='ltr'><strong>inﬁdeles</strong></span> <span class='ocrx_word' id='word_1_387' title='bbox 763 3589 1152 3658; x_wconf 87' lang='lat' dir='ltr'><strong>intelliguntur,</strong></span> <span class='ocrx_word' id='word_1_388' title='bbox 1178 3589 1264 3656; x_wconf 90' lang='lat' dir='ltr'><strong>qui</strong></span> <span class='ocrx_word' id='word_1_389' title='bbox 1292 3604 1384 3657; x_wconf 82' lang='lat' dir='ltr'><strong>per</strong></span> <span class='ocrx_word' id='word_1_390' title='bbox 1414 3596 1619 3657; x_wconf 89' lang='lat' dir='ltr'><strong>septem</strong></span> <span class='ocrx_word' id='word_1_391' title='bbox 1648 3587 1829 3641; x_wconf 88' lang='lat' dir='ltr'><strong>mundi</strong></span> <span class='ocrx_word' id='word_1_392' title='bbox 1856 3595 2061 3655; x_wconf 71' lang='lat' dir='ltr'><strong>aetates,</strong></span> 
     </span>
    </p>
   </div>
   <div class='ocr_carea' id='block_1_54' title="bbox 491 3678 2065 3748">
    <p class='ocr_par' dir='ltr' id='par_1_54' title="bbox 491 3678 2065 3748">
     <span class='ocr_line' id='line_1_54' title="bbox 491 3678 2065 3748; baseline -0.001 -13"><span class='ocrx_word' id='word_1_393' title='bbox 491 3683 546 3735; x_wconf 92' lang='lat' dir='ltr'><strong>in</strong></span> <span class='ocrx_word' id='word_1_394' title='bbox 572 3680 671 3735; x_wconf 89' lang='lat' dir='ltr'><strong>hac</strong></span> <span class='ocrx_word' id='word_1_395' title='bbox 718 3690 856 3735; x_wconf 90' lang='lat' dir='ltr'><strong>terra</strong></span> <span class='ocrx_word' id='word_1_396' title='bbox 907 3690 1069 3734; x_wconf 77' lang='lat' dir='ltr'><strong>totam</strong></span> <span class='ocrx_word' id='word_1_397' title='bbox 1118 3682 1277 3733; x_wconf 90' lang='lat' dir='ltr'><strong>vitam</strong></span> <span class='ocrx_word' id='word_1_398' title='bbox 1321 3695 1470 3734; x_wconf 90' lang='lat' dir='ltr'><strong>suam</strong></span> <span class='ocrx_word' id='word_1_399' title='bbox 1499 3683 1617 3735; x_wconf 86' lang='lat' dir='ltr'><strong>sine</strong></span> <span class='ocrx_word' id='word_1_400' title='bbox 1646 3680 1817 3733; x_wconf 78' lang='lat' dir='ltr'><strong>fructu</strong></span> <span class='ocrx_word' id='word_1_401' title='bbox 1844 3678 2065 3748; x_wconf 72' lang='lat' dir='ltr'><strong>iustitiae</strong></span> 
     </span>
    </p>
   </div>
   <div class='ocr_carea' id='block_1_55' title="bbox 489 3780 958 3840">
    <p class='ocr_par' dir='ltr' id='par_1_55' title="bbox 489 3780 958 3840">
     <span class='ocr_line' id='line_1_55' title="bbox 489 3780 958 3840; baseline -0.006 -12"><span class='ocrx_word' id='word_1_402' title='bbox 489 3780 958 3840; x_wconf 82' lang='lat' dir='ltr'><strong>consumpserunt.</strong></span> 
     </span>
    </p>
   </div>
   <div class='ocr_carea' id='block_1_56' title="bbox 561 3861 2066 3932">
    <p class='ocr_par' dir='ltr' id='par_1_56' title="bbox 561 3861 2066 3932">
     <span class='ocr_line' id='line_1_56' title="bbox 561 3861 2066 3932; baseline -0.002 -14"><span class='ocrx_word' id='word_1_403' title='bbox 561 3861 685 3918; x_wconf 73' lang='grc'><strong>194.</strong></span> <span class='ocrx_word' id='word_1_404' title='bbox 732 3865 843 3917; x_wconf 85' lang='lat' dir='ltr'><strong>Duo</strong></span> <span class='ocrx_word' id='word_1_405' title='bbox 872 3863 923 3917; x_wconf 93' lang='lat' dir='ltr'><strong>in</strong></span> <span class='ocrx_word' id='word_1_406' title='bbox 957 3862 1096 3918; x_wconf 87' lang='lat' dir='ltr'><strong>lecto</strong></span> <span class='ocrx_word' id='word_1_407' title='bbox 1142 3861 1351 3931; x_wconf 76' lang='lat' dir='ltr'><strong>(Matth.</strong></span> <span class='ocrx_word' id='word_1_408' title='bbox 1384 3863 1532 3932; x_wconf 78' lang='lat' dir='ltr'><strong>ntv)</strong></span> <span class='ocrx_word' id='word_1_409' title='bbox 1573 3861 1694 3916; x_wconf 86' lang='lat' dir='ltr'><strong>illos</strong></span> <span class='ocrx_word' id='word_1_410' title='bbox 1724 3862 1951 3931; x_wconf 88' lang='lat' dir='ltr'><strong>ﬁgurant</strong></span> <span class='ocrx_word' id='word_1_411' title='bbox 1975 3861 2066 3931; x_wconf 91' lang='lat' dir='ltr'><strong>qui</strong></span> 
     </span>
    </p>
   </div>
   <div class='ocr_carea' id='block_1_57' title="bbox 486 3953 2067 4024">
    <p class='ocr_par' dir='ltr' id='par_1_57' title="bbox 486 3953 2067 4024">
     <span class='ocr_line' id='line_1_57' title="bbox 486 3953 2067 4024; baseline -0.001 -16"><span class='ocrx_word' id='word_1_412' title='bbox 486 3954 677 4010; x_wconf 87' lang='lat' dir='ltr'><strong>remoti</strong></span> <span class='ocrx_word' id='word_1_413' title='bbox 703 3969 731 4008; x_wconf 92' lang='lat' dir='ltr'><strong>a</strong></span> <span class='ocrx_word' id='word_1_414' title='bbox 759 3955 929 4009; x_wconf 86' lang='lat' dir='ltr'><strong>turbis</strong></span> <span class='ocrx_word' id='word_1_415' title='bbox 960 3955 1012 4008; x_wconf 91' lang='lat' dir='ltr'><strong>in</strong></span> <span class='ocrx_word' id='word_1_416' title='bbox 1042 3954 1150 4010; x_wconf 91' lang='lat' dir='ltr'><strong>otio</strong></span> <span class='ocrx_word' id='word_1_417' title='bbox 1179 3953 1573 4024; x_wconf 91' lang='lat' dir='ltr'><strong>quodammodo</strong></span> <span class='ocrx_word' id='word_1_418' title='bbox 1603 3954 1725 4007; x_wconf 67' lang='lat' dir='ltr'><strong>vita!</strong></span> <span class='ocrx_word' id='word_1_419' title='bbox 1764 3968 1954 4009; x_wconf 90' lang='lat' dir='ltr'><strong>vacare</strong></span> <span class='ocrx_word' id='word_1_420' title='bbox 1986 3954 2067 4007; x_wconf 87' lang='lat' dir='ltr'><strong>vi-</strong></span> 
     </span>
    </p>
   </div>
   <div class='ocr_carea' id='block_1_58' title="bbox 483 4047 696 4101">
    <p class='ocr_par' dir='ltr' id='par_1_58' title="bbox 483 4047 696 4101">
     <span class='ocr_line' id='line_1_58' title="bbox 483 4047 696 4101; baseline -0.009 -1"><span class='ocrx_word' id='word_1_421' title='bbox 483 4047 696 4101; x_wconf 91' lang='lat' dir='ltr'><strong>dentur.</strong></span> 
     </span>
    </p>
   </div>
   <div class='ocr_carea' id='block_1_59' title="bbox 555 4134 2065 4207">
    <p class='ocr_par' dir='ltr' id='par_1_59' title="bbox 555 4134 2065 4207">
     <span class='ocr_line' id='line_1_59' title="bbox 555 4134 2065 4207; baseline 0.003 -21"><span class='ocrx_word' id='word_1_422' title='bbox 555 4135 679 4189; x_wconf 80' lang='grc'><strong>195.</strong></span> <span class='ocrx_word' id='word_1_423' title='bbox 721 4135 847 4188; x_wconf 67' lang='lat' dir='ltr'><strong>Dure</strong></span> <span class='ocrx_word' id='word_1_424' title='bbox 896 4136 1155 4190; x_wconf 90' lang='lat' dir='ltr'><strong>molentes</strong></span> <span class='ocrx_word' id='word_1_425' title='bbox 1202 4134 1389 4204; x_wconf 84' lang='lat' dir='ltr'><strong>(lbid.)</strong></span> <span class='ocrx_word' id='word_1_426' title='bbox 1440 4135 1512 4188; x_wconf 93' lang='lat' dir='ltr'><strong>illi</strong></span> <span class='ocrx_word' id='word_1_427' title='bbox 1566 4135 1936 4203; x_wconf 86' lang='lat' dir='ltr'><strong>intelliguntur</strong></span> <span class='ocrx_word' id='word_1_428' title='bbox 1977 4136 2065 4207; x_wconf 89' lang='lat' dir='ltr'><strong>qui</strong></span> 
     </span>
    </p>
   </div>
   <div class='ocr_carea' id='block_1_60' title="bbox 490 4225 1825 4295">
    <p class='ocr_par' dir='ltr' id='par_1_60' title="bbox 490 4225 1825 4295">
     <span class='ocr_line' id='line_1_60' title="bbox 490 4225 1825 4295; baseline 0 -14"><span class='ocrx_word' id='word_1_429' title='bbox 490 4226 716 4295; x_wconf 85' lang='lat' dir='ltr'><strong>negotiis</strong></span> <span class='ocrx_word' id='word_1_430' title='bbox 749 4227 1121 4294; x_wconf 89' lang='lat' dir='ltr'><strong>temporalium</strong></span> <span class='ocrx_word' id='word_1_431' title='bbox 1147 4242 1323 4279; x_wconf 91' lang='lat' dir='ltr'><strong>rerum</strong></span> <span class='ocrx_word' id='word_1_432' title='bbox 1355 4225 1825 4282; x_wconf 82' lang='lat' dir='ltr'><strong>circumferuntur.</strong></span> 
     </span>
    </p>
   </div>
   <div class='ocr_carea' id='block_1_61' title="bbox 556 4316 2067 4388">
    <p class='ocr_par' dir='ltr' id='par_1_61' title="bbox 556 4316 2067 4388">
     <span class='ocr_line' id='line_1_61' title="bbox 556 4316 2067 4388; baseline 0.004 -17"><span class='ocrx_word' id='word_1_433' title='bbox 556 4316 681 4371; x_wconf 87' lang='grc'><strong>196.</strong></span> <span class='ocrx_word' id='word_1_434' title='bbox 724 4317 838 4373; x_wconf 91' lang='lat' dir='ltr'><strong>Duo</strong></span> <span class='ocrx_word' id='word_1_435' title='bbox 864 4318 913 4372; x_wconf 92' lang='lat' dir='ltr'><strong>in</strong></span> <span class='ocrx_word' id='word_1_436' title='bbox 944 4332 1070 4388; x_wconf 89' lang='lat' dir='ltr'><strong>agro</strong></span> <span class='ocrx_word' id='word_1_437' title='bbox 1103 4317 1328 4387; x_wconf 83' lang='lat' dir='ltr'><strong>(Ibid.),</strong></span> <span class='ocrx_word' id='word_1_438' title='bbox 1357 4317 1431 4372; x_wconf 91' lang='lat' dir='ltr'><strong>illi</strong></span> <span class='ocrx_word' id='word_1_439' title='bbox 1462 4327 1588 4372; x_wconf 89' lang='lat' dir='ltr'><strong>sunt</strong></span> <span class='ocrx_word' id='word_1_440' title='bbox 1616 4320 1704 4388; x_wconf 91' lang='lat' dir='ltr'><strong>qui</strong></span> <span class='ocrx_word' id='word_1_441' title='bbox 1740 4321 1791 4372; x_wconf 92' lang='lat' dir='ltr'><strong>in</strong></span> <span class='ocrx_word' id='word_1_442' title='bbox 1819 4321 2067 4377; x_wconf 89' lang='lat' dir='ltr'><strong>ministe-</strong></span> 
     </span>
    </p>
   </div>
   <div class='ocr_carea' id='block_1_62' title="bbox 486 4392 2064 4481">
    <p class='ocr_par' dir='ltr' id='par_1_62' title="bbox 486 4392 2064 4481">
     <span class='ocr_line' id='line_1_62' title="bbox 486 4392 2064 4481; baseline 0.003 -21"><span class='ocrx_word' id='word_1_443' title='bbox 486 4408 568 4461; x_wconf 93' lang='lat' dir='ltr'><strong>rio</strong></span> <span class='ocrx_word' id='word_1_444' title='bbox 596 4405 870 4473; x_wconf 70' lang='lat' dir='ltr'><strong>Ecclesize,</strong></span> <span class='ocrx_word' id='word_1_445' title='bbox 899 4417 1152 4477; x_wconf 89' lang='lat' dir='ltr'><strong>tanquam</strong></span> <span class='ocrx_word' id='word_1_446' title='bbox 1184 4410 1235 4463; x_wconf 92' lang='lat' dir='ltr'><strong>in</strong></span> <span class='ocrx_word' id='word_1_447' title='bbox 1281 4392 1410 4477; x_wconf 84' lang='lat' dir='ltr'><strong>agro</strong></span> <span class='ocrx_word' id='word_1_448' title='bbox 1432 4409 1720 4477; x_wconf 90' lang='lat' dir='ltr'><strong>dominico,</strong></span> <span class='ocrx_word' id='word_1_449' title='bbox 1754 4422 2064 4481; x_wconf 88' lang='lat' dir='ltr'><strong>operantur,</strong></span> 
     </span>
    </p>
   </div>
   <div class='ocr_carea' id='block_1_63' title="bbox 2174 1845 3369 1919">
    <p class='ocr_par' dir='ltr' id='par_1_63' title="bbox 2174 1845 3369 1919">
     <span class='ocr_line' id='line_1_63' title="bbox 2174 1845 3369 1919; baseline -0.002 -17"><span class='ocrx_word' id='word_1_450' title='bbox 2174 1865 2337 1919; x_wconf 86' lang='lat' dir='ltr'><strong>opere</strong></span> <span class='ocrx_word' id='word_1_451' title='bbox 2365 1850 2550 1904; x_wconf 80' lang='lat' dir='ltr'><strong>decem</strong></span> <span class='ocrx_word' id='word_1_452' title='bbox 2586 1857 2970 1917; x_wconf 67' lang='lat' dir='ltr'><strong>prmceptorutn</strong></span> <span class='ocrx_word' id='word_1_453' title='bbox 3012 1845 3369 1916; x_wconf 87' lang='lat' dir='ltr'><strong>ampliﬁcavit.</strong></span> 
     </span>
    </p>
   </div>
   <div class='ocr_carea' id='block_1_64' title="bbox 2246 1937 3747 2007">
    <p class='ocr_par' dir='ltr' id='par_1_64' title="bbox 2246 1937 3747 2007">
     <span class='ocr_line' id='line_1_64' title="bbox 2246 1937 3747 2007; baseline -0.002 -12"><span class='ocrx_word' id='word_1_454' title='bbox 2246 1942 2370 1995; x_wconf 88' lang='grc'><strong>200.</strong></span> <span class='ocrx_word' id='word_1_455' title='bbox 2416 1940 2566 1993; x_wconf 87' lang='lat' dir='ltr'><strong>Alius</strong></span> <span class='ocrx_word' id='word_1_456' title='bbox 2616 1938 2823 1994; x_wconf 86' lang='lat' dir='ltr'><strong>duobus</strong></span> <span class='ocrx_word' id='word_1_457' title='bbox 2877 1938 3087 1992; x_wconf 83' lang='lat' dir='ltr'><strong>talentis</strong></span> <span class='ocrx_word' id='word_1_458' title='bbox 3132 1937 3237 1991; x_wconf 92' lang='lat' dir='ltr'><strong>duo</strong></span> <span class='ocrx_word' id='word_1_459' title='bbox 3265 1937 3605 1993; x_wconf 80' lang='lat' dir='ltr'><strong>Testamenta</strong></span> <span class='ocrx_word' id='word_1_460' title='bbox 3634 1956 3747 2007; x_wconf 87' lang='lat' dir='ltr'><strong>pro-</strong></span> 
     </span>
    </p>
   </div>
   <div class='ocr_carea' id='block_1_65' title="bbox 2172 2028 3744 2102">
    <p class='ocr_par' dir='ltr' id='par_1_65' title="bbox 2172 2028 3744 2102">
     <span class='ocr_line' id='line_1_65' title="bbox 2172 2028 3744 2102; baseline -0.003 -12"><span class='ocrx_word' id='word_1_461' title='bbox 2172 2034 2387 2099; x_wconf 86' lang='lat' dir='ltr'><strong>meruit,</strong></span> <span class='ocrx_word' id='word_1_462' title='bbox 2430 2046 2598 2102; x_wconf 88' lang='lat' dir='ltr'><strong>eaqtte</strong></span> <span class='ocrx_word' id='word_1_463' title='bbox 2652 2028 2805 2100; x_wconf 57' lang='lat'><strong>1&amp;5</strong></span> <span class='ocrx_word' id='word_1_464' title='bbox 2853 2029 3041 2083; x_wconf 89' lang='lat' dir='ltr'><strong>morali</strong></span> <span class='ocrx_word' id='word_1_465' title='bbox 3090 2042 3153 2081; x_wconf 89' lang='lat' dir='ltr'><strong>ac</strong></span> <span class='ocrx_word' id='word_1_466' title='bbox 3194 2030 3419 2099; x_wconf 69' lang='lat' dir='ltr'><strong>mystico</strong></span> <span class='ocrx_word' id='word_1_467' title='bbox 3468 2045 3626 2085; x_wconf 82' lang='lat' dir='ltr'><strong>sensu</strong></span> <span class='ocrx_word' id='word_1_468' title='bbox 3661 2034 3744 2101; x_wconf 89' lang='lat' dir='ltr'><strong>pie</strong></span> 
     </span>
    </p>
   </div>
   <div class='ocr_carea' id='block_1_66' title="bbox 2170 2121 2872 2195">
    <p class='ocr_par' dir='ltr' id='par_1_66' title="bbox 2170 2121 2872 2195">
     <span class='ocr_line' id='line_1_66' title="bbox 2170 2121 2872 2195; baseline -0.009 -16"><span class='ocrx_word' id='word_1_469' title='bbox 2170 2125 2533 2195; x_wconf 83' lang='lat' dir='ltr'><strong>dispensanda</strong></span> <span class='ocrx_word' id='word_1_470' title='bbox 2563 2121 2872 2193; x_wconf 75' lang='lat' dir='ltr'><strong>duplicavit.</strong></span> 
     </span>
    </p>
   </div>
   <div class='ocr_carea' id='block_1_67' title="bbox 2242 2215 3746 2284">
    <p class='ocr_par' dir='ltr' id='par_1_67' title="bbox 2242 2215 3746 2284">
     <span class='ocr_line' id='line_1_67' title="bbox 2242 2215 3746 2284; baseline -0.001 -12"><span class='ocrx_word' id='word_1_471' title='bbox 2242 2219 2371 2273; x_wconf 85' lang='grc'><strong>201.</strong></span> <span class='ocrx_word' id='word_1_472' title='bbox 2414 2218 2653 2282; x_wconf 88' lang='lat' dir='ltr'><strong>Tertius,</strong></span> <span class='ocrx_word' id='word_1_473' title='bbox 2680 2216 2780 2270; x_wconf 86' lang='lat' dir='ltr'><strong>sub</strong></span> <span class='ocrx_word' id='word_1_474' title='bbox 2812 2216 2976 2284; x_wconf 87' lang='lat' dir='ltr'><strong>ﬁgura</strong></span> <span class='ocrx_word' id='word_1_475' title='bbox 3021 2215 3175 2269; x_wconf 89' lang='lat' dir='ltr'><strong>unius</strong></span> <span class='ocrx_word' id='word_1_476' title='bbox 3205 2215 3411 2281; x_wconf 88' lang='lat' dir='ltr'><strong>talenti,</strong></span> <span class='ocrx_word' id='word_1_477' title='bbox 3440 2216 3621 2284; x_wconf 66' lang='lat' dir='ltr'><strong>gratiae</strong></span> <span class='ocrx_word' id='word_1_478' title='bbox 3650 2216 3746 2271; x_wconf 88' lang='lat' dir='ltr'><strong>do-</strong></span> 
     </span>
    </p>
   </div>
   <div class='ocr_carea' id='block_1_68' title="bbox 2174 2307 3741 2379">
    <p class='ocr_par' dir='ltr' id='par_1_68' title="bbox 2174 2307 3741 2379">
     <span class='ocr_line' id='line_1_68' title="bbox 2174 2307 3741 2379; baseline 0 -15"><span class='ocrx_word' id='word_1_479' title='bbox 2174 2328 2296 2365; x_wconf 91' lang='lat' dir='ltr'><strong>num</strong></span> <span class='ocrx_word' id='word_1_480' title='bbox 2328 2322 2606 2379; x_wconf 87' lang='lat' dir='ltr'><strong>acceptum</strong></span> <span class='ocrx_word' id='word_1_481' title='bbox 2656 2310 2708 2361; x_wconf 93' lang='lat' dir='ltr'><strong>in</strong></span> <span class='ocrx_word' id='word_1_482' title='bbox 2754 2307 2980 2361; x_wconf 89' lang='lat' dir='ltr'><strong>terrenis</strong></span> <span class='ocrx_word' id='word_1_483' title='bbox 3026 2307 3386 2375; x_wconf 90' lang='lat' dir='ltr'><strong>voluptatibus</strong></span> <span class='ocrx_word' id='word_1_484' title='bbox 3417 2309 3741 2376; x_wconf 78' lang='lat' dir='ltr'><strong>obscuravit,</strong></span> 
     </span>
    </p>
   </div>
   <div class='ocr_carea' id='block_1_69' title="bbox 2171 2397 3743 2468">
    <p class='ocr_par' dir='ltr' id='par_1_69' title="bbox 2171 2397 3743 2468">
     <span class='ocr_line' id='line_1_69' title="bbox 2171 2397 3743 2468; baseline 0 -13"><span class='ocrx_word' id='word_1_485' title='bbox 2171 2401 2399 2467; x_wconf 83' lang='lat' dir='ltr'><strong>ideoque</strong></span> <span class='ocrx_word' id='word_1_486' title='bbox 2429 2401 2694 2468; x_wconf 76' lang='lat' dir='ltr'><strong>projectus</strong></span> <span class='ocrx_word' id='word_1_487' title='bbox 2718 2405 2800 2451; x_wconf 89' lang='lat' dir='ltr'><strong>est</strong></span> <span class='ocrx_word' id='word_1_488' title='bbox 2836 2397 2887 2450; x_wconf 92' lang='lat' dir='ltr'><strong>in</strong></span> <span class='ocrx_word' id='word_1_489' title='bbox 2921 2397 3209 2459; x_wconf 79' lang='lat' dir='ltr'><strong>infernum,</strong></span> <span class='ocrx_word' id='word_1_490' title='bbox 3238 2397 3358 2466; x_wconf 90' lang='lat' dir='ltr'><strong>quia</strong></span> <span class='ocrx_word' id='word_1_491' title='bbox 3391 2399 3592 2453; x_wconf 88' lang='lat' dir='ltr'><strong>nullutn</strong></span> <span class='ocrx_word' id='word_1_492' title='bbox 3622 2401 3743 2456; x_wconf 87' lang='lat' dir='ltr'><strong>inde</strong></span> 
     </span>
    </p>
   </div>
   <div class='ocr_carea' id='block_1_70' title="bbox 2169 2490 2801 2560">
    <p class='ocr_par' dir='ltr' id='par_1_70' title="bbox 2169 2490 2801 2560">
     <span class='ocr_line' id='line_1_70' title="bbox 2169 2490 2801 2560; baseline -0.005 -16"><span class='ocrx_word' id='word_1_493' title='bbox 2169 2500 2418 2560; x_wconf 86' lang='lat' dir='ltr'><strong>operatus</strong></span> <span class='ocrx_word' id='word_1_494' title='bbox 2447 2498 2527 2544; x_wconf 90' lang='lat' dir='ltr'><strong>est</strong></span> <span class='ocrx_word' id='word_1_495' title='bbox 2559 2490 2801 2542; x_wconf 81' lang='lat' dir='ltr'><strong>fructum.</strong></span> 
     </span>
    </p>
   </div>
   <div class='ocr_carea' id='block_1_71' title="bbox 2238 2579 3745 2649">
    <p class='ocr_par' dir='ltr' id='par_1_71' title="bbox 2238 2579 3745 2649">
     <span class='ocr_line' id='line_1_71' title="bbox 2238 2579 3745 2649; baseline 0.002 -17"><span class='ocrx_word' id='word_1_496' title='bbox 2238 2580 2364 2635; x_wconf 74' lang='grc'><strong>202.</strong></span> <span class='ocrx_word' id='word_1_497' title='bbox 2408 2580 2507 2633; x_wconf 90' lang='lat' dir='ltr'><strong>Alii</strong></span> <span class='ocrx_word' id='word_1_498' title='bbox 2547 2579 2595 2631; x_wconf 91' lang='lat' dir='ltr'><strong>in</strong></span> <span class='ocrx_word' id='word_1_499' title='bbox 2632 2579 2803 2645; x_wconf 89' lang='lat' dir='ltr'><strong>pritno</strong></span> <span class='ocrx_word' id='word_1_500' title='bbox 2823 2591 2977 2631; x_wconf 82' lang='lat' dir='ltr'><strong>servo</strong></span> <span class='ocrx_word' id='word_1_501' title='bbox 2999 2593 3183 2631; x_wconf 85' lang='lat' dir='ltr'><strong>sensus</strong></span> <span class='ocrx_word' id='word_1_502' title='bbox 3214 2579 3389 2633; x_wconf 89' lang='lat' dir='ltr'><strong>cordis</strong></span> <span class='ocrx_word' id='word_1_503' title='bbox 3422 2589 3476 2635; x_wconf 90' lang='lat' dir='ltr'><strong>et</strong></span> <span class='ocrx_word' id='word_1_504' title='bbox 3503 2581 3745 2649; x_wconf 83' lang='lat' dir='ltr'><strong>corporis</strong></span> 
     </span>
    </p>
   </div>
   <div class='ocr_carea' id='block_1_72' title="bbox 2171 2669 3745 2741">
    <p class='ocr_par' dir='ltr' id='par_1_72' title="bbox 2171 2669 3745 2741">
     <span class='ocr_line' id='line_1_72' title="bbox 2171 2669 3745 2741; baseline 0.001 -15"><span class='ocrx_word' id='word_1_505' title='bbox 2171 2682 2444 2741; x_wconf 85' lang='lat' dir='ltr'><strong>acceptos,</strong></span> <span class='ocrx_word' id='word_1_506' title='bbox 2473 2671 2524 2723; x_wconf 91' lang='lat' dir='ltr'><strong>in</strong></span> <span class='ocrx_word' id='word_1_507' title='bbox 2552 2670 2787 2723; x_wconf 83' lang='lat' dir='ltr'><strong>secundo</strong></span> <span class='ocrx_word' id='word_1_508' title='bbox 2821 2669 3218 2739; x_wconf 88' lang='lat' dir='ltr'><strong>intelligentiam</strong></span> <span class='ocrx_word' id='word_1_509' title='bbox 3246 2678 3301 2725; x_wconf 92' lang='lat' dir='ltr'><strong>et</strong></span> <span class='ocrx_word' id='word_1_510' title='bbox 3322 2686 3476 2740; x_wconf 87' lang='lat' dir='ltr'><strong>opus,</strong></span> <span class='ocrx_word' id='word_1_511' title='bbox 3506 2671 3557 2726; x_wconf 89' lang='lat' dir='ltr'><strong>itt</strong></span> <span class='ocrx_word' id='word_1_512' title='bbox 3591 2674 3745 2728; x_wconf 89' lang='lat' dir='ltr'><strong>tertio</strong></span> 
     </span>
    </p>
   </div>
   <div class='ocr_carea' id='block_1_73' title="bbox 2169 2767 2866 2826">
    <p class='ocr_par' dir='ltr' id='par_1_73' title="bbox 2169 2767 2866 2826">
     <span class='ocr_line' id='line_1_73' title="bbox 2169 2767 2866 2826; baseline -0.007 0"><span class='ocrx_word' id='word_1_513' title='bbox 2169 2772 2430 2826; x_wconf 81' lang='lat' dir='ltr'><strong>rationem</strong></span> <span class='ocrx_word' id='word_1_514' title='bbox 2465 2767 2866 2822; x_wconf 77' lang='lat' dir='ltr'><strong>intellexerunt.</strong></span> 
     </span>
    </p>
   </div>
   <div class='ocr_carea' id='block_1_74' title="bbox 2239 2859 3741 2929">
    <p class='ocr_par' dir='ltr' id='par_1_74' title="bbox 2239 2859 3741 2929">
     <span class='ocr_line' id='line_1_74' title="bbox 2239 2859 3741 2929; baseline 0.001 -15"><span class='ocrx_word' id='word_1_515' title='bbox 2239 2862 2364 2915; x_wconf 78' lang='grc'><strong>205.</strong></span> <span class='ocrx_word' id='word_1_516' title='bbox 2406 2861 2628 2916; x_wconf 85' lang='lat' dir='ltr'><strong>Juvenis</strong></span> <span class='ocrx_word' id='word_1_517' title='bbox 2660 2860 2795 2913; x_wconf 84' lang='lat' dir='ltr'><strong>ﬁlius</strong></span> <span class='ocrx_word' id='word_1_518' title='bbox 2821 2859 2991 2913; x_wconf 63' lang='lat' dir='ltr'><strong>viduas</strong></span> <span class='ocrx_word' id='word_1_519' title='bbox 3019 2875 3173 2929; x_wconf 91' lang='lat' dir='ltr'><strong>quem</strong></span> <span class='ocrx_word' id='word_1_520' title='bbox 3200 2860 3452 2914; x_wconf 89' lang='lat' dir='ltr'><strong>Dominus</strong></span> <span class='ocrx_word' id='word_1_521' title='bbox 3478 2871 3741 2915; x_wconf 90' lang='lat' dir='ltr'><strong>mortuum</strong></span> 
     </span>
    </p>
   </div>
   <div class='ocr_carea' id='block_1_75' title="bbox 2167 2947 3747 3016">
    <p class='ocr_par' dir='ltr' id='par_1_75' title="bbox 2167 2947 3747 3016">
     <span class='ocr_line' id='line_1_75' title="bbox 2167 2947 3747 3016; baseline -0.001 -11"><span class='ocrx_word' id='word_1_522' title='bbox 2167 2963 2314 3005; x_wconf 77' lang='lat' dir='ltr'><strong>extra</strong></span> <span class='ocrx_word' id='word_1_523' title='bbox 2364 2959 2543 3016; x_wconf 91' lang='lat' dir='ltr'><strong>portas</strong></span> <span class='ocrx_word' id='word_1_524' title='bbox 2599 2947 2743 3001; x_wconf 85' lang='lat' dir='ltr'><strong>urbis</strong></span> <span class='ocrx_word' id='word_1_525' title='bbox 2790 2949 3069 3002; x_wconf 89' lang='lat' dir='ltr'><strong>suscitavit</strong></span> <span class='ocrx_word' id='word_1_526' title='bbox 3116 2948 3270 3011; x_wconf 82' lang='lat' dir='ltr'><strong>(Luc.</strong></span> <span class='ocrx_word' id='word_1_527' title='bbox 3324 2950 3445 3016; x_wconf 79' lang='lat' dir='ltr'><strong>vn),</strong></span> <span class='ocrx_word' id='word_1_528' title='bbox 3486 2949 3747 3016; x_wconf 84' lang='lat' dir='ltr'><strong>signiﬁcat</strong></span> 
     </span>
    </p>
   </div>
   <div class='ocr_carea' id='block_1_76' title="bbox 2168 3037 3742 3109">
    <p class='ocr_par' dir='ltr' id='par_1_76' title="bbox 2168 3037 3742 3109">
     <span class='ocr_line' id='line_1_76' title="bbox 2168 3037 3742 3109; baseline -0.003 -14"><span class='ocrx_word' id='word_1_529' title='bbox 2168 3041 2403 3109; x_wconf 90' lang='lat' dir='ltr'><strong>eumqui</strong></span> <span class='ocrx_word' id='word_1_530' title='bbox 2438 3041 2610 3109; x_wconf 90' lang='lat' dir='ltr'><strong>palam</strong></span> <span class='ocrx_word' id='word_1_531' title='bbox 2650 3038 2924 3107; x_wconf 84' lang='lat' dir='ltr'><strong>quodlibet</strong></span> <span class='ocrx_word' id='word_1_532' title='bbox 2955 3038 3286 3093; x_wconf 82' lang='lat' dir='ltr'><strong>mortiferum</strong></span> <span class='ocrx_word' id='word_1_533' title='bbox 3316 3039 3517 3093; x_wconf 78' lang='lat' dir='ltr'><strong>crimen</strong></span> <span class='ocrx_word' id='word_1_534' title='bbox 3546 3037 3742 3091; x_wconf 86' lang='lat' dir='ltr'><strong>admit-</strong></span> 
     </span>
    </p>
   </div>
   <div class='ocr_carea' id='block_1_77' title="bbox 2172 3130 3742 3201">
    <p class='ocr_par' dir='ltr' id='par_1_77' title="bbox 2172 3130 3742 3201">
     <span class='ocr_line' id='line_1_77' title="bbox 2172 3130 3742 3201; baseline -0.001 -16"><span class='ocrx_word' id='word_1_535' title='bbox 2172 3134 2262 3198; x_wconf 90' lang='lat' dir='ltr'><strong>tit;</strong></span> <span class='ocrx_word' id='word_1_536' title='bbox 2292 3132 2487 3201; x_wconf 88' lang='lat' dir='ltr'><strong>quique</strong></span> <span class='ocrx_word' id='word_1_537' title='bbox 2538 3146 2913 3199; x_wconf 88' lang='lat' dir='ltr'><strong>nunnuttquatn</strong></span> <span class='ocrx_word' id='word_1_538' title='bbox 2962 3130 3143 3184; x_wconf 87' lang='lat' dir='ltr'><strong>audtto</strong></span> <span class='ocrx_word' id='word_1_539' title='bbox 3190 3131 3351 3185; x_wconf 84' lang='lat' dir='ltr'><strong>verbo</strong></span> <span class='ocrx_word' id='word_1_540' title='bbox 3393 3130 3481 3183; x_wconf 89' lang='lat' dir='ltr'><strong>Dei</strong></span> <span class='ocrx_word' id='word_1_541' title='bbox 3510 3147 3536 3180; x_wconf 88' lang='lat' dir='ltr'><strong>a</strong></span> <span class='ocrx_word' id='word_1_542' title='bbox 3571 3140 3742 3184; x_wconf 85' lang='lat' dir='ltr'><strong>morte</strong></span> 
     </span>
    </p>
   </div>
   <div class='ocr_carea' id='block_1_78' title="bbox 2167 3219 3741 3294">
    <p class='ocr_par' dir='ltr' id='par_1_78' title="bbox 2167 3219 3741 3294">
     <span class='ocr_line' id='line_1_78' title="bbox 2167 3219 3741 3294; baseline -0.002 -18"><span class='ocrx_word' id='word_1_543' title='bbox 2167 3224 2369 3294; x_wconf 81' lang='lat' dir='ltr'><strong>peccati</strong></span> <span class='ocrx_word' id='word_1_544' title='bbox 2401 3224 2657 3291; x_wconf 90' lang='lat' dir='ltr'><strong>resmgit,</strong></span> <span class='ocrx_word' id='word_1_545' title='bbox 2711 3230 2765 3275; x_wconf 89' lang='lat' dir='ltr'><strong>et</strong></span> <span class='ocrx_word' id='word_1_546' title='bbox 2814 3236 2907 3289; x_wconf 89' lang='lat' dir='ltr'><strong>per</strong></span> <span class='ocrx_word' id='word_1_547' title='bbox 2944 3220 3307 3289; x_wconf 73' lang='lat' dir='ltr'><strong>pcenitentiam</strong></span> <span class='ocrx_word' id='word_1_548' title='bbox 3340 3219 3532 3274; x_wconf 90' lang='lat' dir='ltr'><strong>Christi</strong></span> <span class='ocrx_word' id='word_1_549' title='bbox 3563 3220 3741 3273; x_wconf 86' lang='lat' dir='ltr'><strong>vivere</strong></span> 
     </span>
    </p>
   </div>
   <div class='ocr_carea' id='block_1_79' title="bbox 2167 3308 3742 3382">
    <p class='ocr_par' dir='ltr' id='par_1_79' title="bbox 2167 3308 3742 3382">
     <span class='ocr_line' id='line_1_79' title="bbox 2167 3308 3742 3382; baseline -0.002 -15"><span class='ocrx_word' id='word_1_550' title='bbox 2167 3314 2385 3382; x_wconf 83' lang='lat' dir='ltr'><strong>incipit;</strong></span> <span class='ocrx_word' id='word_1_551' title='bbox 2439 3312 2785 3381; x_wconf 84' lang='lat' dir='ltr'><strong>redditurque</strong></span> <span class='ocrx_word' id='word_1_552' title='bbox 2828 3313 2997 3365; x_wconf 66' lang='lat' dir='ltr'><strong>vidua:</strong></span> <span class='ocrx_word' id='word_1_553' title='bbox 3042 3312 3197 3364; x_wconf 87' lang='lat' dir='ltr'><strong>matri</strong></span> <span class='ocrx_word' id='word_1_554' title='bbox 3249 3323 3356 3364; x_wconf 72' lang='lat' dir='ltr'><strong>sua:</strong></span> <span class='ocrx_word' id='word_1_555' title='bbox 3384 3350 3399 3375; x_wconf 92' lang='lat'><strong>,</strong></span> <span class='ocrx_word' id='word_1_556' title='bbox 3433 3308 3481 3363; x_wconf 90' lang='lat' dir='ltr'><strong>id</strong></span> <span class='ocrx_word' id='word_1_557' title='bbox 3512 3319 3612 3376; x_wconf 87' lang='lat' dir='ltr'><strong>est,</strong></span> <span class='ocrx_word' id='word_1_558' title='bbox 3644 3310 3742 3364; x_wconf 82' lang='lat' dir='ltr'><strong>Ec-</strong></span> 
     </span>
    </p>
   </div>
   <div class='ocr_carea' id='block_1_80' title="bbox 2165 3405 2363 3461">
    <p class='ocr_par' dir='ltr' id='par_1_80' title="bbox 2165 3405 2363 3461">
     <span class='ocr_line' id='line_1_80' title="bbox 2165 3405 2363 3461; baseline -0.015 -1"><span class='ocrx_word' id='word_1_559' title='bbox 2165 3405 2363 3461; x_wconf 73' lang='lat' dir='ltr'><strong>clesize.</strong></span> 
     </span>
    </p>
   </div>
   <div class='ocr_carea' id='block_1_81' title="bbox 2236 3490 3742 3565">
    <p class='ocr_par' dir='ltr' id='par_1_81' title="bbox 2236 3490 3742 3565">
     <span class='ocr_line' id='line_1_81' title="bbox 2236 3490 3742 3565; baseline -0.005 -15"><span class='ocrx_word' id='word_1_560' title='bbox 2236 3498 2361 3552; x_wconf 75' lang='grc'><strong>201.</strong></span> <span class='ocrx_word' id='word_1_561' title='bbox 2402 3497 2573 3552; x_wconf 81' lang='lat' dir='ltr'><strong>Homo</strong></span> <span class='ocrx_word' id='word_1_562' title='bbox 2620 3494 2708 3565; x_wconf 91' lang='lat' dir='ltr'><strong>qtti</strong></span> <span class='ocrx_word' id='word_1_563' title='bbox 2760 3493 3118 3549; x_wconf 89' lang='lat' dir='ltr'><strong>descendebat</strong></span> <span class='ocrx_word' id='word_1_564' title='bbox 3166 3508 3194 3546; x_wconf 90' lang='lat' dir='ltr'><strong>a</strong></span> <span class='ocrx_word' id='word_1_565' title='bbox 3241 3492 3533 3547; x_wconf 82' lang='lat' dir='ltr'><strong>Jerusa&#39;em</strong></span> <span class='ocrx_word' id='word_1_566' title='bbox 3574 3490 3626 3544; x_wconf 91' lang='lat' dir='ltr'><strong>in</strong></span> <span class='ocrx_word' id='word_1_567' title='bbox 3656 3490 3742 3544; x_wconf 83' lang='lat' dir='ltr'><strong>Je-</strong></span> 
     </span>
    </p>
   </div>
   <div class='ocr_carea' id='block_1_82' title="bbox 2167 3583 3741 3655">
    <p class='ocr_par' dir='ltr' id='par_1_82' title="bbox 2167 3583 3741 3655">
     <span class='ocr_line' id='line_1_82' title="bbox 2167 3583 3741 3655; baseline -0.007 -9"><span class='ocrx_word' id='word_1_568' title='bbox 2167 3590 2335 3655; x_wconf 87' lang='lat' dir='ltr'><strong>richo,</strong></span> <span class='ocrx_word' id='word_1_569' title='bbox 2372 3597 2426 3643; x_wconf 91' lang='lat' dir='ltr'><strong>et</strong></span> <span class='ocrx_word' id='word_1_570' title='bbox 2472 3587 2659 3641; x_wconf 92' lang='lat' dir='ltr'><strong>incidit</strong></span> <span class='ocrx_word' id='word_1_571' title='bbox 2707 3588 2759 3640; x_wconf 87' lang='lat' dir='ltr'><strong>iti</strong></span> <span class='ocrx_word' id='word_1_572' title='bbox 2796 3587 3029 3639; x_wconf 90' lang='lat' dir='ltr'><strong>latrones</strong></span> <span class='ocrx_word' id='word_1_573' title='bbox 3059 3583 3207 3651; x_wconf 83' lang='lat' dir='ltr'><strong>(Luc.</strong></span> <span class='ocrx_word' id='word_1_574' title='bbox 3243 3583 3317 3654; x_wconf 83' lang='lat' dir='ltr'><strong>x),</strong></span> <span class='ocrx_word' id='word_1_575' title='bbox 3342 3584 3453 3650; x_wconf 90' lang='lat' dir='ltr'><strong>ipse</strong></span> <span class='ocrx_word' id='word_1_576' title='bbox 3480 3584 3646 3637; x_wconf 82' lang='lat' dir='ltr'><strong>Adam</strong></span> <span class='ocrx_word' id='word_1_577' title='bbox 3678 3583 3741 3635; x_wconf 88' lang='lat' dir='ltr'><strong>ﬁ-</strong></span> 
     </span>
    </p>
   </div>
   <div class='ocr_carea' id='block_1_83' title="bbox 2168 3675 3743 3754">
    <p class='ocr_par' dir='ltr' id='par_1_83' title="bbox 2168 3675 3743 3754">
     <span class='ocr_line' id='line_1_83' title="bbox 2168 3675 3743 3754; baseline -0.006 -19"><span class='ocrx_word' id='word_1_578' title='bbox 2168 3691 2389 3754; x_wconf 86' lang='lat' dir='ltr'><strong>guratur</strong></span> <span class='ocrx_word' id='word_1_579' title='bbox 2429 3682 2481 3735; x_wconf 88' lang='lat' dir='ltr'><strong>itt</strong></span> <span class='ocrx_word' id='word_1_580' title='bbox 2526 3694 2723 3749; x_wconf 84' lang='lat' dir='ltr'><strong>genere</strong></span> <span class='ocrx_word' id='word_1_581' title='bbox 2763 3692 2895 3742; x_wconf 91' lang='lat' dir='ltr'><strong>suo,</strong></span> <span class='ocrx_word' id='word_1_582' title='bbox 2928 3678 3017 3746; x_wconf 88' lang='lat' dir='ltr'><strong>qui</strong></span> <span class='ocrx_word' id='word_1_583' title='bbox 3044 3677 3167 3730; x_wconf 88' lang='lat' dir='ltr'><strong>dum</strong></span> <span class='ocrx_word' id='word_1_584' title='bbox 3200 3675 3469 3731; x_wconf 86' lang='lat' dir='ltr'><strong>descendit</strong></span> <span class='ocrx_word' id='word_1_585' title='bbox 3499 3676 3566 3729; x_wconf 86' lang='lat' dir='ltr'><strong>de</strong></span> <span class='ocrx_word' id='word_1_586' title='bbox 3592 3690 3743 3742; x_wconf 87' lang='lat' dir='ltr'><strong>para-</strong></span> 
     </span>
    </p>
   </div>
   <div class='ocr_carea' id='block_1_84' title="bbox 2173 3766 3743 3838">
    <p class='ocr_par' dir='ltr' id='par_1_84' title="bbox 2173 3766 3743 3838">
     <span class='ocr_line' id='line_1_84' title="bbox 2173 3766 3743 3838; baseline -0.007 -9"><span class='ocrx_word' id='word_1_587' title='bbox 2173 3775 2293 3829; x_wconf 75' lang='lat' dir='ltr'><strong>diso</strong></span> <span class='ocrx_word' id='word_1_588' title='bbox 2333 3772 2538 3827; x_wconf 67' lang='lat' dir='ltr'><strong>ctelesri</strong></span> <span class='ocrx_word' id='word_1_589' title='bbox 2568 3772 2618 3825; x_wconf 93' lang='lat' dir='ltr'><strong>in</strong></span> <span class='ocrx_word' id='word_1_590' title='bbox 2646 3768 2933 3835; x_wconf 88' lang='lat' dir='ltr'><strong>mundum,</strong></span> <span class='ocrx_word' id='word_1_591' title='bbox 2970 3768 3154 3822; x_wconf 90' lang='lat' dir='ltr'><strong>incidit</strong></span> <span class='ocrx_word' id='word_1_592' title='bbox 3183 3767 3236 3822; x_wconf 89' lang='lat' dir='ltr'><strong>in</strong></span> <span class='ocrx_word' id='word_1_593' title='bbox 3257 3766 3472 3838; x_wconf 85' lang='lat' dir='ltr'><strong>angelos</strong></span> <span class='ocrx_word' id='word_1_594' title='bbox 3502 3766 3743 3822; x_wconf 86' lang='lat' dir='ltr'><strong>tenebra-</strong></span> 
     </span>
    </p>
   </div>
   <div class='ocr_carea' id='block_1_85' title="bbox 2169 3882 2306 3922">
    <p class='ocr_par' dir='ltr' id='par_1_85' title="bbox 2169 3882 2306 3922">
     <span class='ocr_line' id='line_1_85' title="bbox 2169 3882 2306 3922; baseline 0.007 -1"><span class='ocrx_word' id='word_1_595' title='bbox 2169 3882 2306 3922; x_wconf 89' lang='lat' dir='ltr'><strong>rum.</strong></span> 
     </span>
    </p>
   </div>
   <div class='ocr_carea' id='block_1_86' title="bbox 2238 3948 3743 4018">
    <p class='ocr_par' dir='ltr' id='par_1_86' title="bbox 2238 3948 3743 4018">
     <span class='ocr_line' id='line_1_86' title="bbox 2238 3948 3743 4018; baseline -0.007 -7"><span class='ocrx_word' id='word_1_596' title='bbox 2238 3956 2365 4011; x_wconf 81' lang='grc'><strong>205.</strong></span> <span class='ocrx_word' id='word_1_597' title='bbox 2407 3954 2779 4010; x_wconf 87' lang='lat' dir='ltr'><strong>Samaritanus</strong></span> <span class='ocrx_word' id='word_1_598' title='bbox 2826 3950 3195 4014; x_wconf 87' lang='lat' dir='ltr'><strong>descendens,</strong></span> <span class='ocrx_word' id='word_1_599' title='bbox 3246 3950 3336 4018; x_wconf 91' lang='lat' dir='ltr'><strong>qui</strong></span> <span class='ocrx_word' id='word_1_600' title='bbox 3383 3948 3601 4002; x_wconf 88' lang='lat' dir='ltr'><strong>vulnera</strong></span> <span class='ocrx_word' id='word_1_601' title='bbox 3629 3948 3743 4018; x_wconf 86' lang='lat' dir='ltr'><strong>ejus</strong></span> 
     </span>
    </p>
   </div>
   <div class='ocr_carea' id='block_1_87' title="bbox 2169 4040 3747 4118">
    <p class='ocr_par' dir='ltr' id='par_1_87' title="bbox 2169 4040 3747 4118">
     <span class='ocr_line' id='line_1_87' title="bbox 2169 4040 3747 4118; baseline -0.007 -14"><span class='ocrx_word' id='word_1_602' title='bbox 2169 4048 2375 4104; x_wconf 87' lang='lat' dir='ltr'><strong>curavit</strong></span> <span class='ocrx_word' id='word_1_603' title='bbox 2427 4044 2640 4118; x_wconf 86' lang='lat' dir='ltr'><strong>(Ibid.),</strong></span> <span class='ocrx_word' id='word_1_604' title='bbox 2691 4042 2931 4098; x_wconf 87' lang='lat' dir='ltr'><strong>Christus</strong></span> <span class='ocrx_word' id='word_1_605' title='bbox 2974 4049 3055 4096; x_wconf 87' lang='lat' dir='ltr'><strong>est</strong></span> <span class='ocrx_word' id='word_1_606' title='bbox 3102 4049 3287 4094; x_wconf 89' lang='lat' dir='ltr'><strong>custos</strong></span> <span class='ocrx_word' id='word_1_607' title='bbox 3337 4045 3540 4107; x_wconf 88' lang='lat' dir='ltr'><strong>noster,</strong></span> <span class='ocrx_word' id='word_1_608' title='bbox 3565 4040 3652 4108; x_wconf 89' lang='lat' dir='ltr'><strong>qui</strong></span> <span class='ocrx_word' id='word_1_609' title='bbox 3677 4040 3747 4093; x_wconf 88' lang='lat' dir='ltr'><strong>de</strong></span> 
     </span>
    </p>
   </div>
   <div class='ocr_carea' id='block_1_88' title="bbox 2170 4130 3745 4202">
    <p class='ocr_par' dir='ltr' id='par_1_88' title="bbox 2170 4130 3745 4202">
     <span class='ocr_line' id='line_1_88' title="bbox 2170 4130 3745 4202; baseline -0.006 -9"><span class='ocrx_word' id='word_1_610' title='bbox 2170 4138 2307 4193; x_wconf 67' lang='lat' dir='ltr'><strong>coelo</strong></span> <span class='ocrx_word' id='word_1_611' title='bbox 2356 4136 2676 4198; x_wconf 89' lang='lat' dir='ltr'><strong>descendtt,</strong></span> <span class='ocrx_word' id='word_1_612' title='bbox 2720 4144 2773 4189; x_wconf 92' lang='lat' dir='ltr'><strong>et</strong></span> <span class='ocrx_word' id='word_1_613' title='bbox 2818 4146 2985 4202; x_wconf 84' lang='lat' dir='ltr'><strong>genus</strong></span> <span class='ocrx_word' id='word_1_614' title='bbox 3031 4131 3319 4185; x_wconf 89' lang='lat' dir='ltr'><strong>humanum</strong></span> <span class='ocrx_word' id='word_1_615' title='bbox 3368 4145 3399 4184; x_wconf 89' lang='lat' dir='ltr'><strong>a</strong></span> <span class='ocrx_word' id='word_1_616' title='bbox 3435 4130 3745 4185; x_wconf 88' lang='lat' dir='ltr'><strong>vulneribus</strong></span> 
     </span>
    </p>
   </div>
   <div class='ocr_carea' id='block_1_89' title="bbox 2174 4226 2763 4301">
    <p class='ocr_par' dir='ltr' id='par_1_89' title="bbox 2174 4226 2763 4301">
     <span class='ocr_line' id='line_1_89' title="bbox 2174 4226 2763 4301; baseline -0.005 -19"><span class='ocrx_word' id='word_1_617' title='bbox 2174 4238 2511 4301; x_wconf 82' lang='lat' dir='ltr'><strong>p.-ccatorum</strong></span> <span class='ocrx_word' id='word_1_618' title='bbox 2538 4226 2763 4279; x_wconf 90' lang='lat' dir='ltr'><strong>curavit.</strong></span> 
     </span>
    </p>
   </div>
   <div class='ocr_carea' id='block_1_90' title="bbox 2242 4311 3734 4386">
    <p class='ocr_par' dir='ltr' id='par_1_90' title="bbox 2242 4311 3734 4386">
     <span class='ocr_line' id='line_1_90' title="bbox 2242 4311 3734 4386; baseline -0.007 -11"><span class='ocrx_word' id='word_1_619' title='bbox 2242 4320 2368 4375; x_wconf 81' lang='grc'><strong>206.</strong></span> <span class='ocrx_word' id='word_1_620' title='bbox 2410 4316 2742 4374; x_wconf 87' lang='lat' dir='ltr'><strong>Stabularius</strong></span> <span class='ocrx_word' id='word_1_621' title='bbox 2792 4313 2981 4386; x_wconf 77' lang='grc' dir='ltr'><strong>(ΙΙιὶά.)</strong></span> <span class='ocrx_word' id='word_1_622' title='bbox 3029 4312 3255 4382; x_wconf 89' lang='lat' dir='ltr'><strong>apostoli</strong></span> <span class='ocrx_word' id='word_1_623' title='bbox 3302 4320 3459 4377; x_wconf 88' lang='lat' dir='ltr'><strong>sunt,</strong></span> <span class='ocrx_word' id='word_1_624' title='bbox 3491 4311 3573 4365; x_wconf 90' lang='lat' dir='ltr'><strong>vel</strong></span> <span class='ocrx_word' id='word_1_625' title='bbox 3615 4326 3734 4366; x_wconf 84' lang='lat' dir='ltr'><strong>suc-</strong></span> 
     </span>
    </p>
   </div>
   <div class='ocr_carea' id='block_1_91' title="bbox 2174 4402 3750 4475">
    <p class='ocr_par' dir='ltr' id='par_1_91' title="bbox 2174 4402 3750 4475">
     <span class='ocr_line' id='line_1_91' title="bbox 2174 4402 3750 4475; baseline -0.009 -7"><span class='ocrx_word' id='word_1_626' title='bbox 2174 4425 2423 4468; x_wconf 88' lang='lat' dir='ltr'><strong>cessores</strong></span> <span class='ocrx_word' id='word_1_627' title='bbox 2472 4424 2654 4464; x_wconf 91' lang='lat' dir='ltr'><strong>eorum</strong></span> <span class='ocrx_word' id='word_1_628' title='bbox 2686 4406 2775 4475; x_wconf 93' lang='lat' dir='ltr'><strong>qui</strong></span> <span class='ocrx_word' id='word_1_629' title='bbox 2817 4406 3180 4460; x_wconf 89' lang='lat' dir='ltr'><strong>inﬁrmitatem</strong></span> <span class='ocrx_word' id='word_1_630' title='bbox 3231 4413 3465 4456; x_wconf 82' lang='lat' dir='ltr'><strong>nostram</strong></span> <span class='ocrx_word' id='word_1_631' title='bbox 3495 4402 3750 4471; x_wconf 79' lang='lat' dir='ltr'><strong>prtedica-</strong></span> 
     </span>
    </p>
   </div>
   <div class='ocr_carea' id='block_1_92' title="bbox 486 4491 2948 4570">
    <p class='ocr_par' dir='ltr' id='par_1_92' title="bbox 486 4491 2948 4570">
     <span class='ocr_line' id='line_1_92' title="bbox 486 4491 2948 4570; baseline -0.002 -19"><span class='ocrx_word' id='word_1_632' title='bbox 486 4513 556 4552; x_wconf 79' lang='lat' dir='ltr'><strong>ex</strong></span> <span class='ocrx_word' id='word_1_633' title='bbox 576 4497 799 4567; x_wconf 88' lang='lat' dir='ltr'><strong>quibus,</strong></span> <span class='ocrx_word' id='word_1_634' title='bbox 832 4497 1151 4553; x_wconf 90' lang='lat' dir='ltr'><strong>adveniente</strong></span> <span class='ocrx_word' id='word_1_635' title='bbox 1180 4510 1368 4563; x_wconf 90' lang='lat' dir='ltr'><strong>nocte,</strong></span> <span class='ocrx_word' id='word_1_636' title='bbox 1404 4499 1454 4551; x_wconf 92' lang='lat' dir='ltr'><strong>id</strong></span> <span class='ocrx_word' id='word_1_637' title='bbox 1482 4509 1585 4565; x_wconf 91' lang='lat' dir='ltr'><strong>est,</strong></span> <span class='ocrx_word' id='word_1_638' title='bbox 1620 4503 1799 4554; x_wconf 58' lang='lat' dir='ltr'><strong>saeculi</strong></span> <span class='ocrx_word' id='word_1_639' title='bbox 1830 4501 2065 4557; x_wconf 88' lang='lat' dir='ltr'><strong>adversi-</strong></span> <span class='ocrx_word' id='word_1_640' title='bbox 2096 4491 2146 4551; x_wconf 84' lang='grc' dir='ltr'><strong>ῐ)</strong></span> <span class='ocrx_word' id='word_1_641' title='bbox 2179 4506 2324 4559; x_wconf 80' lang='lat' dir='ltr'><strong>tione</strong></span> <span class='ocrx_word' id='word_1_642' title='bbox 2350 4500 2655 4570; x_wconf 84' lang='lat' dir='ltr'><strong>evangelica</strong></span> <span class='ocrx_word' id='word_1_643' title='bbox 2686 4504 2948 4551; x_wconf 83' lang='lat' dir='ltr'><strong>recreant.</strong></span> 
     </span>
    </p>
   </div>
   <div class='ocr_carea' id='block_1_93' title="bbox 490 4588 2067 4657">
    <p class='ocr_par' dir='ltr' id='par_1_93' title="bbox 490 4588 2067 4657">
     <span class='ocr_line' id='line_1_93' title="bbox 490 4588 2067 4657; baseline 0.004 -16"><span class='ocrx_word' id='word_1_644' title='bbox 490 4598 617 4653; x_wconf 89' lang='lat' dir='ltr'><strong>tate,</strong></span> <span class='ocrx_word' id='word_1_645' title='bbox 646 4588 860 4657; x_wconf 91' lang='lat' dir='ltr'><strong>quidam</strong></span> <span class='ocrx_word' id='word_1_646' title='bbox 913 4599 1227 4656; x_wconf 85' lang='lat' dir='ltr'><strong>permanent</strong></span> <span class='ocrx_word' id='word_1_647' title='bbox 1268 4590 1320 4643; x_wconf 91' lang='lat' dir='ltr'><strong>in</strong></span> <span class='ocrx_word' id='word_1_648' title='bbox 1371 4590 1474 4643; x_wconf 89' lang='lat' dir='ltr'><strong>ﬁde</strong></span> <span class='ocrx_word' id='word_1_649' title='bbox 1498 4631 1514 4656; x_wconf 88' lang='lat'><strong>,</strong></span> <span class='ocrx_word' id='word_1_650' title='bbox 1546 4600 1601 4644; x_wconf 89' lang='lat' dir='ltr'><strong>et</strong></span> <span class='ocrx_word' id='word_1_651' title='bbox 1637 4604 1979 4646; x_wconf 89' lang='lat' dir='ltr'><strong>assumuntur</strong></span> <span class='ocrx_word' id='word_1_652' title='bbox 2001 4594 2067 4647; x_wconf 90' lang='lat' dir='ltr'><strong>ad</strong></span> 
     </span>
    </p>
   </div>
   <div class='ocr_carea' id='block_1_94' title="bbox 490 4679 2064 4750">
    <p class='ocr_par' dir='ltr' id='par_1_94' title="bbox 490 4679 2064 4750">
     <span class='ocr_line' id='line_1_94' title="bbox 490 4679 2064 4750; baseline 0.003 -20"><span class='ocrx_word' id='word_1_653' title='bbox 490 4682 671 4742; x_wconf 84' lang='lat' dir='ltr'><strong>vitam,</strong></span> <span class='ocrx_word' id='word_1_654' title='bbox 698 4679 912 4749; x_wconf 88' lang='lat' dir='ltr'><strong>quidam</strong></span> <span class='ocrx_word' id='word_1_655' title='bbox 934 4680 1235 4746; x_wconf 89' lang='lat' dir='ltr'><strong>discedunt,</strong></span> <span class='ocrx_word' id='word_1_656' title='bbox 1262 4689 1315 4733; x_wconf 88' lang='lat' dir='ltr'><strong>et</strong></span> <span class='ocrx_word' id='word_1_657' title='bbox 1337 4682 1709 4750; x_wconf 91' lang='lat' dir='ltr'><strong>relinquuntur</strong></span> <span class='ocrx_word' id='word_1_658' title='bbox 1741 4684 1804 4736; x_wconf 87' lang='lat' dir='ltr'><strong>ad</strong></span> <span class='ocrx_word' id='word_1_659' title='bbox 1832 4699 2064 4749; x_wconf 70' lang='lat' dir='ltr'><strong>poenam.</strong></span> 
     </span>
    </p>
   </div>
   <div class='ocr_carea' id='block_1_95' title="bbox 564 4770 2070 4845">
    <p class='ocr_par' dir='ltr' id='par_1_95' title="bbox 564 4770 2070 4845">
     <span class='ocr_line' id='line_1_95' title="bbox 564 4770 2070 4845; baseline 0.004 -23"><span class='ocrx_word' id='word_1_660' title='bbox 564 4770 687 4823; x_wconf 84' lang='grc'><strong>197.</strong></span> <span class='ocrx_word' id='word_1_661' title='bbox 729 4770 975 4841; x_wconf 84' lang='lat' dir='ltr'><strong>Quinque</strong></span> <span class='ocrx_word' id='word_1_662' title='bbox 1003 4774 1234 4841; x_wconf 85' lang='lat' dir='ltr'><strong>virgines</strong></span> <span class='ocrx_word' id='word_1_663' title='bbox 1258 4776 1526 4842; x_wconf 86' lang='lat' dir='ltr'><strong>sapientes</strong></span> <span class='ocrx_word' id='word_1_664' title='bbox 1549 4773 1764 4842; x_wconf 82' lang='lat' dir='ltr'><strong>(Matth.</strong></span> <span class='ocrx_word' id='word_1_665' title='bbox 1795 4776 1920 4845; x_wconf 76' lang='lat' dir='ltr'><strong>xxv)</strong></span> <span class='ocrx_word' id='word_1_666' title='bbox 1953 4790 2070 4828; x_wconf 91' lang='lat' dir='ltr'><strong>otn-</strong></span> 
     </span>
    </p>
   </div>
   <div class='ocr_carea' id='block_1_96' title="bbox 492 4865 2071 4937">
    <p class='ocr_par' dir='ltr' id='par_1_96' title="bbox 492 4865 2071 4937">
     <span class='ocr_line' id='line_1_96' title="bbox 492 4865 2071 4937; baseline 0.002 -19"><span class='ocrx_word' id='word_1_667' title='bbox 492 4880 587 4918; x_wconf 85' lang='lat' dir='ltr'><strong>nes</strong></span> <span class='ocrx_word' id='word_1_668' title='bbox 615 4865 807 4919; x_wconf 72' lang='lat' dir='ltr'><strong>anima:</strong></span> <span class='ocrx_word' id='word_1_669' title='bbox 856 4876 1055 4919; x_wconf 69' lang='lat' dir='ltr'><strong>sanctae</strong></span> <span class='ocrx_word' id='word_1_670' title='bbox 1099 4866 1486 4937; x_wconf 88' lang='lat' dir='ltr'><strong>intelliguntur,</strong></span> <span class='ocrx_word' id='word_1_671' title='bbox 1533 4882 1651 4935; x_wconf 74' lang='lat' dir='ltr'><strong>qnte</strong></span> <span class='ocrx_word' id='word_1_672' title='bbox 1696 4868 1943 4936; x_wconf 89' lang='lat' dir='ltr'><strong>quoniam</strong></span> <span class='ocrx_word' id='word_1_673' title='bbox 1978 4885 2071 4936; x_wconf 89' lang='lat' dir='ltr'><strong>per</strong></span> 
     </span>
    </p>
   </div>
   <div class='ocr_carea' id='block_1_97' title="bbox 491 4957 2069 5027">
    <p class='ocr_par' dir='ltr' id='par_1_97' title="bbox 491 4957 2069 5027">
     <span class='ocr_line' id='line_1_97' title="bbox 491 4957 2069 5027; baseline 0.001 -16"><span class='ocrx_word' id='word_1_674' title='bbox 491 4957 723 5025; x_wconf 70' lang='lat' dir='ltr'><strong>quinque</strong></span> <span class='ocrx_word' id='word_1_675' title='bbox 768 4970 956 5011; x_wconf 86' lang='lat' dir='ltr'><strong>sensus</strong></span> <span class='ocrx_word' id='word_1_676' title='bbox 1001 4960 1245 5027; x_wconf 89' lang='lat' dir='ltr'><strong>corporis</strong></span> <span class='ocrx_word' id='word_1_677' title='bbox 1304 4958 1499 5011; x_wconf 88' lang='lat' dir='ltr'><strong>nullam</strong></span> <span class='ocrx_word' id='word_1_678' title='bbox 1551 4958 1837 5012; x_wconf 90' lang='lat' dir='ltr'><strong>admittunt</strong></span> <span class='ocrx_word' id='word_1_679' title='bbox 1891 4960 2069 5013; x_wconf 89' lang='lat' dir='ltr'><strong>cordis</strong></span> 
     </span>
    </p>
   </div>
   <div class='ocr_carea' id='block_1_98' title="bbox 560 5114 2066 5185">
    <p class='ocr_par' dir='ltr' id='par_1_98' title="bbox 560 5114 2066 5185">
     <span class='ocr_line' id='line_1_98' title="bbox 560 5114 2066 5185; baseline 0.001 -13"><span class='ocrx_word' id='word_1_680' title='bbox 560 5117 688 5171; x_wconf 77' lang='grc'><strong>200.</strong></span> <span class='ocrx_word' id='word_1_681' title='bbox 730 5116 784 5169; x_wconf 91' lang='lat' dir='ltr'><strong>In</strong></span> <span class='ocrx_word' id='word_1_682' title='bbox 818 5124 962 5169; x_wconf 83' lang='lat' dir='ltr'><strong>textu</strong></span> <span class='ocrx_word' id='word_1_683' title='bbox 1007 5114 1189 5170; x_wconf 85' lang='lat' dir='ltr'><strong>Grialii</strong></span> <span class='ocrx_word' id='word_1_684' title='bbox 1221 5125 1336 5170; x_wconf 88' lang='lat' dir='ltr'><strong>erat</strong></span> <span class='ocrx_word' id='word_1_685' title='bbox 1365 5134 1422 5170; x_wconf 88' lang='lat' dir='ltr'><strong>ea</strong></span> <span class='ocrx_word' id='word_1_686' title='bbox 1446 5132 1559 5185; x_wconf 75' lang='lat' dir='ltr'><strong>qua:</strong></span> <span class='ocrx_word' id='word_1_687' title='bbox 1580 5132 1673 5183; x_wconf 88' lang='lat' dir='ltr'><strong>pro</strong></span> <span class='ocrx_word' id='word_1_688' title='bbox 1700 5134 1854 5184; x_wconf 84' lang='lat' dir='ltr'><strong>eaque</strong></span> <span class='ocrx_word' id='word_1_689' title='bbox 1881 5162 1895 5184; x_wconf 89' lang='lat'><strong>,</strong></span> <span class='ocrx_word' id='word_1_690' title='bbox 1926 5129 1983 5173; x_wconf 92' lang='lat' dir='ltr'><strong>ut</strong></span> <span class='ocrx_word' id='word_1_691' title='bbox 2014 5121 2066 5173; x_wconf 87' lang='lat' dir='ltr'><strong>in</strong></span> 
     </span>
    </p>
   </div>
   <div class='ocr_carea' id='block_1_99' title="bbox 493 5187 2068 5257">
    <p class='ocr_par' dir='ltr' id='par_1_99' title="bbox 493 5187 2068 5257">
     <span class='ocr_line' id='line_1_99' title="bbox 493 5187 2068 5257; baseline 0.003 -17"><span class='ocrx_word' id='word_1_692' title='bbox 493 5188 613 5240; x_wconf 81' lang='lat' dir='ltr'><strong>aliis</strong></span> <span class='ocrx_word' id='word_1_693' title='bbox 643 5200 853 5253; x_wconf 83' lang='lat' dir='ltr'><strong>qunque</strong></span> <span class='ocrx_word' id='word_1_694' title='bbox 879 5187 1046 5238; x_wconf 81' lang='lat' dir='ltr'><strong>Editis</strong></span> <span class='ocrx_word' id='word_1_695' title='bbox 1074 5199 1219 5241; x_wconf 87' lang='lat' dir='ltr'><strong>recte</strong></span> <span class='ocrx_word' id='word_1_696' title='bbox 1249 5198 1468 5254; x_wconf 82' lang='lat' dir='ltr'><strong>apparet</strong></span> <span class='ocrx_word' id='word_1_697' title='bbox 1492 5189 1830 5254; x_wconf 82' lang='lat' dir='ltr'><strong>impressum,</strong></span> <span class='ocrx_word' id='word_1_698' title='bbox 1854 5201 1907 5243; x_wconf 92' lang='lat' dir='ltr'><strong>et</strong></span> <span class='ocrx_word' id='word_1_699' title='bbox 1927 5192 2068 5257; x_wconf 88' lang='lat' dir='ltr'><strong>apud</strong></span> 
     </span>
    </p>
   </div>
   <div class='ocr_carea' id='block_1_100' title="bbox 494 5257 1817 5324">
    <p class='ocr_par' dir='ltr' id='par_1_100' title="bbox 494 5257 1817 5324">
     <span class='ocr_line' id='line_1_100' title="bbox 494 5257 1817 5324; baseline -0.002 -12"><span class='ocrx_word' id='word_1_700' title='bbox 494 5257 751 5312; x_wconf 82' lang='lat' dir='ltr'><strong>Grialiutn</strong></span> <span class='ocrx_word' id='word_1_701' title='bbox 782 5257 1030 5309; x_wconf 89' lang='lat' dir='ltr'><strong>tnettdutn</strong></span> <span class='ocrx_word' id='word_1_702' title='bbox 1074 5257 1284 5309; x_wconf 84' lang='lat' dir='ltr'><strong>videtur</strong></span> <span class='ocrx_word' id='word_1_703' title='bbox 1316 5259 1613 5324; x_wconf 81' lang='lat' dir='ltr'><strong>irrepsisse.</strong></span> <span class='ocrx_word' id='word_1_704' title='bbox 1649 5258 1817 5312; x_wconf 71' lang='lat' dir='ltr'><strong>Auev.</strong></span> 
     </span>
    </p>
   </div>
   <div class='ocr_carea' id='block_1_101' title="bbox 565 5326 2071 5394">
    <p class='ocr_par' dir='ltr' id='par_1_101' title="bbox 565 5326 2071 5394">
     <span class='ocr_line' id='line_1_101' title="bbox 565 5326 2071 5394; baseline 0.001 -14"><span class='ocrx_word' id='word_1_705' title='bbox 565 5326 691 5380; x_wconf 72' lang='grc'><strong>202.</strong></span> <span class='ocrx_word' id='word_1_706' title='bbox 735 5328 834 5377; x_wconf 81' lang='lat' dir='ltr'><strong>Alii</strong></span> <span class='ocrx_word' id='word_1_707' title='bbox 872 5329 921 5378; x_wconf 85' lang='lat' dir='ltr'><strong>in</strong></span> <span class='ocrx_word' id='word_1_708' title='bbox 961 5330 1123 5393; x_wconf 86' lang='lat' dir='ltr'><strong>primo</strong></span> <span class='ocrx_word' id='word_1_709' title='bbox 1150 5343 1311 5379; x_wconf 85' lang='lat' dir='ltr'><strong>servo.</strong></span> <span class='ocrx_word' id='word_1_710' title='bbox 1347 5326 1529 5378; x_wconf 88' lang='lat' dir='ltr'><strong>Divum</strong></span> <span class='ocrx_word' id='word_1_711' title='bbox 1564 5326 1877 5393; x_wconf 87' lang='lat' dir='ltr'><strong>Gregorium</strong></span> <span class='ocrx_word' id='word_1_712' title='bbox 1902 5330 2071 5394; x_wconf 80' lang='lat' dir='ltr'><strong>signi-</strong></span> 
     </span>
    </p>
   </div>
   <div class='ocr_carea' id='block_1_102' title="bbox 499 5394 2069 5464">
    <p class='ocr_par' dir='ltr' id='par_1_102' title="bbox 499 5394 2069 5464">
     <span class='ocr_line' id='line_1_102' title="bbox 499 5394 2069 5464; baseline 0.003 -14"><span class='ocrx_word' id='word_1_713' title='bbox 499 5396 640 5457; x_wconf 86' lang='lat' dir='ltr'><strong>ﬁcat,</strong></span> <span class='ocrx_word' id='word_1_714' title='bbox 673 5396 827 5461; x_wconf 87' lang='lat' dir='ltr'><strong>cujus</strong></span> <span class='ocrx_word' id='word_1_715' title='bbox 857 5394 952 5448; x_wconf 77' lang='lat' dir='ltr'><strong>fuit</strong></span> <span class='ocrx_word' id='word_1_716' title='bbox 976 5404 1024 5448; x_wconf 89' lang='lat' dir='ltr'><strong>in</strong></span> <span class='ocrx_word' id='word_1_717' title='bbox 1051 5397 1235 5464; x_wconf 90' lang='lat' dir='ltr'><strong>primis</strong></span> <span class='ocrx_word' id='word_1_718' title='bbox 1261 5397 1563 5460; x_wconf 86' lang='lat' dir='ltr'><strong>studiosus;</strong></span> <span class='ocrx_word' id='word_1_719' title='bbox 1598 5396 1640 5448; x_wconf 87' lang='lat' dir='ltr'><strong>is</strong></span> <span class='ocrx_word' id='word_1_720' title='bbox 1667 5400 1807 5450; x_wconf 88' lang='lat' dir='ltr'><strong>enim</strong></span> <span class='ocrx_word' id='word_1_721' title='bbox 1831 5398 1896 5451; x_wconf 89' lang='lat' dir='ltr'><strong>ad</strong></span> <span class='ocrx_word' id='word_1_722' title='bbox 1928 5398 2069 5455; x_wconf 88' lang='lat' dir='ltr'><strong>hunc</strong></span> 
     </span>
    </p>
   </div>
   <div class='ocr_carea' id='block_1_103' title="bbox 500 5467 1820 5536">
    <p class='ocr_par' dir='ltr' id='par_1_103' title="bbox 500 5467 1820 5536">
     <span class='ocr_line' id='line_1_103' title="bbox 500 5467 1820 5536; baseline 0.002 -19"><span class='ocrx_word' id='word_1_723' title='bbox 500 5468 713 5536; x_wconf 86' lang='lat' dir='ltr'><strong>modum</strong></span> <span class='ocrx_word' id='word_1_724' title='bbox 743 5475 930 5536; x_wconf 75' lang='lat' dir='ltr'><strong>tramat</strong></span> <span class='ocrx_word' id='word_1_725' title='bbox 956 5477 1271 5530; x_wconf 63' lang='lat' dir='ltr'><strong>praasentvm</strong></span> <span class='ocrx_word' id='word_1_726' title='bbox 1295 5467 1623 5536; x_wconf 87' lang='lat' dir='ltr'><strong>allegoriam.</strong></span> <span class='ocrx_word' id='word_1_727' title='bbox 1656 5472 1820 5522; x_wconf 60' lang='lat' dir='ltr'><strong>Susa.</strong></span> 
     </span>
    </p>
   </div>
   <div class='ocr_carea' id='block_1_104' title="bbox 569 5532 2068 5603">
    <p class='ocr_par' dir='ltr' id='par_1_104' title="bbox 569 5532 2068 5603">
     <span class='ocr_line' id='line_1_104' title="bbox 569 5532 2068 5603; baseline 0.003 -15"><span class='ocrx_word' id='word_1_728' title='bbox 569 5534 692 5588; x_wconf 74' lang='grc'><strong>201.</strong></span> <span class='ocrx_word' id='word_1_729' title='bbox 740 5532 907 5586; x_wconf 88' lang='lat' dir='ltr'><strong>Ilamo</strong></span> <span class='ocrx_word' id='word_1_730' title='bbox 935 5535 1019 5601; x_wconf 85' lang='lat' dir='ltr'><strong>qui</strong></span> <span class='ocrx_word' id='word_1_731' title='bbox 1059 5532 1422 5590; x_wconf 52' lang='lat' dir='ltr'><strong>descendebat:</strong></span> <span class='ocrx_word' id='word_1_732' title='bbox 1448 5537 1543 5590; x_wconf 82' lang='lat' dir='ltr'><strong>l&#39;er</strong></span> <span class='ocrx_word' id='word_1_733' title='bbox 1569 5537 1870 5603; x_wconf 79' lang='lat' dir='ltr'><strong>paradisum</strong></span> <span class='ocrx_word' id='word_1_734' title='bbox 1899 5539 2068 5594; x_wconf 67' lang='lat' dir='ltr'><strong>caele—</strong></span> 
     </span>
    </p>
   </div>
   <div class='ocr_carea' id='block_1_105' title="bbox 498 5606 2067 5674">
    <p class='ocr_par' dir='ltr' id='par_1_105' title="bbox 498 5606 2067 5674">
     <span class='ocr_line' id='line_1_105' title="bbox 498 5606 2067 5674; baseline 0 -14"><span class='ocrx_word' id='word_1_735' title='bbox 498 5616 633 5662; x_wconf 80' lang='lat' dir='ltr'><strong>stem</strong></span> <span class='ocrx_word' id='word_1_736' title='bbox 659 5646 674 5669; x_wconf 92' lang='lat'><strong>,</strong></span> <span class='ocrx_word' id='word_1_737' title='bbox 726 5613 782 5658; x_wconf 92' lang='lat' dir='ltr'><strong>ut</strong></span> <span class='ocrx_word' id='word_1_738' title='bbox 829 5618 981 5674; x_wconf 79' lang='lat' dir='ltr'><strong>error</strong></span> <span class='ocrx_word' id='word_1_739' title='bbox 1008 5606 1230 5669; x_wconf 88' lang='lat' dir='ltr'><strong>vitetur,</strong></span> <span class='ocrx_word' id='word_1_740' title='bbox 1265 5606 1557 5661; x_wconf 79' lang='lat' dir='ltr'><strong>Jerusalem</strong></span> <span class='ocrx_word' id='word_1_741' title='bbox 1589 5608 1776 5659; x_wconf 89' lang='lat' dir='ltr'><strong>civitas</strong></span> <span class='ocrx_word' id='word_1_742' title='bbox 1809 5609 1951 5674; x_wconf 90' lang='lat' dir='ltr'><strong>pacis</strong></span> <span class='ocrx_word' id='word_1_743' title='bbox 1982 5610 2067 5661; x_wconf 90' lang='lat' dir='ltr'><strong>illa</strong></span> 
     </span>
    </p>
   </div>
   <div class='ocr_carea' id='block_1_106' title="bbox 499 5672 2069 5747">
    <p class='ocr_par' dir='ltr' id='par_1_106' title="bbox 499 5672 2069 5747">
     <span class='ocr_line' id='line_1_106' title="bbox 499 5672 2069 5747; baseline 0.001 -15"><span class='ocrx_word' id='word_1_744' title='bbox 499 5675 737 5733; x_wconf 64' lang='lat' dir='ltr'><strong>caelestis</strong></span> <span class='ocrx_word' id='word_1_745' title='bbox 765 5672 1105 5742; x_wconf 78' lang='lat' dir='ltr'><strong>intelligenda</strong></span> <span class='ocrx_word' id='word_1_746' title='bbox 1154 5684 1263 5739; x_wconf 80' lang='lat' dir='ltr'><strong>est,</strong></span> <span class='ocrx_word' id='word_1_747' title='bbox 1295 5689 1324 5730; x_wconf 83' lang='lat' dir='ltr'><strong>a</strong></span> <span class='ocrx_word' id='word_1_748' title='bbox 1348 5677 1499 5747; x_wconf 84' lang='lat' dir='ltr'><strong>cujus</strong></span> <span class='ocrx_word' id='word_1_749' title='bbox 1527 5672 1857 5732; x_wconf 84' lang='lat' dir='ltr'><strong>beatitudine</strong></span> <span class='ocrx_word' id='word_1_750' title='bbox 1889 5677 2069 5746; x_wconf 85' lang='lat' dir='ltr'><strong>lapsus</strong></span> 
     </span>
    </p>
   </div>
   <div class='ocr_carea' id='block_1_107' title="bbox 2251 4581 3750 4657">
    <p class='ocr_par' dir='ltr' id='par_1_107' title="bbox 2251 4581 3750 4657">
     <span class='ocr_line' id='line_1_107' title="bbox 2251 4581 3750 4657; baseline -0.009 -9"><span class='ocrx_word' id='word_1_751' title='bbox 2251 4594 2377 4648; x_wconf 86' lang='grc'><strong>207.</strong></span> <span class='ocrx_word' id='word_1_752' title='bbox 2420 4590 2660 4654; x_wconf 74' lang='lat' dir='ltr'><strong>Martha,</strong></span> <span class='ocrx_word' id='word_1_753' title='bbox 2690 4603 2807 4657; x_wconf 67' lang='lat' dir='ltr'><strong>quae</strong></span> <span class='ocrx_word' id='word_1_754' title='bbox 2854 4584 3067 4651; x_wconf 79' lang='lat' dir='ltr'><strong>excepit</strong></span> <span class='ocrx_word' id='word_1_755' title='bbox 3104 4582 3376 4636; x_wconf 80' lang='lat' dir='ltr'><strong>Christum</strong></span> <span class='ocrx_word' id='word_1_756' title='bbox 3436 4583 3486 4635; x_wconf 93' lang='lat' dir='ltr'><strong>in</strong></span> <span class='ocrx_word' id='word_1_757' title='bbox 3532 4581 3750 4635; x_wconf 89' lang='lat' dir='ltr'><strong>dumutn</strong></span> 
     </span>
    </p>
   </div>
   <div class='ocr_carea' id='block_1_108' title="bbox 2176 4676 3755 4754">
    <p class='ocr_par' dir='ltr' id='par_1_108' title="bbox 2176 4676 3755 4754">
     <span class='ocr_line' id='line_1_108' title="bbox 2176 4676 3755 4754; baseline -0.009 -11"><span class='ocrx_word' id='word_1_758' title='bbox 2176 4703 2355 4754; x_wconf 91' lang='lat' dir='ltr'><strong>suam,</strong></span> <span class='ocrx_word' id='word_1_759' title='bbox 2376 4694 2431 4739; x_wconf 92' lang='lat' dir='ltr'><strong>et</strong></span> <span class='ocrx_word' id='word_1_760' title='bbox 2459 4686 2508 4736; x_wconf 88' lang='lat' dir='ltr'><strong>itt</strong></span> <span class='ocrx_word' id='word_1_761' title='bbox 2538 4684 2636 4737; x_wconf 89' lang='lat' dir='ltr'><strong>hac</strong></span> <span class='ocrx_word' id='word_1_762' title='bbox 2662 4679 2999 4735; x_wconf 88' lang='lat' dir='ltr'><strong>ministrabat</strong></span> <span class='ocrx_word' id='word_1_763' title='bbox 3025 4676 3249 4746; x_wconf 85' lang='lat' dir='ltr'><strong>(lbid.),</strong></span> <span class='ocrx_word' id='word_1_764' title='bbox 3281 4677 3541 4744; x_wconf 79' lang='lat' dir='ltr'><strong>signiﬁcat</strong></span> <span class='ocrx_word' id='word_1_765' title='bbox 3573 4676 3755 4731; x_wconf 78' lang='lat' dir='ltr'><strong>Eccle-</strong></span> 
     </span>
    </p>
   </div>
   <div class='ocr_carea' id='block_1_109' title="bbox 2176 4767 3754 4843">
    <p class='ocr_par' dir='ltr' id='par_1_109' title="bbox 2176 4767 3754 4843">
     <span class='ocr_line' id='line_1_109' title="bbox 2176 4767 3754 4843; baseline -0.01 -7"><span class='ocrx_word' id='word_1_766' title='bbox 2176 4781 2335 4843; x_wconf 62' lang='lat' dir='ltr'><strong>siam,</strong></span> <span class='ocrx_word' id='word_1_767' title='bbox 2363 4779 2414 4831; x_wconf 91' lang='lat' dir='ltr'><strong>in</strong></span> <span class='ocrx_word' id='word_1_768' title='bbox 2443 4777 2538 4830; x_wconf 93' lang='lat' dir='ltr'><strong>hac</strong></span> <span class='ocrx_word' id='word_1_769' title='bbox 2561 4775 2663 4828; x_wconf 89' lang='lat' dir='ltr'><strong>vita</strong></span> <span class='ocrx_word' id='word_1_770' title='bbox 2712 4773 2985 4825; x_wconf 73' lang='lat' dir='ltr'><strong>Christum</strong></span> <span class='ocrx_word' id='word_1_771' title='bbox 3029 4770 3080 4823; x_wconf 94' lang='lat' dir='ltr'><strong>in</strong></span> <span class='ocrx_word' id='word_1_772' title='bbox 3104 4767 3268 4823; x_wconf 87' lang='lat' dir='ltr'><strong>corde</strong></span> <span class='ocrx_word' id='word_1_773' title='bbox 3298 4769 3669 4836; x_wconf 76' lang='lat' dir='ltr'><strong>excipientem,</strong></span> <span class='ocrx_word' id='word_1_774' title='bbox 3701 4776 3754 4821; x_wconf 88' lang='lat' dir='ltr'><strong>et</strong></span> 
     </span>
    </p>
   </div>
   <div class='ocr_carea' id='block_1_110' title="bbox 2177 4864 3031 4937">
    <p class='ocr_par' dir='ltr' id='par_1_110' title="bbox 2177 4864 3031 4937">
     <span class='ocr_line' id='line_1_110' title="bbox 2177 4864 3031 4937; baseline -0.015 -11"><span class='ocrx_word' id='word_1_775' title='bbox 2177 4872 2229 4926; x_wconf 91' lang='lat' dir='ltr'><strong>in</strong></span> <span class='ocrx_word' id='word_1_776' title='bbox 2255 4886 2416 4937; x_wconf 90' lang='lat' dir='ltr'><strong>opere</strong></span> <span class='ocrx_word' id='word_1_777' title='bbox 2436 4866 2654 4937; x_wconf 64' lang='lat' dir='ltr'><strong>iustitiae</strong></span> <span class='ocrx_word' id='word_1_778' title='bbox 2678 4864 3031 4918; x_wconf 81' lang='lat' dir='ltr'><strong>laborantem.</strong></span> 
     </span>
    </p>
   </div>
   <div class='ocr_carea' id='block_1_111' title="bbox 2250 4948 3754 5022">
    <p class='ocr_par' dir='ltr' id='par_1_111' title="bbox 2250 4948 3754 5022">
     <span class='ocr_line' id='line_1_111' title="bbox 2250 4948 3754 5022; baseline -0.008 -9"><span class='ocrx_word' id='word_1_779' title='bbox 2250 4960 2373 5015; x_wconf 86' lang='grc'><strong>208.</strong></span> <span class='ocrx_word' id='word_1_780' title='bbox 2416 4958 2599 5022; x_wconf 78' lang='lat' dir='ltr'><strong>Maria,</strong></span> <span class='ocrx_word' id='word_1_781' title='bbox 2642 4969 2795 5008; x_wconf 91' lang='lat' dir='ltr'><strong>suror</strong></span> <span class='ocrx_word' id='word_1_782' title='bbox 2835 4952 2985 5021; x_wconf 79' lang='lat' dir='ltr'><strong>ejus,</strong></span> <span class='ocrx_word' id='word_1_783' title='bbox 3016 4966 3133 5020; x_wconf 77' lang='lat' dir='ltr'><strong>qua:</strong></span> <span class='ocrx_word' id='word_1_784' title='bbox 3162 4948 3385 5003; x_wconf 88' lang='lat' dir='ltr'><strong>sedebat</strong></span> <span class='ocrx_word' id='word_1_785' title='bbox 3416 4964 3571 5002; x_wconf 88' lang='lat' dir='ltr'><strong>secus</strong></span> <span class='ocrx_word' id='word_1_786' title='bbox 3596 4948 3754 5017; x_wconf 85' lang='lat' dir='ltr'><strong>pedes</strong></span> 
     </span>
    </p>
   </div>
   <div class='ocr_carea' id='block_1_112' title="bbox 2174 5111 3755 5187">
    <p class='ocr_par' dir='ltr' id='par_1_112' title="bbox 2174 5111 3755 5187">
     <span class='ocr_line' id='line_1_112' title="bbox 2174 5111 3755 5187; baseline -0.01 -8"><span class='ocrx_word' id='word_1_787' title='bbox 2174 5134 2258 5179; x_wconf 86' lang='lat' dir='ltr'><strong>est</strong></span> <span class='ocrx_word' id='word_1_788' title='bbox 2279 5123 2477 5187; x_wconf 85' lang='lat' dir='ltr'><strong>Adam,</strong></span> <span class='ocrx_word' id='word_1_789' title='bbox 2508 5120 2670 5175; x_wconf 88' lang='lat' dir='ltr'><strong>miser</strong></span> <span class='ocrx_word' id='word_1_790' title='bbox 2698 5118 2864 5170; x_wconf 82' lang='lat' dir='ltr'><strong>factus</strong></span> <span class='ocrx_word' id='word_1_791' title='bbox 2898 5129 2988 5182; x_wconf 90' lang='lat' dir='ltr'><strong>per</strong></span> <span class='ocrx_word' id='word_1_792' title='bbox 3017 5122 3313 5187; x_wconf 81' lang='lat' dir='ltr'><strong>peccatum.</strong></span> <span class='ocrx_word' id='word_1_793' title='bbox 3354 5111 3639 5187; x_wconf 85' lang='lat' dir='ltr'><strong>Descendit</strong></span> <span class='ocrx_word' id='word_1_794' title='bbox 3661 5128 3755 5187; x_wconf 76' lang='lat' dir='ltr'><strong>att-</strong></span> 
     </span>
    </p>
   </div>
   <div class='ocr_carea' id='block_1_113' title="bbox 2182 5181 3748 5253">
    <p class='ocr_par' dir='ltr' id='par_1_113' title="bbox 2182 5181 3748 5253">
     <span class='ocr_line' id='line_1_113' title="bbox 2182 5181 3748 5253; baseline -0.01 -6"><span class='ocrx_word' id='word_1_795' title='bbox 2182 5207 2285 5249; x_wconf 86' lang='lat' dir='ltr'><strong>tem</strong></span> <span class='ocrx_word' id='word_1_796' title='bbox 2323 5195 2372 5246; x_wconf 92' lang='lat' dir='ltr'><strong>in</strong></span> <span class='ocrx_word' id='word_1_797' title='bbox 2400 5181 2634 5253; x_wconf 80' lang='lat' dir='ltr'><strong>Jericho,</strong></span> <span class='ocrx_word' id='word_1_798' title='bbox 2688 5188 2739 5241; x_wconf 91' lang='lat' dir='ltr'><strong>id</strong></span> <span class='ocrx_word' id='word_1_799' title='bbox 2776 5196 2877 5249; x_wconf 89' lang='lat' dir='ltr'><strong>est,</strong></span> <span class='ocrx_word' id='word_1_800' title='bbox 2902 5181 2968 5238; x_wconf 87' lang='lat' dir='ltr'><strong>in</strong></span> <span class='ocrx_word' id='word_1_801' title='bbox 3019 5184 3272 5253; x_wconf 86' lang='lat' dir='ltr'><strong>touutlutn</strong></span> <span class='ocrx_word' id='word_1_802' title='bbox 3300 5221 3314 5243; x_wconf 91' lang='lat'><strong>,</strong></span> <span class='ocrx_word' id='word_1_803' title='bbox 3349 5181 3403 5253; x_wconf 86' lang='lat' dir='ltr'><strong>in</strong></span> <span class='ocrx_word' id='word_1_804' title='bbox 3435 5196 3540 5253; x_wconf 85' lang='lat' dir='ltr'><strong>quo</strong></span> <span class='ocrx_word' id='word_1_805' title='bbox 3570 5182 3748 5253; x_wconf 80' lang='lat' dir='ltr'><strong>omnia</strong></span> 
     </span>
    </p>
   </div>
   <div class='ocr_carea' id='block_1_114' title="bbox 2179 5251 3744 5323">
    <p class='ocr_par' dir='ltr' id='par_1_114' title="bbox 2179 5251 3744 5323">
     <span class='ocr_line' id='line_1_114' title="bbox 2179 5251 3744 5323; baseline -0.006 -10"><span class='ocrx_word' id='word_1_806' title='bbox 2179 5276 2293 5317; x_wconf 77' lang='lat' dir='ltr'><strong>orta</strong></span> <span class='ocrx_word' id='word_1_807' title='bbox 2319 5251 2630 5323; x_wconf 48' lang='lat' dir='ltr'><strong>Occidunt,</strong></span> <span class='ocrx_word' id='word_1_808' title='bbox 2657 5261 2792 5312; x_wconf 74' lang='lat' dir='ltr'><strong>sicut</strong></span> <span class='ocrx_word' id='word_1_809' title='bbox 2824 5260 2938 5308; x_wconf 85' lang='lat' dir='ltr'><strong>luna</strong></span> <span class='ocrx_word' id='word_1_810' title='bbox 2968 5294 2983 5318; x_wconf 92' lang='lat'><strong>,</strong></span> <span class='ocrx_word' id='word_1_811' title='bbox 3034 5268 3190 5321; x_wconf 89' lang='lat' dir='ltr'><strong>quam</strong></span> <span class='ocrx_word' id='word_1_812' title='bbox 3221 5251 3488 5323; x_wconf 86' lang='lat' dir='ltr'><strong>signiﬁcat</strong></span> <span class='ocrx_word' id='word_1_813' title='bbox 3510 5251 3744 5323; x_wconf 73' lang='lat' dir='ltr'><strong>Jericho.</strong></span> 
     </span>
    </p>
   </div>
   <div class='ocr_carea' id='block_1_115' title="bbox 2178 5319 3754 5396">
    <p class='ocr_par' dir='ltr' id='par_1_115' title="bbox 2178 5319 3754 5396">
     <span class='ocr_line' id='line_1_115' title="bbox 2178 5319 3754 5396; baseline -0.01 -9"><span class='ocrx_word' id='word_1_814' title='bbox 2178 5334 2346 5387; x_wconf 78' lang='lat' dir='ltr'><strong>Adam</strong></span> <span class='ocrx_word' id='word_1_815' title='bbox 2376 5332 2517 5385; x_wconf 88' lang='lat' dir='ltr'><strong>enim</strong></span> <span class='ocrx_word' id='word_1_816' title='bbox 2545 5370 2559 5391; x_wconf 90' lang='lat'><strong>,</strong></span> <span class='ocrx_word' id='word_1_817' title='bbox 2592 5319 2694 5396; x_wconf 52' lang='grc' dir='ltr'><strong>ἰιιιί</strong></span> <span class='ocrx_word' id='word_1_818' title='bbox 2741 5328 2921 5380; x_wconf 90' lang='lat' dir='ltr'><strong>divino</strong></span> <span class='ocrx_word' id='word_1_819' title='bbox 2947 5319 3216 5392; x_wconf 61' lang='lat' dir='ltr'><strong>praecepto</strong></span> <span class='ocrx_word' id='word_1_820' title='bbox 3245 5319 3642 5396; x_wconf 72' lang='lat' dir='ltr'><strong>obtemperans,</strong></span> <span class='ocrx_word' id='word_1_821' title='bbox 3672 5319 3754 5371; x_wconf 90' lang='lat' dir='ltr'><strong>di-</strong></span> 
     </span>
    </p>
   </div>
   <div class='ocr_carea' id='block_1_116' title="bbox 2180 5389 3755 5467">
    <p class='ocr_par' dir='ltr' id='par_1_116' title="bbox 2180 5389 3755 5467">
     <span class='ocr_line' id='line_1_116' title="bbox 2180 5389 3755 5467; baseline -0.013 -12"><span class='ocrx_word' id='word_1_822' title='bbox 2180 5408 2302 5455; x_wconf 85' lang='lat' dir='ltr'><strong>vino</strong></span> <span class='ocrx_word' id='word_1_823' title='bbox 2330 5406 2490 5455; x_wconf 85' lang='lat' dir='ltr'><strong>etiam</strong></span> <span class='ocrx_word' id='word_1_824' title='bbox 2526 5389 2785 5452; x_wconf 77' lang='lat' dir='ltr'><strong>beneﬁcio</strong></span> <span class='ocrx_word' id='word_1_825' title='bbox 2820 5389 3007 5467; x_wconf 79' lang='lat' dir='ltr'><strong>luisset</strong></span> <span class='ocrx_word' id='word_1_826' title='bbox 3038 5391 3392 5467; x_wconf 69' lang='lat' dir='ltr'><strong>immortalis,</strong></span> <span class='ocrx_word' id='word_1_827' title='bbox 3426 5392 3516 5442; x_wconf 90' lang='lat' dir='ltr'><strong>illo</strong></span> <span class='ocrx_word' id='word_1_828' title='bbox 3538 5389 3755 5467; x_wconf 69' lang='lat' dir='ltr'><strong>violato,</strong></span> 
     </span>
    </p>
   </div>
   <div class='ocr_carea' id='block_1_117' title="bbox 2180 5460 3754 5532">
    <p class='ocr_par' dir='ltr' id='par_1_117' title="bbox 2180 5460 3754 5532">
     <span class='ocr_line' id='line_1_117' title="bbox 2180 5460 3754 5532; baseline -0.011 -7"><span class='ocrx_word' id='word_1_829' title='bbox 2180 5483 2363 5526; x_wconf 88' lang='lat' dir='ltr'><strong>murtts</strong></span> <span class='ocrx_word' id='word_1_830' title='bbox 2388 5470 2656 5524; x_wconf 81' lang='lat' dir='ltr'><strong>miseriam</strong></span> <span class='ocrx_word' id='word_1_831' title='bbox 2689 5476 2742 5520; x_wconf 92' lang='lat' dir='ltr'><strong>et</strong></span> <span class='ocrx_word' id='word_1_832' title='bbox 2774 5465 3029 5532; x_wconf 89' lang='lat' dir='ltr'><strong>plurimas</strong></span> <span class='ocrx_word' id='word_1_833' title='bbox 3059 5462 3189 5513; x_wconf 81' lang='lat' dir='ltr'><strong>alias</strong></span> <span class='ocrx_word' id='word_1_834' title='bbox 3213 5460 3530 5532; x_wconf 78' lang='lat' dir='ltr'><strong>acerbitates</strong></span> <span class='ocrx_word' id='word_1_835' title='bbox 3561 5460 3754 5532; x_wconf 84' lang='lat' dir='ltr'><strong>merito</strong></span> 
     </span>
    </p>
   </div>
   <div class='ocr_carea' id='block_1_118' title="bbox 2180 5529 3754 5610">
    <p class='ocr_par' dir='ltr' id='par_1_118' title="bbox 2180 5529 3754 5610">
     <span class='ocr_line' id='line_1_118' title="bbox 2180 5529 3754 5610; baseline -0.012 -13"><span class='ocrx_word' id='word_1_836' title='bbox 2180 5555 2465 5610; x_wconf 86' lang='lat' dir='ltr'><strong>perpessus</strong></span> <span class='ocrx_word' id='word_1_837' title='bbox 2516 5548 2619 5610; x_wconf 82' lang='lat' dir='ltr'><strong>est.</strong></span> <span class='ocrx_word' id='word_1_838' title='bbox 2688 5529 2785 5610; x_wconf 71' lang='lat' dir='ltr'><strong>Sic</strong></span> <span class='ocrx_word' id='word_1_839' title='bbox 2818 5536 2974 5610; x_wconf 70' lang='lat' dir='ltr'><strong>enim</strong></span> <span class='ocrx_word' id='word_1_840' title='bbox 3007 5532 3223 5610; x_wconf 49' lang='lat' dir='ltr'><strong>erponit</strong></span> <span class='ocrx_word' id='word_1_841' title='bbox 3273 5529 3411 5583; x_wconf 88' lang='lat' dir='ltr'><strong>hanc</strong></span> <span class='ocrx_word' id='word_1_842' title='bbox 3449 5529 3754 5610; x_wconf 75' lang='lat' dir='ltr'><strong>allegoriam</strong></span> 
     </span>
    </p>
   </div>
   <div class='ocr_carea' id='block_1_119' title="bbox 2179 5600 3653 5680">
    <p class='ocr_par' dir='ltr' id='par_1_119' title="bbox 2179 5600 3653 5680">
     <span class='ocr_line' id='line_1_119' title="bbox 2179 5600 3653 5680; baseline -0.01 -16"><span class='ocrx_word' id='word_1_843' title='bbox 2179 5600 2365 5667; x_wconf 73' lang='lat' dir='ltr'><strong>beatus</strong></span> <span class='ocrx_word' id='word_1_844' title='bbox 2395 5608 2721 5680; x_wconf 84' lang='lat' dir='ltr'><strong>Augustinus</strong></span> <span class='ocrx_word' id='word_1_845' title='bbox 2745 5606 2795 5661; x_wconf 90' lang='lat' dir='ltr'><strong>in</strong></span> <span class='ocrx_word' id='word_1_846' title='bbox 2828 5603 2917 5660; x_wconf 84' lang='lat' dir='ltr'><strong>lib.</strong></span> <span class='ocrx_word' id='word_1_847' title='bbox 2945 5604 3013 5658; x_wconf 88' lang='lat' dir='ltr'><strong>de</strong></span> <span class='ocrx_word' id='word_1_848' title='bbox 3034 5604 3234 5669; x_wconf 75' lang='lat' dir='ltr'><strong>Qua-&#39;st.</strong></span> <span class='ocrx_word' id='word_1_849' title='bbox 3266 5615 3453 5669; x_wconf 90' lang='lat' dir='ltr'><strong>evang.</strong></span> <span class='ocrx_word' id='word_1_850' title='bbox 3486 5600 3653 5654; x_wconf 69' lang='lat' dir='ltr'><strong>Sun.</strong></span> 
     </span>
    </p>
   </div>
  </div>
