4104 6172
384 272 489 326 125

1194 268 1601 323 ALLEGORIE
1641 265 1955 336 ρυΑζοΑΜ
1997 263 2403 320 8111111)Τῦκῶ
2444 264 2713 321 δᾹϐιῖᾹΞ.

3634 198 3654 229 κ

3541 271 3639 327 126

375 387 612 449 Christi,
660 394 713 438 et
763 383 1014 439 audiebat
1063 382 1280 436 verbum
1339 380 1528 449 illud.)
1555 424 1568 445 ,
1631 380 1956 434 demonstrat
1983 376 2035 435 Λ
2131 373 2261 430 2H.
2302 375 2489 430 Mulier
2517 390 2672 443 quae,
2705 375 2891 431 decem
2924 384 2979 430 et
3004 386 3128 432 octo
3152 392 3322 433 annos
3350 379 3639 437 inﬁrmita-

378 479 623 535 eatndem
651 478 943 533 Ecclesiam
971 521 985 545 ,
1020 476 1070 529 in
1101 476 1282 528 futuro
1304 475 1501 526 smequ
1531 473 1599 526 ab
1620 473 1766 525 omni
1798 485 1961 539 opere

376 581 717 634 cessantem,
778 578 832 624 et
899 571 952 621 in
1015 566 1128 621 sola
1175 564 1627 633 contemplatione
1679 562 1958 631 sapientia:

374 661 576 717 Christi
605 661 1054 729 requiescentem.

447 753 576 807 209.
621 752 793 805 Homo
824 750 913 819 qui
947 747 1123 802 media
1170 755 1329 799 nocte
1364 741 1665 811 postulabat
1691 745 1758 795 ab
1785 748 1961 796 amico

377 854 489 899 tres
514 858 679 909 panes
701 839 853 910 (Luc.
875 841 978 904 xi),
1000 835 1402 890 similitudinem
1426 834 1677 899 exprimit
1700 832 1961 902 cujusque

376 935 429 987 in
461 933 633 987 media
664 929 1008 985 tribulatione
1053 928 1339 983 Dominum
1389 926 1702 996 postulantis
1725 965 1742 991 ,
1789 932 1843 977 ut
1872 924 1964 978 det

375 1024 425 1077 ei
459 1023 742 1077 scientiam
772 1018 1070 1073 Trinitatis.

455 1110 617 1181 1&6
637 1110 766 1164 220.
806 1108 993 1171 Dives,
1026 1107 1177 1175 cujus
1208 1104 1399 1158 uberes
1430 1106 1631 1158 fructus
1663 1118 1790 1171 ager
1818 1113 1958 1155 attu-

376 1206 441 1257 lit
468 1204 618 1271 (Luc.
672 1204 793 1270 xit),
838 1200 1101 1269 signiﬁcat
1149 1199 1421 1254 hominem
1452 1196 1673 1250 lusoriis
1701 1196 1956 1261 deditum,

372 1310 431 1354 et
462 1297 823 1351 abundantem
858 1295 1110 1363 peccatis,
1139 1308 1296 1362 quem
1329 1291 1678 1344 immoderate
1708 1290 1819 1355 plus
1850 1305 1963 1341 am-

376 1392 523 1459 plius
552 1403 779 1455 peccare
818 1388 1215 1441 desiderantem
1251 1385 1422 1454 arguit
1455 1383 1709 1436 Dominus
1737 1384 1958 1436 dicens:

375 1481 570 1545 Stulte,
599 1479 694 1532 hac
723 1488 868 1533 nocte
919 1478 1156 1545 auferunt
1183 1478 1409 1531 animum
1457 1486 1596 1529 tuam
1622 1478 1709 1528 abs
1738 1485 1823 1539 te;
1850 1491 1963 1543 quae

375 1574 596 1643 parasti,
630 1572 777 1642 cujus
805 1580 951 1623 erunt
971 1571 997 1623 .’

453 1661 583 1715 2H.
627 1660 879 1730 Quinque
912 1659 989 1713 illi
1020 1659 1069 1713 in
1094 1658 1252 1713 domo
1278 1675 1405 1725 una,
1434 1659 1483 1713 id
1515 1668 1615 1725 est,
1648 1669 1816 1727 pater,
1850 1674 1962 1711 tua-

2067 476 2170 519 tem
2205 466 2428 533 habens,
2460 480 2487 517 a
2516 466 2742 520 Domino
2769 475 2952 520 curata
2980 476 3063 521 est
3092 468 3247 539 (Luc.
3282 470 3426 539 xnt),
3458 471 3641 526 Eccle-

2061 560 2155 611 sia:
2185 568 2339 629 typus
2368 568 2450 614 est
2472 599 2487 623 ,
2539 573 2657 628 qua:
2706 560 2757 611 in
2802 558 2906 611 ﬁne
2934 569 3227 628 temporum
3265 563 3488 617 salutem
3518 564 3639 620 fidei

2062 660 2349 702 consecuta
2374 660 2475 703 est.
2517 650 2623 703 Sex
2654 651 2795 703 enim
2834 650 3078 703 a'tatibus
3109 652 3338 706 tnuudus
3371 654 3472 709 isre
3498 670 3642 708 eom-

2063 739 2238 807 pletur
2270 739 2424 809 147
2473 738 2625 807 cujus
2671 748 2847 793 tamen
2882 748 3090 808 tempus
3127 741 3292 795 habet
3322 746 3639 811 tripertitam

2061 830 2460 896 discretionem,
2503 847 2661 885 unam
2714 841 2839 887 ante
2888 833 3095 900 legem,
3146 834 3364 890 alteram
3415 839 3464 891 in
3504 840 3639 909 lgo,

2064 925 2273 976 tertiam
2302 924 2401 977 sub
2426 925 2617 994 gratia.
2679 924 2872 979 Sexies
2903 940 3033 995 ergo
3062 928 3197 980 terni
3225 928 3408 983 decem
3444 941 3496 985 et
3523 943 3642 987 octo

2061 1014 2340 1081 efﬁciunt,
2389 1030 2494 1083 quo
2536 1030 2760 1069 numero
2811 1026 3018 1084 tempus
3064 1018 3162 1072 hoc
3221 1031 3416 1073 nostra:
3456 1023 3642 1079 Sullllls

2062 1106 2381 1168 insinuatur,
2410 1106 2643 1174 quando,
2676 1121 2702 1157 a
2736 1106 2949 1160 Satanae
2980 1108 3205 1162 vinculis
3234 1111 3425 1175 soluti,
3454 1114 3644 1181 quibus

2063 1200 2263 1251 curvati
2304 1215 2554 1265 eramus,
2604 1200 2799 1251 donum
2850 1201 3040 1251 salutis
3092 1210 3143 1253 et
3190 1217 3339 1269 spem
3388 1218 3635 1272 Supernae

2063 1292 2525 1362 contetnplatvonis
2555 1295 2864 1357 accipimus.

2134 1384 2268 1439 215.
2313 1387 2642 1456 llydropicus
2663 1402 2815 1453 quem
2840 1386 3094 1440 Dominus
3115 1390 3316 1441 curavit
3339 1389 3491 1454 (Luc.
3531 1392 3644 1457 xiv)

2064 1477 2402 1531 demonstrat
2440 1493 2531 1533 eos
2579 1493 2711 1547 quos
2760 1478 2931 1532 ﬂuxus
2975 1481 3266 1534 carnalium
3317 1482 3642 1550 voluptatum

2068 1570 2373 1624 exuberans
2396 1580 2675 1639 aggravat.

2141 1659 2263 1713 216.
2310 1660 2477 1714 llomo
2502 1660 2705 1714 bibens
2727 1662 2860 1715 duos
2891 1662 3026 1716 ﬁlios
3058 1662 3206 1726 (Luc.
3234 1664 3330 1731 xv)
3364 1664 3500 1717 Deus
3541 1673 3644 1728 est,

376 1766 485 1819 ter,
538 1754 701 1819 ﬁlius,
766 1753 890 1818 ﬁlia,
945 1768 1130 1818 nurus,
1174 1769 1237 1807 ex
1284 1753 1475 1821 quibus
1522 1752 1627 1807 duo
1656 1754 1707 1806 in
1741 1764 1870 1811 tres.
1904 1762 1959 1805 et
1993 1732 2038 1791 Β
2070 1754 2272 1807 habens
2303 1753 2436 1806 duos
2488 1754 2733 1821 populos,
2765 1768 2990 1822 quorum
3022 1753 3193 1824 major
3226 1755 3445 1822 ﬁguram
3475 1758 3644 1808 tenuit

372 1859 488 1902 tres
517 1848 571 1899 in
597 1846 731 1900 duos
753 1846 1066 1899 dividuntur
1095 1844 1310 1915 (Ibid.),
1334 1844 1637 1913 signiﬁcant
1670 1847 1958 1899 humanum

370 1953 549 2007 genus
602 1938 704 1991 ﬁde
752 1947 804 1991 et
847 1937 1102 2005 religione
1148 1938 1376 1990 invicem
1409 1947 1734 2005 separatum.
1766 1942 1957 2007 partim

374 2031 434 2084 in
463 2030 783 2083 discissione
816 2029 1151 2099 schismatis,
1182 2030 1322 2098 quod
1354 2029 1459 2084 duo
1484 2030 1812 2098 signiﬁcant,
1844 2048 1963 2101 ρπ-

376 2123 476 2175 tim
503 2122 556 2173 in
584 2135 811 2173 numero
841 2121 1109 2185 trinitatis,
1141 2122 1284 2190 quod
1321 2122 1417 2175 tria
1448 2121 1839 2177 demonStrant.
1871 2125 1964 2178 Di-

375 2218 530 2270 risias
575 2228 659 2270 est
699 2216 840 2270 enim
891 2218 1029 2271 ﬁlius
1057 2218 1313 2273 adversus
1343 2227 1543 2285 patrem
1567 2234 1743 2283 suum,
1777 2221 1825 2275 id
1859 2232 1959 2287 est,

372 2310 609 2377 populus
632 2324 696 2363 ex
719 2308 972 2378 gentibus
996 2310 1213 2365 veniens
1244 2310 1496 2365 adversus
1516 2311 1807 2374 diabolum,
1836 2330 1956 2369 cum

371 2416 488 2464 quo
520 2411 680 2453 antea
713 2401 882 2454 fuerat
911 2400 1166 2455 sociatus.
1226 2401 1398 2455 Divisa
1431 2412 1513 2456 est
1542 2413 1595 2456 et
1635 2403 1739 2458 ﬁlia
1768 2407 1964 2461 adver-

369 2508 469 2546 sus
502 2500 730 2545 matrem
775 2506 924 2545 suam
952 2532 967 2556 ,
1000 2491 1049 2545 id
1079 2506 1157 2545 est
1181 2534 1196 2559 ,
1243 2493 1396 2559 plebs
1423 2509 1481 2547 BV
1515 2494 1715 2549 Judzeis
1737 2498 1961 2553 credens

376 2580 649 2633 adversus
703 2582 917 2648 impiam
960 2581 1315 2652 Synagogam.
1373 2583 1543 2637 Divisa
1594 2597 1675 2639 est
1714 2596 1767 2639 et
1796 2604 1960 2642 nurus

374 2674 647 2726 adversus
676 2687 888 2726 socrum
932 2688 1080 2727 suam
1108 2715 1121 2737 ,
1157 2676 1392 2729 Ecclesia
1425 2676 1668 2731 videlicet
1689 2692 1751 2732 ex
1787 2681 1960 2748 genti-

374 2763 478 2816 bus
506 2762 765 2818 adversns
793 2774 1016 2818 matrem
1047 2769 1225 2830 Spnnsi
1258 2766 1337 2818 sui
1368 2765 1699 2837 Synagogam
1718 2810 1732 2830 ,
1765 2773 1831 2824 de
1860 2787 1960 2838 qua

372 2854 673 2907 secundum
719 2870 936 2907 carnem
988 2855 1227 2911 Christus
1278 2858 1447 2911 fuerat
1490 2873 1817 2927 procreatus.
1857 2862 1959 2926 Qui

376 2943 635 2998 homines
666 2956 984 3013 separantur
1007 2947 1107 2999 sibi
1140 2947 1387 3013 invicem,
1419 2950 1507 3002 alii
1533 2960 1833 3020 terrenam,
1869 2955 1961 3008 alii

370 3039 654 3095 Coelestem
688 3037 911 3106 gloriam
944 3047 1279 3107 appetentes.

2064 1844 2369 1899 Judmorum
2399 1886 2412 1908 ,
2442 1845 2529 1911 qui
2562 1844 2851 1911 permansit
2883 1843 2931 1895 iti
2968 1844 3056 1895 Dei
3088 1844 3269 1907 cultu;
3304 1845 3440 1897 alter
3467 1843 3645 1912 iunior

2064 1936 2302 2006 gentium
2330 1977 2347 1999 ,
2396 1936 2485 2003 qui
2514 1976 2529 1999 ,
2561 1935 2839 1987 conditore
2866 1935 3084 1986 deserto
3108 1974 3122 1997 ,
3149 1948 3335 1987 servus
3371 1934 3540 1987 factus
3566 1944 3649 1987 est

2066 2028 2351 2089 idolorum,
2385 2040 2541 2093 quem
2570 2041 2662 2090 per
2683 2032 2973 2092 egestatem
2999 2022 3120 2075 ﬁdei
3146 2035 3509 2079 revertentem
3536 2024 3645 2079 cle-

2065 2130 2275 2173 menter
2299 2118 2531 2183 suscvpit
2558 2115 2697 2169 Dens
2731 2114 2907 2177 Pater,
2941 2125 2989 2172 et
3019 2129 3113 2181 pro
3142 2116 3495 2168 conversione
3525 2116 3645 2182 ejus

2064 2211 2164 2264 sub
2190 2212 2336 2263 vituli
2370 2221 2492 2279 typo
2520 2207 2757 2261 immolat
2788 2205 2978 2259 Filium
3001 2207 3237 2269 unicum;
3268 2207 3455 2259 tribuit
3484 2206 3644 2261 etiam

2064 2301 2317 2354 annulum
2371 2300 2492 2353 ﬁdei
2521 2341 2534 2364 ,
2584 2307 2637 2351 et
2680 2298 2813 2349 stula
2848 2296 3261 2349 immortalitatis
3294 2296 3459 2350 induit
3493 2312 3636 2362 cum,

2064 2404 2367 2459 quanquam
2398 2388 2615 2443 Iudaeus
2655 2384 2825 2440 frater
2875 2384 3056 2438 livoris
3085 2394 3392 2451 torqueatur
3422 2386 3643 2447 invidia,

2067 2497 2285 2555 propter
2310 2488 2534 2539 salutem
2561 2496 2736 2536 tamen
2761 2484 2876 2553 ejus
2896 2482 3141 2550 gaudium
3173 2481 3403 2535 concinit
3425 2483 3646 2551 angulo-

2068 2595 2181 2633 rum
2206 2578 2546 2646 symphonia.

2134 2671 2258 2723 217.
2301 2671 2646 2738 Dispt-nsator
2671 2668 2923 2737 prodigus
2948 2708 2962 2731 ,
2993 2682 3148 2734 quem
3185 2665 3429 2719 dominus
3457 2682 3485 2717 a
3511 2665 3649 2718 villi-

2065 2763 2275 2817 catione
2300 2758 2559 2813 removeri
2581 2758 2849 2825 praecepit,
2873 2766 2927 2811 et
2944 2757 3181 2810 fraudem
3208 2758 3407 2810 faciens
3429 2756 3646 2812 domino

2065 2870 2182 2918 suo,
2215 2854 2471 2907 relaxavit
2502 2852 2833 2906 debitoribus
2866 2862 3092 2919 partem,
3128 2861 3183 2904 tit
3239 2850 3459 2905 haberet
3508 2852 3647 2905 unde

2066 2946 2117 2999 in
2143 2953 2408 3013 posterum
2434 2945 2632 2996 viveret
2682 2941 2962 3013 (Luc.xvr)
2994 2984 3008 3007 ,
3046 2941 3159 2994 lucc
3203 2952 3531 3007 comparatio
3582 2943 3646 2994 ad

2067 3036 2371 3102 exemplum
2405 3044 2643 3086 nostrum
2660 3034 2929 3102 proiiosita
2960 3042 3063 3097 est;
3091 3047 3208 3084 nam
3241 3033 3283 3086 si
3311 3033 3399 3086 ille
3422 3047 3447 3083 a
3473 3032 3643 3085 donti-

446 3130 581 3182 ‘21‘2.
625 3101 828 3182 Galilari
864 3101 993 3184 xvui
1018 3101 1177 3199 super
1205 3148 1333 3199 quos
1364 3134 1557 3189 cecidit
1587 3139 1746 3191 turris
1771 3138 1824 3192 in
1877 3139 1964 3193 si-
1991 3101 2036 3162 (ἶ
2069 3144 2136 3181 uo
2167 3101 2264 3179 suo
2295 3126 2494 3178 laudari
2529 3101 2838 3192 promeruit.
2861 3124 3003 3193 quia,
3035 3122 3274 3175 fraudem
3298 3123 3347 3175 ei
3401 3124 3597 3175 faciens
3627 3164 3641 3186 ,

372 3224 459 3276 loe
485 3263 503 3289 ,
538 3230 596 3277 et
640 3224 834 3275 occidit
885 3238 978 3277 eos
1025 3224 1175 3293 (Luc.
1211 3225 1352 3293 siti),
1381 3228 1650 3281 interitum
1677 3230 1846 3297 plebis
1870 3230 1964 3285 Ju-

372 3314 621 3367 lia-Orum
654 3312 904 3366 insinuat.
950 3310 1150 3368 Decem
1182 3325 1236 3368 et
1265 3326 1386 3369 octo
1412 3319 1552 3371 enitn
1580 3320 1715 3385 apud
1748 3320 1964 3375 Grarcos

371 3418 437 3456 ex
466 3403 603 3469 iota,
642 3426 678 3470 ι,
714 3415 765 3457 et
789 3414 894 3468 eta,
926 3427 979 3469 η,
1011 3404 1199 3457 litteris
1241 3408 1626 3473 exprimuntur,
1676 3411 1867 3479 quibus
1901 3416 1962 3465 li-

371 3494 525 3561 guris
577 3508 771 3547 nomen
816 3493 971 3548 Jesus
1017 3495 1287 3561 scribitur,
1336 3497 1388 3549 iu
1435 3514 1590 3566 quem
1633 3500 1706 3554 illi
1738 3503 1958 3557 credere

372 3583 631 3637 uolentes
679 3584 877 3651 pariter
904 3600 932 3637 a
966 3584 1217 3640 Romanis
1247 3602 1366 3641 cum
1410 3603 1503 3642 sua
1544 3591 1676 3646 urbe
1707 3596 1955 3662 prostrati

369 3687 521 3734 sunt.

443 3770 574 3825 215.
621 3770 794 3825 Homo
822 3767 917 3842 qui
957 3771 1200 3826 arborem
1234 3772 1321 3827 ﬁci
1362 3771 1414 3828 in
1445 3775 1597 3829 vinea
1627 3791 1718 3830 sua
1752 3776 1955 3846 planta~

371 3861 469 3925 vit,
503 3862 750 3916 Christus
776 3871 877 3927 est,
920 3863 1008 3932 qui
1050 3862 1384 3934 Synagogam
1423 3866 1474 3919 in
1504 3866 1725 3921 Judaico
1759 3869 1953 3937 populo

373 3955 639 4019 condidit,
673 3970 831 4022 quam
864 3971 986 4011 cum
1037 3957 1321 4023 Dominus,
1373 3958 1521 4025 quasi
1554 3960 1816 4024 inutilem,
1840 3958 1954 4029 jus-

374 4043 543 4099 sisset
566 4045 805 4111 abscidi,
850 4046 909 4100 ﬁt
938 4046 1011 4100 illi
1043 4062 1069 4098 a
1101 4048 1303 4102 colonis
1332 4049 1591 4117 apostolis
1613 4050 1752 4104 fossa
1784 4050 1955 4103 humi-

376 4135 566 4200 litatis,
609 4134 894 4189 adhibetur
924 4147 1152 4198 Stercus.
1186 4137 1236 4192 id
1261 4148 1343 4193 est
1370 4180 1384 4202 ,
1412 4138 1679 4193 confessio
1709 4152 1953 4207 peccato-

372 4237 535 4292 rum;
578 4228 764 4295 sicque
807 4228 859 4280 in
912 4226 1201 4281 novissimo
1248 4228 1519 4283 credendo
1541 4230 1955 4287 commutabitur

376 4316 429 4369 in
458 4314 674 4382 melius,
705 4316 957 4387 dabitque
985 4316 1187 4370 fructus
1212 4317 1435 4387 iustitiae
1464 4318 1731 4388 copiosos.
1774 4350 1777 4353 -

2068 3222 2118 3273 in
2151 3230 2417 3285 posterum
2475 3216 2574 3270 sibi
2606 3215 2674 3269 de
2721 3216 2909 3269 alienis
2939 3214 3099 3266 rebus
3131 3213 3397 3281 providit,
3444 3224 3645 3279 quanto

2067 3308 2234 3379 magis
2270 3308 2480 3362 Christo
2514 3307 2725 3375 placere
2756 3319 3040 3374 possumus
3068 3346 3082 3369 ,
3115 3305 3157 3356 si
3190 3320 3254 3358 ex
3286 3306 3515 3372 propriis
3552 3320 3648 3357 nos

2065 3405 2190 3456 stris
2236 3399 2655 3455 misericordiam
2687 3396 3048 3466 indigentibus
3080 3394 3366 3461 faciamus,
3397 3410 3425 3449 a
3452 3395 3645 3464 quibus

2065 3493 2226 3559 recipi
2260 3492 2310 3546 iu
2334 3500 2529 3545 mterna
2562 3489 2901 3544 tabernacula
2932 3488 3199 3553 possimus
3220 3487 3245 3539 ἲ

2138 3584 2261 3639 218.
2309 3583 2460 3636 Dives
2474 3581 2559 3650 qui
2585 3579 2903 3633 induebatur
2919 3593 3148 3647 purpura
3173 3586 3227 3630 et
3258 3577 3421 3646 bysso
3453 3572 3645 3647 (lbid.)

2065 3676 2329 3746 signiﬁcat
2354 3673 2658 3729 Judxorum
2687 3670 2992 3737 superbiam
3022 3712 3035 3731 .
3067 3666 3345 3722 ﬁorentetn
3375 3666 3642 3735 quondam

2065 3768 2274 3836 imperii
2307 3766 2573 3828 claritate,
2603 3763 2682 3815 vel
2716 3761 2938 3815 honoris
2968 3759 3302 3815 excellentia.

2144 3856 2443 3930 148219.
2472 3854 2743 3910 Mendicus
2788 3852 3062 3905 ulcerosus
3103 3849 3645 3920 (Ibid.)dem0nstrat

2059 3952 2309 4023 gentilem
2349 3949 2620 4018 populum,
2651 3944 3073 3999 confessionibus
3102 3953 3436 4010 peccatorum
3469 3941 3643 3994 humi-

2054 4044 2261 4099 liatum.

2123 4134 2249 4187 9.20.
2289 4132 2535 4201 Quinque
2558 4128 2749 4182 fratres
2777 4127 2956 4182 divitis
2985 4126 3130 4180 illius
3151 4123 3241 4192 qui
3270 4123 3407 4193 apud
3440 4123 3641 4178 inferos

2054 4230 2401 4297 torquebatur
2428 4223 2479 4294 (I
2489 4222 2619 4292 bid.)
2652 4222 2822 4277 Judaei
2849 4220 3238 4291 intelliguntur,
3256 4220 3345 4289 qui
3367 4219 3467 4273 sub
3489 4216 3641 4287 quin-

2055 4338 2158 4393 que
2187 4321 2336 4377 libris
2367 4317 2525 4389 positi
2554 4325 2696 4371 sunt.

447 4502 573 4576 £10.
607 4501 666 4576 lu
709 4500 997 4576 Evangelia
1039 4502 1207 4576 sancti
1259 4499 1728 4576 LucaepeapKll,
1753 4504 1847 4568 20,
1879 4519 1958 4559 sic
1990 4512 2040 4570 ι)
2066 4506 2258 4576 quibus
2288 4504 2593 4568 exemplum
2622 4502 2857 4571 ponitur,
2886 4501 3465 4576 et‘tacenturuomjna.
3502 4499 3643 4576 Prof-

372 4589 516 4627 nunc
549 4573 781 4639 legitur:
829 4572 1011 4635 stulte,
1055 4573 1151 4622 hac
1199 4579 1343 4641 nocte
1382 4573 1605 4623 animum
1646 4586 1784 4625 tuam
1810 4590 1956 4641 repe-

369 4654 489 4696 tunt
518 4660 549 4694 α
581 4652 660 4711 te;
687 4658 801 4711 qua:
827 4652 997 4695 autent
1028 4640 1242 4711 parasti.
1269 4641 1414 4709 cujus
1444 4644 1631 4694 erunt?
1660 4648 1831 4697 Anuv.

442 4712 569 4767 219.
619 4710 746 4764 Diue
776 4714 957 4775 prima:
988 4712 1178 4765 litterie
1209 4711 1408 4763 Graecas
1442 4712 1671 4765 nominis
1696 4713 1820 4766 .lesu
1852 4736 1869 4768 ι
1899 4723 1953 4768 et

372 4806 429 4840 η,
463 4783 667 4835 nabita:
698 4782 908 4834 fuerunt
956 4797 983 4832 a
1029 4780 1295 4837 veteribus
1339 4779 1657 4835 Christianis
1683 4799 1778 4851 pro
1808 4799 1953 4837 com-

373 4850 573 4915 pendio
620 4853 852 4904 nominis
899 4852 1047 4905 Jesu.
1113 4850 1414 4916 Scriptores
1440 4856 1526 4918 qui
1553 4850 1833 4906 numerum
1856 4855 1952 4907 de-

372 4931 490 4975 cem
520 4934 575 4974 et
617 4934 740 4975 oeto
789 4923 839 4973 in
903 4922 983 4974 bis
1013 4921 1214 4975 duabus
1245 4922 1438 4973 litteris
1461 4922 1524 4974 ad
1551 4923 1947 4989 interpretatio-

372 5008 495 5047 nem
529 4992 761 5058 aliquam
780 4992 1068 5061 mysticam
1102 5006 1193 5044 seu
1226 4991 1557 5047 allegoricam
1595 5004 1943 5059 agnoverunt,

372 5062 622 5114 rereuSni
672 5063 722 5112 in
771 5060 1145 5114 Prudentianis
1170 5101 1186 5123 ,
1243 5075 1388 5112 num.
1436 5062 1533 5114 194
1560 5069 1614 5114 ct
1642 5077 1794 5129 chq.
1827 5077 1946 5115 cum

370 5132 539 5185 notis.
564 5130 667 5183 Pro
690 5131 915 5183 insinuat
931 5129 1155 5184 fortasse
1175 5130 1450 5198 legendum
1479 5131 1755 5183 insinuant.
1777 5133 1943 5186 Διιεν.

441 5199 565 5253 iis.
614 5199 763 5252 Diues
790 5202 878 5269 qui
904 5200 1223 5271 induebatur,
1258 5216 1486 5266 purpura
1525 5211 1573 5271 et
1606 5203 1752 5271 bysso
1782 5203 1948 5271 signi-

370 5272 514 5333 ﬁcat.
568 5271 1024 5350 Tlieopbylactus,
1079 5270 1321 5350 eruditus
1365 5272 1414 5350 i_n
1458 5270 1648 5349 primis
1695 5270 1943 5350 scriptor,

368 5357 475 5393 non
500 5339 763 5393 dubitavit
786 5339 1055 5394 aflirtuare
1082 5341 1259 5394 divitis
1282 5348 1335 5390 et
1367 5339 1550 5392 Lazari
1597 5355 1699 5392 non
1727 5344 1939 5408 quidem

370 5410 677 5475 hismriam,
706 5412 796 5463 sed
824 5412 999 5463 ﬁctam
1045 5426 1164 5464 esse
1195 5410 1519 5479 parabolam,
1550 5425 1668 5477 qua:
1700 5421 1947 5463 narratur

368 5495 396 5529 a
437 5481 677 5543 Domino;
709 5480 793 5532 cui
825 5490 999 5534 tamen
1025 5495 1214 5534 nomen
1267 5479 1452 5532 Lazari
1486 5483 1760 5547 perspicue
1792 5496 1949 5546 repu-

368 5561 519 5619 gnat.
539 5549 672 5603 Nam
703 5552 917 5619 egregie
942 5552 1013 5602 ait
1038 5552 1222 5603 beatus
1244 5550 1654 5619 Chrysostotnus
1681 5589 1696 5611 ,
1722 5552 1771 5601 in
1797 5551 1945 5606 ltum.

368 5617 426 5671 in
458 5617 584 5690 Luc.
622 5660 637 5684 ,
666 5617 916 5690 dte—patre
937 5630 990 5673 et
1018 5621 1222 5690 duobus
1250 5617 1368 5673 ﬁliis
1406 5617 1520 5690 :Alu
1549 5619 1794 5687 parabole
1846 5637 1946 5672 non

368 5689 486 5743 sttui
525 5692 739 5745 dicenda
765 5688 1011 5746 'nomiua.
1040 5689 1311 5746 Parabolas
1367 5688 1507 5750 enim
1560 5699 1684 5745 sunt
1717 5691 1845 5761 ilice,
1895 5692 1945 5747 in

2060 4569 2204 4631 c'lare
2232 4578 2391 4631 etiam
2432 4569 2706 4641 Origenes.
2730 4587 2848 4639 cap.
2883 4587 2895 4624 l
2928 4570 3053 4633 Job,
3096 4572 3263 4637 inquit
3296 4588 3309 4621 :
3344 4569 3639 4623 Νετεεεανὶο

2058 4648 2280 4700 nominis
2309 4645 2409 4697 Job
2465 4645 2771 4696 mentionem
2803 4644 2918 4711 fecit
2950 4641 3179 4710 Moyses.
3210 4642 3295 4706 qui
3320 4641 3435 4693 libri
3461 4656 3638 4711 auctor

2057 4728 2150 4779 est,
2166 4733 2248 4781 ne,
2270 4716 2313 4768 si
2342 4714 2598 4767 hominem
2620 4712 2784 4765 solum
2804 4710 3013 4776 diceret,
3038 4726 3397 4779 argumentum
3426 4710 3636 4781 aliquod

2056 4787 2249 4856 ﬁngere
2278 4786 2670 4856 existimaretur.
2734 4783 2932 4856 [Eadem
2974 4780 3241 4856 sententia
3271 4792 3351 4856 est
3378 4782 3443 4832 de
3476 4780 3637 4856 divite

2054 4848 2107 4911 et
2133 4848 2361 4919 Lazaro,
2392 4852 2697 4915 Ambrosii,
2724 4851 2904 4921 Cyrilli
2929 4893 2943 4916 ,
2970 4851 3314 4913 Damasceni,
3346 4860 3503 4921 atque
3532 4848 3638 4921 Eu-

2055 4927 2241 4994 thymii
2277 4964 2293 4991 ,
2319 4925 2404 4993 qui
2428 4924 2589 4979 etiam
2624 4924 2695 4994 ait
2725 4919 2902 4974 divitis
2920 4924 3144 4994 quidem
3196 4937 3388 4973 nomen
3418 4919 3635 4994 silentio

2054 4989 2223 5051 fuisse
2254 4989 2577 5063 prmteritum
2607 4992 2674 5045 ab
2703 4989 3058 5063 Evangeli’sL-i,
3111 5000 3357 5063 tanquam
3389 4989 3513 5041 odio
3553 4989 3633 5063 di-

2057 5069 2171 5135 gni;
2202 5060 2455 5134 scriptum
2487 5072 2569 5116 est
2589 5063 2752 5126 enim,
2782 5060 2865 5129 ps.
2888 5078 2982 5135 sv:
3009 5060 3127 5112 Non
3153 5060 3399 5121 accipiam
3428 5060 3634 5113 nomina

2055 5132 2231 5188 eorum
2262 5132 2351 5205 per
2383 5136 2519 5187 labia
2558 5149 2701 5195 mea;
2733 5132 2955 5205 mendici
2974 5146 3106 5205 vero
3135 5145 3325 5181 nomen
3358 5136 3631 5205 meritoria:

2058 5199 2350 5273 proditum,
2378 5215 2623 5267 tanquam
2646 5218 2827 5255 amore
2846 5203 3007 5273 digni.
3035 5204 3393 5273 Aimitqantem
3416 5199 3629 5265 quidam

2056 5268 2119 5329 ex
2150 5268 2429 5328 traditione
2472 5274 2835 5336 llcbragornnt,
2870 5268 3006 5333 quod
3038 5285 3130 5337 per
3160 5268 3211 5323 id
3248 5278 3456 5336 tempus
3486 5273 3631 5322 dives

2060 5344 2149 5398 ille
2173 5346 2330 5399 fuerit
2356 5346 2603 5399 Nineuus
2630 5343 2942 5408 appellatus.
2970 5350 3021 5393 et
3046 5339 3317 5393 mendcus
3340 5343 3437 5393 iste
3465 5341 3630 5393 Laza-

2058 5429 2167 5469 rus.
2203 5414 2326 5470 llzuc
2354 5413 2691 5484 Euthyniins.
2722 5411 2873 5484 Quod
2906 5412 3058 5484 si,_ut
3082 5409 3131 5461 itt
3167 5411 3431 5484 plerisque
3461 5412 3629 5462 numi-

2057 5485 2175 5548 bus,
2207 5484 2284 5539 sic
2310 5490 2472 5540 etiam
2497 5480 2557 5537 in
2590 5483 2691 5534 hoc
2720 5480 3147 5552 'l‘lteophylactns
3169 5480 3628 5552 Cltrysnstomnm,

2057 5555 2228 5607 virum
2260 5554 2540 5609 excellenti
2571 5551 2813 5605 doctrina
2846 5560 2896 5604 et
2927 5551 3207 5604 sanctitate
3233 5590 3249 5615 ,
3280 5561 3420 5604 esset
3445 5552 3625 5604 inrita-

2057 5632 2160 5687 tus,
2181 5641 2261 5679 nt!
2284 5628 2371 5682 ille
2389 5644 2415 5679 ει
2438 5625 2703 5679 communi
2722 5620 2983 5677 setttetttia
3006 5636 3271 5691 nunquam
3294 5621 3624 5676 descivisset.

2056 5694 2127 5749 Su
2142 5710 2219 5748 tu.
