4108 6178
495 266 591 319 127

528 267 591 318 27
1549 270 1606 323 S.
1651 267 1898 323 lSlDORI
1941 267 2386 326 HISPALENSIS
2429 270 2733 326 EPISCOPI

3663 284 3759 341 128

556 381 685 436 221.
720 384 914 441 Decem
932 385 1257 455 leprosi,qui
1281 383 1649 438 mumlantura
1680 383 1902 438 Domino
1922 383 2075 454 (Luc.
2108 385 2154 443 Α
2185 396 2281 452 per
2326 382 2521 439 lavaeri
2574 386 2799 454 gratiam
2849 394 3126 443 transeunt
3172 388 3237 443 ad
3292 389 3556 459 passionis
3598 407 3763 449 coro-

492 475 627 544 xvu)
654 520 667 540 ,
693 478 928 533 haeretici
951 478 1337 543 signiﬁcantur,
1363 476 1452 544 qui
1479 476 1530 528 in
1559 476 1816 530 varietate
1836 476 2075 529 colorum

491 564 857 621 diversitatem
888 567 1081 620 habent
1108 565 1479 627 schismatum,
1511 564 1711 633 quique
1739 564 1861 619 ideo
1892 563 1957 617 ad
1986 579 2076 618 sa-

493 660 743 715 cerdotes
774 660 1078 722 mittuntur,
1122 666 1201 722 ut,
1231 658 1440 709 delerSa
1471 659 1615 710 omni
1642 660 1899 711 varietate
1927 670 2079 711 erro-

495 768 611 806 rum
629 794 644 819 ,
675 751 886 804 unitatis
920 749 1211 817 percipiant
1234 758 1647 803 sacramentum.

564 844 693 900 222.
733 842 899 897 Judex
926 840 1140 908 iniquus
1163 878 1177 903 ,
1207 841 1295 908 qui
1330 840 1610 894 Dominum
1654 855 1758 894 non
1810 837 2077 903 timebat,

493 936 707 988 assidue
760 943 935 984 tamen
967 931 1342 998 deprecantem
1378 931 1585 984 viduam
1620 930 1897 984 exaudivit
1919 928 2078 999 (Luc.

498 1025 689 1094 avni),
744 1023 1038 1077 similitudo
1097 1031 1179 1077 est
1224 1038 1328 1091 qua
1378 1023 1776 1076 demonstratur
1827 1030 2078 1089 quantam

494 1131 642 1183 spem
675 1114 873 1169 habere
901 1114 1093 1169 debeat
1121 1114 1210 1183 qui
1245 1114 1521 1167 Dominum
1555 1112 1925 1167 indesinenter
1981 1127 2078 1166 ex-

495 1206 681 1274 poscit,
710 1219 832 1259 cum
865 1205 1029 1259 etiam
1070 1206 1208 1272 apud
1240 1221 1397 1259 aures
1428 1205 1592 1272 iniqui
1620 1203 1817 1274 judicis
1853 1204 2081 1259 valuerit

493 1297 744 1365 frequens
770 1298 1021 1349 instantia
1044 1296 1217 1349 vidum
1247 1296 1606 1364 deprecantis.
1639 1296 1755 1364 ipsa
1786 1307 1969 1349 autem
2001 1297 2083 1349 vi-

495 1387 598 1441 dua
629 1386 932 1457 signiﬁcare
964 1398 1135 1453 potest
1182 1388 1494 1454 Ecclesiam,
1553 1388 1952 1456 perseverantia
1981 1401 2075 1439 sua

496 1492 765 1552 petentem
799 1483 1051 1537 ultionem
1080 1482 1149 1538 de
1178 1481 1406 1536 inimicis
1424 1483 1556 1547 suis,
1592 1481 1833 1548 diabolo,
1859 1480 1940 1535 vel
1968 1480 2077 1535 ha:-

500 1572 701 1627 reticis.

564 1662 690 1717 223.
732 1662 1034 1718 Phariszeus
1063 1678 1221 1718 orans
1250 1664 1303 1717 in
1336 1666 1531 1733 templo
1558 1665 1748 1738 (Ibid.)
1773 1666 2078 1721 Judzcorum

2184 488 2329 530 narn.

2250 566 2379 623 254.
2431 568 2841 624 Architriclinus
2892 570 3106 643 (Ibid.),
3162 575 3371 646 Moyses
3427 577 3759 648 intelligitur,

2181 659 2268 727 qui
2302 661 2526 714 miratur
2557 663 2827 716 meliorem
2881 675 2937 718 et
2982 669 3308 723 sanctiorem
3359 672 3612 740 populum
3666 690 3764 744 per

2182 750 2366 807 Jesum
2418 758 2471 809 in
2518 757 2864 829 Evangelium
2922 773 3307 832 congregatum
3338 804 3354 827 ,
3410 780 3569 834 quam
3618 765 3763 822 illum

2185 846 2416 914 priorem
2439 851 2507 905 ab
2541 851 2780 923 :‘Egypto
2802 856 3086 911 deductum
3113 874 3127 923 ;
3162 856 3365 910 ﬁnitum
3395 859 3539 913 enim
3581 857 3762 914 viuum

2182 940 2419 994 oste-ntlit
2457 944 2723 998 sublatam
2753 962 2873 1002 esse
2903 949 3125 1018 gratiam
3154 948 3385 1017 Spiritus
3414 952 3584 1005 sancti
3609 968 3635 1006 a
3662 950 3765 1007 Ju-

2183 1028 2336 1099 daais,
2360 1042 2415 1087 et
2446 1048 2541 1101 per
2562 1039 2837 1105 apostolos
2866 1040 2916 1092 in
2948 1041 3199 1109 gentibus
3227 1042 3616 1100 contributam.

2253 1119 2378 1173 255.
2407 1123 2594 1179 Mulier
2623 1126 2959 1183 Samaritana
2986 1130 3168 1200 (Joan.
3210 1132 3285 1202 ιν)
3315 1134 3541 1203 mystice
3571 1133 3769 1189 intelli-

2182 1210 2325 1277 gitur
2370 1212 2646 1286 Synagoga
2702 1221 2940 1290 quinque
2971 1222 3121 1277 libris
3165 1224 3318 1293 legis,
3349 1226 3501 1294 quasi
3533 1226 3766 1296 quinque

2185 1304 2335 1369 viris,
2391 1311 2686 1363 secundum
2746 1326 2966 1367 sensum
3020 1316 3221 1382 carnis,
3274 1316 3555 1387 subjecta,
3606 1333 3767 1387 quam

2184 1392 2609 1453 misericorditer
2663 1400 2920 1457 Dominus
2978 1416 3236 1473 provocat
3287 1407 3503 1464 haurire
3573 1424 3766 1479 aquam

2185 1487 2376 1553 vivam,
2414 1490 2603 1545 lavacri
2631 1494 2837 1548 scilicet
2872 1499 3145 1566 percipere
3189 1501 3441 1568 gratiam,
3477 1501 3563 1556 vel
3589 1516 3768 1559 secre-

2187 1584 2293 1631 tam
2328 1579 2457 1650 legis
2492 1582 2925 1654 intelligentiam.

2257 1670 2386 1726 256.
2419 1672 2612 1727 Mulier
2641 1676 2904 1744 adultera,
2935 1695 3052 1746 qua;
3098 1679 3324 1736 offertur
3364 1696 3392 1736 a
3440 1683 3641 1738 Judazis
3674 1685 3770 1739 Do-

494 1766 579 1811 est
601 1756 848 1824 populus,
871 1757 957 1826 qui
987 1772 1049 1812 ex
1077 1756 1549 1827 justiﬁcationibus
1579 1761 1713 1831 legis
1736 1760 1944 1816 extollit
1965 1777 2075 1817 me—
2110 1758 2151 1818 Β
2182 1758 2328 1816 mitto
2352 1762 2636 1832 lapidanda
2664 1765 2845 1837 (Joan.
2875 1771 3014 1840 vui),
3036 1783 3118 1828 est
3141 1773 3381 1830 Ecclesia
3407 1791 3473 1831 ex
3497 1778 3765 1848 gentibus,

496 1849 597 1903 rita
626 1862 740 1902 sua.

568 1938 695 1993 224.
729 1940 1049 1995 Publicauus
1078 1956 1208 1995 vero
1237 1941 1257 2011 (
1266 1940 1428 2013 Ibid.)
1455 1943 1667 2014 gentilis
1690 1952 1773 2000 est
1805 1946 2027 2015 populus
2057 1988 2073 2015 ,

496 2033 586 2103 qui
614 2033 771 2102 longe
796 2047 824 2085 a
854 2034 960 2086 Deo
991 2034 1193 2100 positus
1220 2035 1506 2089 conﬁtetur
1537 2048 1750 2105 peccata
1776 2053 1868 2091 sua
1900 2080 1913 2101 ,
1943 2054 2077 2107 quo-

496 2140 612 2179 rum
640 2139 776 2178 unus
797 2126 1401 2195 superbiendo,recessit
1433 2127 1763 2196 humiliatus,
1792 2130 1930 2184 alter
1949 2146 2075 2185 con-

495 2218 695 2273 ﬁtendo
729 2221 837 2273 Deo
863 2224 1292 2291 appropinquare
1316 2224 1508 2277 meruit
1539 2225 1824 2279 exaltatus.

566 2308 693 2361 225.
733 2309 921 2366 Czrcus
942 2314 1134 2368 sedens
1156 2328 1313 2369 secus
1334 2316 1470 2367 viam
1499 2313 1686 2385 (Ibid.)
1708 2317 1957 2386 populum
1983 2318 2076 2373 de-

499 2411 759 2454 monstrat
790 2404 1062 2470 gentilem,
1089 2405 1178 2473 qui
1208 2419 1303 2474 per
1332 2404 1531 2460 Christi
1559 2408 1786 2477 gratiam
1819 2408 1940 2461 ﬁdei
1965 2423 2077 2464 me-

498 2494 603 2547 ruit
629 2495 953 2551 claritatem.

567 2583 692 2637 226.
726 2585 980 2640 Zaclueus
1012 2586 1161 2652 (Luc.
1196 2585 1310 2655 xu)
1342 2588 1556 2656 gentilis
1584 2596 1667 2644 est
1691 2590 1935 2657 pepulus,
1956 2606 2077 2659 gra-

500 2678 570 2730 tia
599 2680 906 2731 meritorum
933 2678 1171 2745 pusillus,
1198 2680 1285 2746 qui
1318 2688 1518 2745 tamen,
1552 2697 1581 2733 a
1613 2683 1840 2736 terrenis
1870 2684 2077 2738 actibus

495 2770 818 2832 sublevatus,
845 2785 938 2836 per
968 2769 1162 2838 lignum
1187 2770 1467 2824 dominicae
1497 2774 1668 2825 crucis
1698 2771 1898 2827 Christi
1926 2790 2076 2845 mys-

498 2861 686 2912 terium
719 2861 1127 2929 contemplatur.

565 2949 692 3004 227.
735 2951 905 3004 l’lomo
932 2950 1126 3004 nobilis
1153 2951 1239 3020 qui
1274 2951 1324 3004 in
1353 2951 1695 3020 longinquam
1727 2954 1853 3008 abiit
1904 2970 2074 3024 regio-

494 3055 617 3094 nem
646 3042 883 3107 accipere
906 3041 1005 3095 sibi
1032 3056 1247 3110 regnum
1279 3041 1467 3113 (lbid.)
1494 3083 1510 3108 ,
1542 3044 1866 3112 Redemptor
1893 3057 2076 3100 noster

495 3136 696 3199 est,qui
724 3146 886 3199 usque
912 3133 975 3184 ad
1007 3130 1138 3186 ﬁnes
1163 3143 1319 3186 terrae
1340 3134 1577 3202 pervenit
1602 3136 1843 3204 accipere
1859 3152 2073 3207 regnum
2104 3133 2150 3194 C

494 3223 555 3277 in
590 3223 797 3289 populis
822 3224 1077 3294 gentium.

562 3312 688 3368 228.
731 3314 888 3368 Cives
913 3315 999 3383 qui
1029 3315 1313 3370 noluerunt
1340 3333 1458 3370 eum
1493 3333 1716 3388 regnare
1743 3318 1955 3392 (Ibid.)
1983 3320 2075 3376 Ju-

491 3402 593 3460 daei
624 3406 1011 3474 intelliguntur,
1042 3407 1130 3475 qui
1161 3405 1427 3461 Christum
1460 3425 1636 3480 regem
1659 3423 2000 3478 spreverunt.

561 3496 687 3549 2'29.
731 3498 928 3549 Servus
960 3501 1047 3565 qui
1099 3514 1276 3551 mnam
1328 3518 1485 3554 unam
1542 3504 1813 3572 accipiens
1843 3546 1859 3571 ,
1887 3505 2071 3559 decem

493 3587 761 3654 acquisivit
830 3586 1053 3656 (lbid.),
1087 3592 1342 3659 signiﬁcat
1399 3592 1647 3646 doctores
1705 3595 1819 3663 qui,
1852 3605 2068 3663 accepta

489 3681 656 3745 gratia
683 3678 976 3747 Evangelii,
1012 3684 1064 3735 in
1097 3683 1280 3737 decem
1312 3686 1593 3739 verborum
1653 3688 1896 3757 Decalogi
1933 3705 2070 3757 pra:-

490 3769 805 3823 dicamentis
830 3772 963 3826 bene
994 3772 1072 3827 usi
1100 3786 1243 3843 sunt,
1273 3786 1328 3830 et
1353 3778 1593 3831 doveudo
1615 3780 1875 3834 multosin
1911 3781 2069 3852 149

492 3863 596 3916 ﬁde
627 3864 1004 3931 acquisierunt,
1040 3867 1259 3938 idcirco,
1307 3870 1624 3926 adveniente
1682 3873 1925 3941 Domino,
1959 3877 2071 3928 lau-

490 3953 777 4018 dabuntur,
805 3959 924 4024 quia
954 3957 1140 4012 lucrati
1162 3971 1306 4016 sunt.

557 4042 686 4099 25".
739 4046 837 4110 Qui
871 4063 999 4101 vero
1024 4064 1089 4102 ex
1118 4065 1219 4102 una
1251 4053 1484 4121 quinque
1531 4057 1817 4122 acquisivit
1849 4057 2069 4129 (Ibid.),

488 4138 611 4192 illos
640 4140 973 4195 demonstrat
1002 4144 1090 4212 qui
1114 4148 1419 4200 mandatum
1458 4148 1545 4201 Dei
1572 4161 1849 4207 servantes
1876 4170 2069 4212 conse-

489 4240 727 4296 quuutur
751 4232 1031 4286 scientiam
1083 4235 1235 4302 legis,
1296 4238 1350 4291 in
1412 4239 1646 4307 quinque
1703 4242 1855 4297 libris
1900 4244 2067 4315 Moysi

489 4321 767 4391 scriptam,
801 4338 1025 4395 eamque
1052 4327 1292 4384 docendo
1318 4331 1384 4384 ad
1420 4347 1572 4386 usmn
1602 4335 1789 4389 salutis
1817 4352 2066 4392 necessa-

487 4413 623 4468 rium
656 4415 985 4471 tenerentur.

2178 1867 2322 1919 quae,
2374 1855 2518 1923 prius
2548 1859 2740 1915 relicto
2790 1862 2900 1917 Deo
2924 1903 2939 1927 ,
2980 1864 3031 1917 in
3062 1865 3224 1920 idolis
3272 1866 3446 1922 fuerat
3484 1867 3767 1937 fornicata,

2182 1947 2320 2004 hanc
2353 1950 2567 2005 volebat
2615 1953 2895 2025 Synagnga
2926 1957 3107 2013 zelans
3159 1959 3406 2028 interﬁci,
3429 1974 3484 2018 et
3520 1962 3767 2019 Christus

2181 2056 2299 2095 eam
2332 2043 2511 2098 salvat
2542 2058 2638 2114 per
2667 2048 3038 2105 remissionem
3083 2051 3288 2118 delicti,
3337 2070 3436 2111 nec
3483 2056 3611 2110 sinit
3648 2071 3767 2112 eam

2180 2136 2395 2203 perire,
2447 2139 2536 2206 qui
2581 2142 2731 2195 novit
2774 2143 2991 2198 veniam
3045 2148 3351 2203 condonare
3397 2152 3765 2218 peccantibus.

2250 2224 2376 2279 257.
2423 2228 2608 2285 Simon
2647 2232 2903 2301 .leprosus
2954 2236 3170 2307 (Matth.
3221 2240 3369 2310 xxvi)
3423 2244 3638 2311 gentilis
3683 2253 3769 2299 est

2182 2318 2428 2384 populus,
2455 2320 2542 2385 qui
2574 2333 2660 2377 est
2702 2338 2732 2377 a
2775 2324 3136 2397 Redemptore
3170 2332 3477 2386 mundatus.

2252 2406 2382 2466 238.
2436 2411 2629 2468 Mulier
2657 2430 2778 2484 qua:
2827 2431 3099 2489 unguento
3148 2433 3307 2494 caput
3361 2425 3569 2481 Domini
3618 2430 3773 2485 unxit

2183 2496 2372 2569 (lbid.)
2409 2501 2645 2559 Ecclesia
2687 2516 2804 2564 est.
2843 2526 2961 2580 qua:
2994 2512 3197 2568 fructus
3221 2518 3301 2570 sui
3334 2518 3510 2585 Operis
3538 2519 3772 2590 ﬁdeique

2180 2590 2404 2647 odorem
2453 2595 2521 2648 ad
2569 2596 2778 2654 laudem
2824 2600 2918 2656 Del
2964 2613 3017 2659 et
3067 2604 3264 2660 Christi
3314 2608 3536 2674 gloriam
3588 2611 3768 2666 refert.

2250 2700 2374 2758 259.
2408 2707 2641 2777 Angelus
2691 2710 2781 2766 ille
2810 2714 2875 2766 ad
2914 2716 3065 2785 cujus
3095 2716 3415 2775 descensum
3453 2724 3771 2779 movebatur

2178 2809 2335 2865 aqua,
2369 2800 2605 2871 quinque
2637 2806 2931 2871 porticibus
2961 2810 3139 2865 cinCta
3174 2810 3352 2882 (Joan.
3390 2813 3440 2883 ν)
3469 2855 3482 2879 ,
3516 2813 3766 2871 Christus

2178 2897 2281 2956 est,
2322 2890 2374 2943 in
2406 2895 2562 2958 cujus
2596 2896 2833 2952 adventu
2872 2902 3117 2957 turbatus
3152 2912 3233 2958 est
3273 2906 3428 2977 150
3457 2907 3767 2963 .Iudzcorum

2185 2982 2411 3049 populus
2433 2985 2670 3054 quinque
2704 2988 2854 3044 libris
2877 2993 3160 3049 conclusus
3185 3012 3199 3052 :
3230 2996 3593 3054 descendente
3622 3002 3767 3057 enim

2180 3075 2389 3141 angelo,
2416 3085 2857 3137 commovebatur
2880 3100 3040 3154 aqua,
3073 3096 3124 3142 et
3160 3091 3449 3147 sanabatur
3482 3095 3767 3162 inﬁrmus;

2184 3165 2547 3225 descendente
2587 3172 2655 3227 de
2683 3176 2836 3231 etelis
2858 3179 3091 3252 Christo,
3116 3198 3419 3242 commotus
3448 3199 3531 3243 est
3560 3192 3611 3243 in
3644 3206 3767 3261 pas-

2183 3257 2334 3311 sione
2382 3258 2498 3327 ejus
2529 3261 2666 3315 idem
2701 3267 2960 3337 populus,
2992 3279 3046 3325 et
3104 3286 3329 3331 sanatus
3361 3288 3445 3332 est
3505 3257 3761 3336 mundus.

2251 3370 2401 3425 2i0.’
2429 3371 2616 3428 Cmcus
2656 3393 2683 3429 a
2733 3380 3031 3448 nativitate,
3081 3401 3241 3455 quem
3301 3389 3579 3461 Dominus,
3613 3405 3763 3463 post-

2180 3478 2340 3532 quam
2376 3469 2525 3520 unxit
2553 3472 2760 3536 oculos,
2793 3474 2860 3527 ad
2912 3475 3174 3543 pESt-iuam
3218 3481 3363 3534 Siloe
3405 3482 3549 3537 misit
3579 3485 3762 3539 lavan-

2179 3557 2306 3610 dum
2334 3558 2518 3627 (Joatt.
2567 3562 2665 3633 Ix),
2713 3566 2978 3634 signiﬁcat
3024 3586 3194 3639 genus
3235 3573 3523 3629 humanum
3568 3591 3596 3628 a
3628 3579 3764 3631 nati-

2180 3651 2357 3715 vitate,
2415 3652 2462 3705 id
2518 3664 2620 3720 est,
2654 3670 2683 3707 a
2734 3658 2906 3726 primo
2949 3659 3164 3717 homine
3225 3680 3467 3720 errorum
3529 3668 3762 3722 tenebris

2178 3740 2446 3803 vitiatum,
2496 3745 2647 3813 cujus
2670 3750 2853 3803 oculos
2897 3750 3153 3808 Dominus
3182 3755 3249 3809 de
3287 3767 3446 3824 sputo
3474 3767 3527 3812 et
3554 3759 3665 3815 luto
3694 3761 3759 3813 li-

2180 3835 2328 3897 nivit,
2363 3837 2482 3904 quia
2515 3842 2731 3893 verbum
2758 3856 2886 3895 caro
2918 3842 3114 3898 factum
3139 3856 3240 3903 est.
3274 3848 3341 3903 Et
3378 3849 3543 3904 lavari
3576 3853 3761 3907 oculos

2176 3925 2227 3977 in
2263 3928 2459 3994 piscina
2486 3929 2666 3998 jussit,
2698 3941 2755 3985 ut
2779 3934 3075 4002 baptizatus
3102 3937 3156 3991 in
3198 3938 3444 4007 Christo,
3491 3946 3760 4012 acciperet

2176 4015 2347 4087 legem
2384 4020 2524 4087 ﬁdei,
2546 4031 2597 4077 et
2631 4024 2877 4080 crederet
2903 4026 2955 4080 iu
2984 4041 3105 4082 eum
3137 4029 3226 4097 qui
3247 4029 3463 4088 humilis
3490 4034 3542 4087 in
3559 4036 3758 4091 mundo

2173 4110 2437 4177 apparuit.

2244 4222 2371 4277 241.
2405 4224 2670 4294 Lazarus,
2720 4245 2876 4295 quem
2916 4232 3174 4290 Dominus
3222 4239 3630 4306 quatriduanum
3678 4240 3756 4297 fe-

2172 4321 2366 4368 tentem
2414 4315 2483 4370 de
2526 4331 2872 4377 monumento
2900 4326 3174 4381 suscitavit
3207 4328 3387 4399 (Joan.
3420 4332 3517 4401 xi),
3550 4333 3751 4401 signiti-

2171 4415 2257 4458 cat
2300 4407 2577 4472 mundum,
2609 4425 2766 4478 quem
2811 4414 3122 4482 gravissima
3165 4420 3364 4487 peccati
3419 4424 3750 4479 consuetudo

555 4500 683 4562 εει.
707 4507 805 4573 Qui
830 4522 957 4563 vero
978 4524 1154 4564 mnam
1203 4511 1369 4580 ipsam
1401 4515 1451 4567 in
1483 4514 1700 4569 εειάπςο
1727 4521 2067 4574 cuman,“
2095 4506 2146 4568 ι)
2170 4505 2503 4566 corruperat,
2532 4499 2620 4569 qui
2664 4510 2842 4557 tamen
2872 4517 3058 4574 quarta
3112 4509 3199 4564 die
3246 4511 3437 4565 mortis
3466 4517 3751 4570 resuscita-

485 4594 696 4668 (Ibid.),
720 4599 951 4655 ostendit
974 4615 1094 4656 eum
1122 4603 1211 4672 qui
1239 4604 1500 4658 creditum
1528 4605 1627 4659 sibi
1655 4607 1838 4676 gratia:
1868 4610 2062 4664 donum

484 4689 716 4747 delicate
759 4690 1037 4763 Otioseque
1084 4697 1349 4759 tractavit,
1390 4698 1528 4752 unde
1569 4710 1620 4753 et
1671 4711 1815 4755 recte
1870 4704 2063 4757 amittit

486 4779 733 4837 collatam
780 4782 1024 4852 gratiam,
1056 4786 1179 4854 quia
1214 4802 1309 4856 per
1341 4790 1713 4859 negligentiam
1773 4793 2062 4860 praedicare

485 4874 827 4941 contempsit,
856 4882 915 4928 ut
935 4877 983 4929 ei
1015 4886 1301 4946 augeretur
1327 4881 1466 4945 quod
1516 4881 1795 4935 laboravit.
2006 4930 2007 4933 η

554 4962 678 5019 252.
709 4961 877 5020 Vidua
909 4980 1028 5033 qua:
1054 4967 1106 5021 in
1140 4970 1521 5040 gazophylacio
1551 4972 1659 5026 duo
1689 4974 1814 5039 jecit
1856 4976 2059 5027 minata

486 5052 637 5122 (Luc.
672 5057 805 5123 xm),
842 5058 1073 5112 animam
1102 5058 1317 5114 ﬁdelem
1346 5063 1677 5117 demonstrat
1720 5066 1836 5133 ejus
1880 5068 1968 5136 qui
2010 5070 2059 5121 in

486 5144 735 5200 thesauro
751 5149 929 5203 cordis
950 5150 1032 5205 sui
1062 5149 1297 5207 fructum
1316 5152 1613 5211 dilectionis
1636 5159 1723 5212 Dei
1748 5170 1800 5213 et
1832 5162 2059 5228 proximi

485 5247 682 5291 Servat.

557 5325 677 5384 255.
737 5332 974 5398 Sponsus
1025 5336 1227 5405 (Joan.
1288 5337 1365 5406 ιι)
1422 5339 1665 5397 Christus
1724 5355 1844 5408 est;
1906 5348 2059 5414 cuius

486 5424 682 5488 nuptiae
729 5438 847 5476 cum
901 5426 1139 5482 Ecclesia
1183 5431 1569 5502 celebrantur,
1628 5436 1678 5490 in
1723 5438 1874 5506 cujus
1928 5454 2059 5493 con-

486 5512 760 5581 iunctione
810 5530 941 5584 aqua
974 5519 1024 5572 in
1070 5523 1248 5576 vinum
1291 5536 1562 5592 mutatur,
1601 5528 1723 5598 quia
1775 5534 2056 5589 credentes

554 5637 869 5713 2§0L8a2pe
893 5638 985 5713 hic
1008 5657 1181 5695 crocus
1212 5659 1242 5696 a
1274 5646 1547 5701 nauvitate
1569 5688 1583 5710 ,
1633 5646 1700 5701 de
1751 5663 1855 5713 quo
1885 5663 2064 5704 sermo

484 5708 639 5763 estin
672 5709 989 5778 Evangelio,
1024 5724 1433 5781 reprazsentatur
1477 5719 1525 5771 iu
1570 5708 1928 5775 itiottumeutis
1959 5739 2051 5775 ve~

2174 4599 2279 4645 tur.
2306 4590 2482 4645 Prima
2538 4595 2682 4648 enim
2739 4596 2855 4651 dies
2903 4609 2983 4653 est
3028 4603 3236 4668 mortis,
3264 4612 3429 4659 tracta
3479 4620 3546 4661 ex
3575 4607 3745 4662 Adam

2174 4698 2406 4751 propago
2437 4687 2659 4751 mortis;
2694 4688 2862 4743 altera
2917 4691 3034 4746 dies
3062 4695 3250 4749 mortis
3282 4707 3364 4752 est
3395 4704 3749 4770 transgressio

2172 4773 2302 4845 legis
2329 4777 2620 4843 naturalis;
2655 4780 2844 4833 tertius
2868 4790 2951 4835 est
2995 4783 3111 4838 dies
3159 4788 3349 4841 tnortis
3381 4792 3748 4857 prmvaricatio

2169 4865 2307 4919 data:
2356 4866 2534 4937 legis;
2593 4880 2811 4939 quartus
2864 4872 2976 4928 dies
3024 4878 3210 4930 mortis
3262 4889 3342 4932 est
3410 4890 3749 4951 contemptus

2167 4958 2484 5025 evangelica-
2504 4961 2927 5027 praedicationis,
2962 4965 3010 5017 in
3042 4981 3148 5034 quo
3168 4967 3255 5022 die
3286 4969 3559 5039 Dominus,
3587 4987 3743 5031 suum

2166 5061 2302 5115 Opus
2342 5047 2652 5119 reSpiciens,
2686 5054 3103 5112 misericorditer
3152 5060 3472 5118 resoscitaro
3498 5064 3744 5136 dignatus

2166 5146 2271 5193 est.

2234 5253 2361 5307 242.
2402 5252 2597 5309 Servus
2648 5257 2902 5327 principis
2956 5261 3317 5331 sacerdotum,
3350 5267 3504 5335 cujus
3557 5268 3743 5324 dextra

2165 5353 2469 5411 amputatur
2510 5347 2740 5403 auricula
2778 5350 2994 5418 (Matth.
3047 5354 3227 5423 nu),
3290 5355 3618 5415 Israeliticus
3659 5371 3744 5415 est

2163 5438 2408 5505 populus,
2454 5450 2674 5508 propter
2704 5442 3129 5498 incredulitatem
3157 5460 3343 5500 servus
3372 5448 3608 5507 eﬁ'ectus.
3645 5452 3741 5506 llic

2160 5528 2432 5585 dexteram
2464 5547 2648 5588 aurem
2692 5534 2906 5599 amittit,
2939 5534 3065 5590 dum
3118 5536 3185 5591 ad
3230 5538 3500 5596 sinistram
3534 5559 3625 5610 per
3653 5544 3738 5596 in-

2203 5660 2304 5706 ter.
2359 5650 2676 5727 Chyistiarn,
2727 5657 2785 5703 ut
2825 5650 2985 5727 vidi-ri
3029 5662 3203 5727 potest
3231 5655 3369 5727 apud
3420 5657 3733 5727 Bottarium,

2166 5721 2323 5780 llom.
2356 5722 2672 5781 Subterrau.
2698 5731 2827 5777 tom.
2852 5720 2897 5789 il,
2928 5720 3046 5793 pag.
3080 5723 3201 5783 179.
3228 5726 3397 5781 Ancv.
