4108 6178
503 251 604 308 151
1387 240 1404 249 ⁷
1544 244 1601 298 S.
1645 242 1889 298 ISIDORI
1933 242 2373 299 IIISPALENSIS
2416 244 2718 302 EPISCOPI
3664 240 3764 298 I39

500 361 686 436 XLIX.
850 362 1166 431 Sophonias.
1949 358 2126 436 Addo.
3022 357 3279 436 ’Iésdras.

501 435 563 491 L.
855 427 1100 497 Ag'gmus.
1601 429 1734 481 LVI.
1953 432 2077 482 Alat

2180 465 2193 479 .
2707 429 2840 482 LXI.
3022 427 3050 436 ⁷
3065 427 3381 483 Zorobabel.

499 505 586 559 Ll.
852 502 1155 555 Zacharias.
1599 498 1754 551 LVII.
1954 498 2263 551 Zacharias.
2703 500 2858 553 LXII.
3060 498 3276 552 Esther.

500 574 609 628 LII.
853 573 1156 625 Malacltias.
1601 568 1780 623 LVIII.
1956 569 2175 621 Tobias.
2707 569 2883 622 LXIII.
3056 569 3259 622 Judith.

500 643 631 698 LIII.
850 644 1078 696 Natlian.
1594 639 1739 693 LIX.
1962 638 2096 692 Tres
2129 636 2299 704 pueri.
2711 639 2892 696 [ΛΝ.
3058 638 3368 693 Μηειιεὺειιί.

498 714 634 769 LIV.
852 712 1068 766 Achias.

1008 826 1231 881 CAPUT
1271 825 1557 881 PRIMUM.

564 917 622 973 9.
642 918 806 973 Adam
842 917 1223 985 promplastus,
1240 929 1291 972 et
1307 919 1528 971 colonus
1556 916 1811 982 paradisi,
1829 914 2079 985 princeps

496 1008 709 1063 humani
738 1008 949 1079 generis
980 1018 1034 1061 et
1060 1009 1235 1062 delicti
1265 1052 1279 1074 ,
1328 1008 1393 1062 ad
1428 1008 1707 1077 imaginem
1738 1007 1829 1061 Dei
1868 1004 2036 1060 factus
2060 1045 2076 1070 ,

496 1096 832 1155 universitati
867 1099 1136 1167 praelatus,
1172 1101 1265 1169 qui
1296 1101 1557 1154 creaturis
1589 1104 1799 1155 nomina
1824 1100 1969 1154 dedit
1994 1105 2078 1153 at-

493 1208 596 1262 que
627 1193 676 1244 in
709 1191 786 1243 cis
815 1198 1133 1258 potestatem
1166 1191 1473 1244 dominandi
1505 1191 1732 1258 accepit.

566 1284 618 1338 3.
642 1282 734 1334 llic
754 1283 806 1334 in
833 1281 1037 1335 deliciis
1058 1281 1299 1335 ﬂorentis
1326 1282 1555 1352 paradisi
1575 1282 1917 1347 constitutus,
1942 1283 2081 1336 inter

498 1373 802 1427 redolentcs
821 1381 1119 1427 aromatum
1138 1374 1316 1444 sylvas
1333 1389 1394 1425 ac
1408 1374 1683 1426 vernantia
1699 1373 1918 1427 ﬁoribus
1932 1388 2077 1437 arva,

499 1465 635 1518 ruris
650 1462 932 1527 habitator,
948 1478 1103 1517 novae
1124 1468 1244 1519 vitre
1261 1464 1450 1534 gaudia
1474 1465 1792 1535 peragebat:
1812 1465 1899 1519 ubi
1920 1466 2081 1521 tellus

497 1556 719 1609 fecunda
751 1555 889 1608 viret
920 1565 1178 1624 perpetuo
1205 1570 1352 1622 vere,
1387 1556 1477 1609 ubi
1499 1553 1618 1609 fons
1643 1556 1932 1610 decurrens
1952 1570 2084 1626 qua-

496 1646 689 1701 driﬂuo
721 1646 915 1699 labitur
942 1661 1119 1700 amne.

571 1733 624 1789 4.
659 1734 762 1788 Sed
791 1745 1066 1805 postquam
1102 1737 1368 1805 serpentis
1394 1735 1541 1800 dolo,
1574 1736 1753 1806 lingua
1782 1738 1940 1791 etiam
1969 1738 2082 1807 pol-

495 1824 634 1879 lutus
665 1825 914 1891 feminea,
942 1843 1035 1893 per
1050 1836 1245 1881 tactum
1265 1826 1410 1897 ligni,
1437 1829 1536 1882 loci
1564 1821 1937 1883 beatittmt'nem
1962 1844 2083 1898 pro-

496 1914 695 1971 fanavit
720 1961 733 1984 ,
769 1919 1015 1985 paradiso
1048 1917 1316 1987 projectus
1337 1958 1352 1983 ,
1382 1928 1578 1972 terram
1611 1921 1851 1973 sentibus
1903 1920 2085 1988 squal-

494 2007 691 2063 lentem
756 2010 1034 2078 operarius
1078 2023 1296 2077 gemens
1329 2009 1568 2062 incoluit.
1623 2009 1937 2077 Amissaquc
1986 2010 2087 2062 im-

493 2099 855 2165 mortalitate,
910 2100 961 2152 in
1016 2101 1330 2167 pulverem,
1371 2100 1513 2153 unde
1566 2102 1744 2153 carnis
1784 2110 2085 2167 sumpserat

493 2199 666 2242 ortum
695 2231 710 2254 ,

493 2279 635 2342 ginta
663 2277 845 2332 rediit.
879 2279 1011 2331 llinc
1061 2278 1168 2345 jam
1229 2277 1385 2348 154
1440 2280 1723 2346 posteritas
1767 2279 1816 2330 in
1862 2280 2087 2334 crimine

493 2372 648 2439 hujus
684 2372 923 2439 parentis
953 2370 1191 2426 exsulem
1218 2385 1276 2423 se
1302 2371 1548 2436 paradiso
1577 2371 1764 2424 factam
1785 2412 1800 2435 ,
1829 2386 1891 2425 ac
1919 2371 2085 2426 labori

495 2460 760 2527 mortique
789 2462 1059 2513 subactam
1094 2444 1369 2527 ingemuit.

565 2550 617 2604 5.
652 2549 904 2618 Sepultus
946 2559 1030 2603 est
1083 2559 1262 2603 autem
1298 2552 1348 2603 in
1382 2552 1497 2604 loco
1528 2551 1703 2605 Arbee
1730 2594 1744 2617 ,
1791 2553 1878 2620 qui
1937 2553 2085 2607 locus

498 2654 694 2693 nomen
744 2658 771 2692 a
826 2656 1047 2695 numero
1099 2645 1345 2711 sumpsit,
1396 2643 1497 2696 hoc
1544 2652 1623 2697 est
1656 2651 1911 2710 quatuor;
1963 2661 2083 2696 nam

503 2741 611 2784 tres
640 2731 952 2799 patriarcha:
994 2733 1187 2785 ibidem
1239 2742 1362 2786 sunt
1405 2734 1618 2801 sepulti,
1669 2742 1723 2787 et
1754 2733 1837 2787 hic
1866 2746 2085 2802 quartus

494 2822 876 2877 Adam.'Distat
902 2833 1075 2878 autem
1107 2826 1249 2878 locus
1283 2825 1382 2878 iste
1413 2840 1514 2878 non
1537 2826 1718 2894 procul
1748 2827 1814 2879 ab
1849 2826 2082 2891 llebron,

493 2918 772 2983 m--tropoli
824 2919 957 2971 urbe
992 2917 1396 2991 Allophylorum
1424 2962 1438 2985 ,
1476 2920 1526 2971 in
1576 2934 1679 2987 qua
1720 2920 1886 2973 lertur
1916 2935 2087 2987 quon-

489 3007 609 3058 dam
670 3005 837 3062 fuisse
882 3009 1137 3065 habitatio
1167 3014 1434 3079 gigantum
1462 3049 1478 3075 ,
1520 3010 1607 3062 ubi
1658 3012 1817 3064 etiam
1844 3020 1894 3064 et
1920 3011 2081 3065 David

490 3107 671 3164 postea
724 3112 912 3152 unctus
954 3108 1035 3153 est
1061 3102 1111 3153 in
1147 3116 1349 3170 regem.
1379 3102 1469 3154 Est
1499 3112 1676 3155 autem
1706 3102 1894 3155 civitas
1922 3106 2084 3157 scrtis

488 3189 637 3243 Juda:
667 3188 719 3242 in
752 3189 1121 3243 sacerdodbus
1150 3200 1395 3257 separata
1416 3236 1430 3258 ,
1464 3192 1670 3245 distans
1699 3191 1764 3245 ad
1791 3192 2080 3248 australem

489 3278 693 3347 plagam
725 3278 953 3335 millibus
988 3296 1091 3333 un
1125 3281 1192 3334 ab
1223 3281 1573 3336 llierusalcm.

1123 3392 1352 3446 CAPUT
1391 3393 1452 3446 Il.

1123 3393 1255 3446 CAP
1292 3394 1352 3446 ’Τ
1391 3393 1452 3446 ll.

564 3480 618 3533 6.
636 3480 767 3534 Abel
791 3481 930 3535 ﬁlius
945 3482 1109 3535 Adam
1126 3494 1174 3536 et
1200 3393 1379 3552 patior
1392 3483 1592 3549 ovium,
1610 3484 1659 3536 in
1677 3484 1781 3537 vita
1801 3484 2078 3552 irinccens,

2108 827 2157 882 Α
2186 827 2381 879 meruit
2424 828 2477 881 in
2510 840 2629 880 eum
2674 825 2849 881 locum
2881 825 3157 881 transferri
3204 827 3389 881 vivens
3426 826 3565 880 unde
3599 824 3765 881 fuerat

2185 918 2554 986 protoplastus
2598 917 2870 984 expulsus.
2903 917 3154 972 Sublatus
3183 928 3264 970 est
3300 928 3476 971 autem
3508 932 3768 969 armorqu

2184 1015 2543 1061 trecentorum
2564 1008 2841 1077 sexaginta
2857 1009 3111 1077 quinque.
3131 1007 3305 1060 Manet
3325 1016 3500 1061 autem
3516 1008 3770 1061 hactenus

2183 1098 2238 1152 in
2268 1114 2534 1168 corpore;
2568 1101 2619 1153 in
2650 1098 3110 1154 consummatione
3153 1098 3337 1151 mundi
3372 1098 3613 1152 restituet
3636 1098 3767 1169 [ΑΜ

2183 1190 2362 1245 saeculi
2378 1191 2684 1263 restituens]
2699 1208 2818 1246 cum
2836 1192 2945 1245 Elia
2958 1192 3234 1244 mortalem
3248 1189 3370 1244 vitae
3381 1190 3768 1251 conditionem.

2663 1286 2824 1355 155
2879 1283 3102 1337 carur
3143 1283 3232 1337 tv.
3778 1352 3781 1355 λ

2258 1375 2311 1429 8.
2339 1374 2449 1431 Noe
2472 1375 2613 1430 ﬁlius
2652 1376 2903 1443 Lamcch,
2929 1376 3166 1430 decimus
3197 1375 3263 1429 ab
3291 1374 3481 1440 Adam,
3507 1373 3770 1428 secundus

2188 1476 2339 1534 pater
2357 1467 2502 1521 orbis
2529 1476 2691 1535 atque
2714 1466 3229 1535 reparator,justitia
3257 1466 3499 1535 insignis,
3533 1464 3770 1533 longani-

2186 1556 2352 1610 misin
2380 1571 2497 1625 8pc,
2519 1558 2734 1625 sapiens
2755 1557 2805 1610 in
2833 1572 3013 1625 opere,
3046 1558 3190 1609 Solus
3209 1558 3258 1610 in
3286 1554 3648 1623 terrisjustus.
3668 1555 3772 1631 Isto

2182 1646 2362 1714 jussus
2377 1663 2554 1701 arcam
2576 1648 2835 1711 condidit,
2857 1647 3161 1701 admonitus
3180 1647 3435 1712 introivit,
3455 1662 3550 1700 nec
3568 1646 3772 1701 horruit

2188 1738 2524 1792 turbulentos
2547 1739 3080 1800 diluv-iillnctus,nec
3110 1737 3345 1806 fragores
3373 1737 3766 1800 ventorum,ch
3848 1752 3855 1759 ’

2193 1844 2464 1882 murmura
2486 1829 2608 1883 caeli
2639 1828 2869 1897 expavit,
2886 1838 3228 1897 gestaturqne
3245 1843 3338 1897 per
3359 1844 3407 1898 p:
3423 1827 3642 1894 ocellas,
3674 1843 3772 1880 nec

2196 1920 2474 1988 mergitur,
2532 1922 2870 1988 serpentibus
2898 1921 3134 1974 sociatur
3164 1929 3215 1973 et
3246 1918 3453 1983 bestiis,
3482 1933 3577 1972 nec
3605 1926 3770 1971 terre-

2192 2020 2310 2074 tur;
2347 2011 2429 2063 cui
2463 2012 2588 2064 fera:
2617 2010 2753 2065 colla
2783 2010 3100 2065 submittunt
3126 2052 3141 2077 ,
3172 2010 3326 2063 alites
3353 2010 3695 2062 famulantur.

2262 2103 2314 2154 9.
2374 2101 2614 2170 Namque
2656 2116 2810 2155 avem
2862 2101 3048 2164 misit,
3113 2100 3422 2153 redeuntem
3478 2100 3768 2163 Sustinuit,

768 2199 887 2257 post
955 2204 1167 2243 cursum
1234 2203 1491 2252 annorum
1548 2199 1932 2258 nongentarum
1995 2192 2090 2242 tri-
2124 2189 2164 2247 Β
2195 2193 2285 2246 sed
2330 2193 2532 2261 perlida
2584 2192 2769 2247 fraude
2816 2193 2959 2246 corvi
2994 2192 3290 2265 decipitur,
3336 2190 3628 2244 ministerio
3675 2202 3768 2242 co-

2193 2284 2385 2338 lumba:
2440 2285 2696 2353 gestantis
2741 2299 2838 2337 ore
2886 2299 3089 2336 ramum
3122 2283 3367 2352 paciferrc
3411 2280 3617 2335 arboris
3645 2279 3770 2335 edo-

2189 2385 2360 2429 cetur.
2399 2376 2777 2444 Reseratisque
2809 2373 3014 2429 foribus
3064 2390 3205 2428 arca:
3261 2376 3458 2428 bes;ias
3500 2384 3552 2427 et
3579 2382 3770 2427 concta

2189 2469 2475 2520 animantia
2524 2483 2616 2536 per
2663 2476 2868 2536 septem
2915 2466 3028 2520 dies
3073 2467 3223 2520 abire
3269 2468 3613 2532 permittens,
3652 2468 3771 2534 ipse

2190 2558 2528 2628 postmodum
2559 2572 2807 2625 egressus
2832 2571 2955 2610 cum
2991 2556 3195 2621 liberis,
3224 2557 3391 2609 Deum
3418 2555 3686 2609 collaudat
3707 2569 3769 2610 ac

2191 2650 2344 2701 laetus
2376 2647 2617 2702 victimas
2649 2648 2907 2701 immolat.
2941 2645 3105 2715 Cujus
3135 2660 3312 2700 arcam
3364 2656 3571 2698 veteres
3620 2661 3767 2700 rese-

2188 2742 2335 2795 disse
2369 2750 2631 2795 ICaIRIIIUI'
2675 2742 2726 2793 in
2772 2740 3024 2795 Armenia
3067 2755 3228 2808 super
3275 2747 3484 2791 montes
3518 2738 3768 2793 Ararath.

2189 2831 2285 2886 llic
2313 2835 2721 2902 nongentesimo
2751 2832 3194 2901 quinquagesimo
3223 2845 3362 2883 anno
3393 2838 3635 2884 mortuus
3664 2841 3766 2885 est.

2813 2921 3040 2975 CAPUT
3087 2921 3150 2977 V.

2260 3014 2352 3068 10.
2380 3013 2766 3068 Melchisedech
2788 3027 2875 3066 rex
2905 3012 3103 3076 Salem,
3128 3010 3375 3065 sacerdos
3404 3010 3495 3066 Dei
3523 3006 3766 3065 altissimi

2190 3104 2416 3173 primus,
2438 3104 2653 3173 verique
2676 3105 2884 3157 oblator
2906 3103 3176 3166 sacriﬁcii,
3196 3102 3349 3171 cujus
3368 3118 3417 3156 or
3433 3102 3516 3169 igo
3536 3112 3763 3153 seeieta.

2186 3197 2338 3252 Hunc
2368 3210 2488 3250 esse
2531 3196 2682 3249 aiunt
2726 3192 2937 3249 Hebraei
2969 3193 3094 3249 Sent
3153 3193 3557 3263 primogenilum
3609 3189 3721 3243 Noe
3748 3232 3762 3257 ,

2189 3291 2436 3343 Iritavum
2470 3290 2720 3343 Abrahae.
2752 3290 2871 3357 Ipse
2897 3298 2979 3343 est
3005 3288 3147 3342 enim
3181 3296 3330 3356 pater
3368 3294 3575 3356 patrum
3595 3326 3610 3349 ,
3640 3300 3767 3354 pro-

2188 3384 2466 3452 phetarum
2500 3392 2546 3437 et
2580 3383 2941 3453 apostolorum
2973 3382 3145 3452 origo,
3176 3381 3289 3449 ipse
3310 3393 3389 3434 εει
3416 3378 3504 3447 qui
3526 3388 3769 3447 paternis

2189 3476 2401 3541 pietatis
2428 3475 2821 3539 benedictione,
2841 3474 3087 3528 dominus
3108 3474 3286 3528 fratris
3305 3486 3423 3527 esse
3444 3475 3763 3541 promeruit.

493 3572 545 3624 in
580 3582 751 3626 morte
782 3573 1009 3642 patiens,
1038 3584 1155 3642 post
1187 3585 1409 3629 mortem
1453 3591 1557 3628 non
1586 3576 1769 3641 silens,
1802 3578 1851 3628 in
1881 3587 2077 3647 marty-

2188 3568 2397 3633 Quique
2418 3568 2589 3622 versis
2614 3567 2865 3620 incedens
2890 3566 3128 3636 vestigiis
3152 3566 3314 3633 patris
3337 3563 3585 3634 genitalia
3612 3563 3767 3630 texit,

445 3688 449 3699 ν
490 3662 573 3717 rio
604 3663 828 3731 primus,
865 3664 915 3717 in
946 3666 1250 3718 obcdientia
1281 3680 1548 3729 summus,
1580 3666 1632 3719 in
1663 3651 1945 3720 sacriﬁciis
1967 3666 2077 3721 Deo

489 3756 703 3822 placens
726 3795 741 3820 ,
779 3756 830 3809 in
862 3756 1067 3810 meritis
1097 3755 1248 3811 fratri
1276 3755 1594 3825 displicens;
1628 3773 1785 3825 quem
1812 3756 1944 3810 Cain
1975 3761 2075 3811 im-

487 3844 624 3914 pius,
648 3858 700 3900 et
726 3848 987 3915 parricida
1014 3863 1201 3911 novus,
1230 3849 1539 3903 stimulante
1564 3848 1759 3901 invidia
1783 3848 2067 3903 innocuum

485 3933 630 3989 ferro
654 3938 887 3989 nondum
916 3940 1179 4008 sanguine
1203 3939 1469 3991 maculato
1493 3939 1796 4006 prostravit,
1824 3953 1945 3992 cum
1967 3939 2065 3992 ad-

488 4026 591 4079 huc
630 4026 890 4081 innocens
930 4028 1130 4082 ferrum
1170 4029 1378 4083 cruoris
1431 4029 1646 4085 humani
1702 4029 1907 4085 facinus
1960 4043 2067 4084 non

486 4117 727 4173 haberet.

1097 4209 1322 4266 CAPUT
1362 4212 1449 4265 111.

563 4302 615 4355 7.
645 4300 824 4354 Ennch
869 4300 1004 4355 ﬁlius
1027 4301 1206 4367 .lared,
1241 4305 1503 4371 septimus
1532 4303 1598 4355 ab
1629 4288 1821 4367 Adam,
1855 4304 2070 4371 placens

486 4391 624 4457 Deo,
651 4394 912 4446 malorum
946 4396 1182 4459 nescius,
1218 4394 1405 4447 mortis
1437 4394 1684 4462 ignarus,
1714 4393 1805 4463 qui
1833 4396 2070 4448 scelera-

490 4494 663 4539 torum
698 4485 971 4540 hominum
1004 4504 1107 4541 non
1143 4489 1319 4542 ferens
1347 4491 1622 4556 angustias
1646 4531 1660 4553 ,
1696 4503 1723 4539 a
1754 4487 2069 4556 perniciosis

486 4576 848 4632 contractibus
898 4568 1030 4644 [Al.,
1073 4577 1425 4651 contactibus]
1476 4577 1661 4631 tnundi
1702 4578 2065 4643 subSIractus,

558 4738 613 4792 5.
640 4735 869 4799 Recepta
900 4735 1036 4803 apud
1060 4744 1269 4789 veteres
1292 4746 1408 4801 post
1432 4735 1743 4804 Origenem,
1769 4743 1823 4786 et
1852 4731 2069 4800 probata
2102 4733 2153 4792 D

493 4808 592 4861 fuit
622 4806 801 4874 opinio
832 4805 1090 4858 Adamum
1118 4805 1279 4859 fuisse
1320 4803 1584 4873 sepultum
1631 4809 1680 4856 in
1726 4815 1908 4857 monte
1941 4803 2067 4855 Cal-

487 4880 670 4946 varitr,
704 4878 755 4928 in
781 4890 885 4943 quo
911 4876 1069 4929 etiam
1094 4878 1383 4929 excitatum
1412 4877 1666 4929 sacellum
1694 4883 1797 4933 est,
1823 4874 1998 4946 cultui
2018 4882 2072 4925 et

484 4944 818 5003 venerationi
881 4949 1068 5000 Adami
1138 4958 1531 5000 consecratum.
1596 4946 1727 4999 Vide
1785 4944 2071 5007 Bulland.,

485 5031 615 5072 tom.
650 5017 712 5071 ιν
750 5017 929 5081 Febr.,
958 5032 1076 5085 pag.
1102 5013 1226 5070 449.
1252 5016 1590 5070 Traditioues
1623 5014 1941 5068 IIabbinicas
1960 5016 2071 5085 ,Ade

485 5090 659 5143 Arbee
678 5090 922 5149 sepulcro
939 5083 1149 5150 Adatni,
1166 5085 1457 5151 Abraham,
1478 5088 1623 5140 Isaac
1636 5096 1691 5138 et
1705 5085 1889 5141 Jacob.
1908 5101 1962 5138 re
1972 5083 2074 5137 fert

484 5161 700 5212 sanctus
732 5154 1107 5226 Hieronymus,
1130 5155 1332 5220 Quaest.
1355 5156 1519 5210 Hebr.
1540 5157 1593 5209 in
1614 5155 1870 5210 Gcnesin.
1899 5158 2070 5207 Ansv.

560 5227 615 5279 6.
662 5230 779 5292 Quo
815 5228 1171 5281 instrumento
1197 5240 1406 5279 OCCISUS
1441 5227 1598 5279 luerit
1630 5228 1757 5280 Abel
1784 5229 2062 5280 incertum.

486 5294 728 5351 Pictores
759 5297 1059 5352 mandibnla
1090 5306 1353 5350 armatum
1382 5297 1605 5349 Cainum
1634 5308 1818 5350 contra
1849 5294 2066 5350 fratrem

496 5367 811 5433 plerumque
843 5369 1116 5432 exhibent,
1149 5368 1246 5422 sed
1277 5368 1424 5420 nullo
1458 5381 1676 5435 prorsus
1696 5366 2064 5421 fundamento.

494 5436 815 5490 Prudentius
859 5438 1071 5491 sarculo
1103 5438 1322 5492 Abelem
1378 5438 1715 5490 interfectum
1771 5438 1962 5491 asserit
2013 5435 2065 5489 in

492 5507 698 5576 praefat.
751 5504 1180 5575 Hamartigeniaz,
1228 5522 1372 5561 vers.
1425 5507 1515 5571 16,
1566 5521 1725 5576 quem
1774 5507 1838 5558 ad
1892 5507 2065 5561 locum

492 5576 650 5655 plura
690 5576 742 5655 i_n
772 5576 908 5655 hanc
948 5592 1058 5631 rem
1094 5594 1158 5632 ex
1188 5578 1562 5647 interpretibus
1584 5593 1749 5633 sacra:
1779 5581 2066 5646 Scriptura:

490 5645 737 5702 indicitvi.
772 5645 940 5700 AIEY.

2184 3674 2282 3713 nec
2311 3659 2502 3713 derisit
2530 3660 2760 3725 ebrium,
2794 3669 2850 3712 ut
2882 3673 3077 3726 procax
3109 3667 3162 3712 et
3191 3656 3448 3726 reprobus
3480 3655 3637 3723 ﬁlius,
3666 3654 3767 3710 scd

2178 3750 2394 3814 velavit,
2428 3759 2484 3803 ut
2509 3750 2865 3804 verecundus.

2250 3839 2337 3893 ll.
2371 3838 2523 3893 Unde
2537 3839 2816 3905 accidit,in
2844 3841 2962 3910 lege
2985 3839 3285 3895 Judtcorum
3310 3846 3562 3908 parentes
3584 3852 3615 3889 a
3640 3836 3766 3891 ﬁliis

2171 3950 2438 4005 nunquam
2471 3935 2633 3989 videri
2668 3937 2917 3990 nudatos.
2951 3936 3057 3990 Iste
3079 3935 3304 3988 Abraha:
3337 3949 3441 3987 rev:
3465 3932 3620 3987 rtenti
3646 3942 3766 4000 post

2172 4029 2449 4081 vietoriam
2477 4026 2774 4091 benedixit,
2801 4027 2939 4081 idetn
2964 4028 3013 4080 in
3039 4036 3163 4094 typo
3181 4025 3288 4078 veri
3310 4022 3555 4079 sacrificii
3576 4025 3641 4078 de
3659 4022 3765 4077 fru-

2172 4118 2241 4187 gil
2265 4133 2327 4171 us
2352 4129 2507 4172 terra:
2537 4120 2684 4187 prior
2718 4133 2901 4183 panem
2925 4130 2977 4171 et
3002 4117 3158 4188 156
3180 4118 3359 4171 vinum
3394 4117 3505 4172 Deo
3534 4117 3760 4171 hostiam

2173 4207 2385 4271 obtulit,
2410 4211 2530 4277 quia
2562 4208 2917 4263 sacerdotium
2948 4221 3001 4264 et
3033 4224 3252 4278 regnum
3283 4224 3407 4263 vere
3439 4208 3760 4277 primogeni-

2179 4301 2243 4353 tis
2262 4299 2580 4365 debebatur,
2606 4311 2887 4368 antequam
2910 4305 3090 4356 Aaron
3116 4303 3415 4356 sacerdotio
3435 4303 3764 4369 fungeretur.

2246 4390 2332 4443 Ii.
2370 4391 2464 4444 Iltc
2491 4393 2651 4446 etiam
2684 4394 2825 4460 prior
2847 4393 3081 4446 omnium
3130 4402 3247 4461 post
3290 4392 3545 4446 diluvium
3576 4391 3765 4445 urbem

2176 4484 2350 4541 Salem
2375 4488 2646 4554 condidit,
2674 4490 2724 4542 in
2744 4503 2844 4557 qua
2874 4491 3033 4543 etiam
3062 4497 3116 4543 et
3141 4487 3402 4557 regnavit,
3436 4501 3553 4555 qua:
3578 4494 3766 4553 postea

2175 4578 2339 4633 .Iebus
2367 4580 2484 4636 sive
2507 4582 2722 4653 Solyma
2764 4581 2902 4636 dicta
2939 4592 3051 4646 est,
3080 4588 3131 4635 et
3171 4594 3311 4634 nunc
3334 4578 3571 4633 derivato
3591 4591 3770 4631 voca-

2178 4803 2219 4857 A
2252 4730 2393 4786 Ibid.
2425 4733 2578 4803 Apud
2613 4734 2868 4788 Grialium
2897 4742 2975 4787 est
2996 4732 3309 4786 substraclus
3332 4745 3429 4799 pro
3449 4726 3762 4785 subtractus.

2228 4819 2348 4856 nev.

2228 4819 2348 4856 RI‘ZV.

2248 4875 2300 4927 9.
2334 4873 2568 4928 Mari-hin
2597 4875 2829 4929 Joannes
2857 4874 2925 4927 de
2953 4873 3170 4938 Serpos,
3208 4871 3296 4937 qui
3347 4884 3445 4937 pro
3486 4869 3764 4923 Armeno-

2174 4959 2291 4997 rum
2324 4944 2710 4998 catholicorum
2742 4958 2901 4999 causa
2930 4944 3168 4997 eruditos
3197 4941 3482 4995 nonnullos
3506 4941 3672 4993 libros
3703 4940 3768 4994 in

2176 5016 2363 5083 vulgus
2392 5015 2577 5081 edidit,
2603 5016 2810 5069 autedi
2859 5015 3085 5076 curavit,
3117 5016 3169 5066 in
3215 5011 3551 5083 Compendio
3590 5010 3767 5063 his'o-

2176 5080 2291 5137 rico
2338 5088 2626 5149 Armeniae,
2675 5083 2765 5138 lib.
2797 5099 2835 5151 ι,
2887 5099 3035 5138 num.
3078 5086 3142 5148 6,
3185 5093 3428 5135 auctores
3470 5080 3630 5135 refert
3663 5084 3768 5148 qui

2175 5154 2436 5223 reliquias
2463 5170 2601 5208 arcae
2625 5157 2736 5208 Noe
2764 5154 2939 5208 adhuc
2960 5155 3013 5207 iu
3035 5162 3213 5208 monte
3238 5153 3463 5204 Ararath
3488 5166 3699 5204 asserva
3711 5156 3769 5203 rt

2176 5225 2526 5279 contendunt.
2551 5229 2720 5278 Ansv.

2248 5295 2336 5348 10.
2372 5294 2587 5350 Hieron.
2611 5336 2626 5360 ,
2647 5297 2807 5363 epist.
2838 5294 2901 5347 ad
2926 5294 3229 5362 Evagrium.
3263 5291 3528 5354 Isidorus,
3557 5305 3621 5341 xv
3654 5288 3764 5342 lib.

2172 5364 2503 5433 Etymnlog.,
2535 5380 2652 5432 cap.
2688 5369 2740 5418 1.
2768 5364 2933 5417 Fonr.
3120 5429 3143 5433 Α
3264 5432 3267 5433 ν
3547 5428 3583 5433 __
3723 5386 3731 5392 '

2246 5428 2388 5487 Ibid.
2412 5428 2681 5503 Aliegatur
2733 5438 2783 5487 in
2816 5433 3062 5486 Edizinne
3109 5429 3293 5486 Grialii
3324 5433 3415 5486 lib.
3450 5446 3513 5485 xv
3544 5428 3767 5503 Etyma

2171 5520 2221 5561 c.
2259 5506 2312 5569 l,
2340 5520 2445 5572 quo
2472 5500 2589 5559 loco
2626 5505 2766 5558 nulla
2812 5508 2880 5558 de
2928 5503 3354 5557 Melchisedecho
3397 5501 3625 5560 mentio;
3680 5500 3772 5572 de

2174 5591 2281 5645 quo
2299 5567 2495 5630 tamen
2524 5576 2698 5644 agitur
2730 5574 2819 5628 lib.
2849 5589 2942 5637 vn,
2974 5587 3091 5642 cap.
3120 5575 3172 5637 ti,
3206 5585 3255 5627 et
3284 5572 3374 5627 lib.
3406 5586 3519 5635 vm,
3544 5583 3660 5638 cap.
3687 5567 3764 5627 5.

2173 5652 2347 5702 Anev.
