4104 6172
410 172 516 227 155

408 378 720 446 perduravit
751 392 920 447 usque
937 376 1001 431 ad
1031 378 1481 447 septuagesimum
1515 380 1691 434 aetatis
1717 380 1865 434 lsaac
1899 396 1995 433 au-

396 484 535 522 nuiu
563 508 578 527 ,
607 477 958 536 mortuusque
988 477 1074 523 est
1110 482 1172 524 ac
1200 470 1439 539 sepultus
1466 470 1519 525 in
1547 470 1761 527 civitate
1787 485 1882 526 sua
1906 472 1997 528 Je-

406 560 666 613 rusaleut.

1018 652 1247 708 CAPUT
1289 652 1377 707 VI.

478 740 849 798 13.Abraham
874 752 1024 808 pater
1046 745 1312 813 gentium,
1343 744 1483 799 lilius
1502 744 1703 814 Thare,
1734 748 1801 801 de
1824 749 1995 816 stirpe

397 830 554 899 Sent,
572 833 785 887 natione
798 833 1099 899 Chaldaeus,
1117 836 1220 891 fide
1236 838 1452 905 primus,
1479 838 1627 893 ex5ul
1642 850 1991 908 spontaneus,

397 924 667 978 obediens
695 925 748 978 in
772 925 1076 993 pra‘ceptis,
1094 928 1346 982 credulus
1380 930 1431 981 in
1466 931 1764 996 promissis,
1792 946 1993 999 pauper

398 1014 453 1070 in
488 1019 685 1085 patria,
718 1018 769 1071 in
802 1020 1230 1089 peregrinatione
1248 1020 1503 1089 locuples,
1523 1023 1575 1075 in
1601 1023 1797 1089 praeliis
1826 1024 1995 1077 victo-

397 1110 605 1167 riosus.
634 1109 685 1162 in
706 1109 927 1163 victoria
958 1124 1063 1164 non
1091 1126 1299 1164 avarus.
1324 1110 1497 1181 Reges
1520 1112 1750 1181 quinque
1769 1128 1990 1181 supera-

397 1198 499 1263 vit,
530 1208 584 1252 et
613 1199 798 1264 spoliis
828 1200 1007 1265 exuit,
1056 1200 1429 1270 captivumque
1456 1210 1728 1270 parentem
1762 1203 1987 1256 reduxit.

480 1290 570 1346 M.
614 1291 690 1344 Eo
717 1306 956 1346 summus
988 1302 1045 1347 ut
1071 1292 1386 1346 Trinitatem
1415 1295 1467 1347 in
1513 1304 1639 1365 typo
1682 1294 1909 1358 videret,
1938 1304 1994 1349 et

397 1383 668 1435 unitatem
709 1383 763 1437 in
814 1384 1071 1453 mysterio
1114 1392 1491 1451 veneraretur;
1534 1400 1599 1439 eo
1630 1384 1824 1448 ﬁdelis,
1853 1393 1913 1440 ut
1941 1386 1991 1440 in

401 1475 679 1543 promisso
704 1489 900 1544 genere
924 1484 1109 1530 contra
1135 1489 1287 1544 spem
1319 1483 1523 1530 natura:
1553 1476 1663 1531 Deo
1690 1476 1940 1531 crederet
1973 1492 1987 1529 :

398 1563 539 1617 adeo
590 1565 769 1632 justus
818 1574 978 1634 atque
1022 1565 1291 1633 devotus,
1341 1575 1399 1621 ut
1439 1566 1819 1637 indulgentiam
1850 1567 1988 1621 unici

1541 177 1631 232 DE
1669 176 1850 234 ORTU
1895 180 1983 235 ET
2022 182 2221 239 OBITU
2268 185 2564 245 PATRUM.

408 288 541 344 bule
567 286 903 357 Jcrosolyma
936 288 1241 353 vocitatur;
1270 286 1397 342 vixit
1424 290 1579 343 annis
1611 290 1909 355 sexcentis,
1941 301 1995 345 et
2022 298 2073 355 Α

3579 199 3679 251 {Si

2697 299 2920 354 CAPUT
2957 302 3085 356 \"lll.

2177 382 2261 437 i8.
2280 383 2784 450 Jacobﬁliuslsaac,
2812 401 2965 446 natus
3000 393 3049 446 in
3082 402 3218 447 terra
3236 394 3514 460 Chanaan.
3540 398 3677 453 dile-

2099 478 2215 523 ctus
2246 474 2450 539 matris,
2476 475 2845 544 supplantator
2875 478 3073 548 fratris,
3106 481 3318 538 humilis
3348 501 3560 555 quoque
3580 529 3595 551 ,
3624 496 3678 541 et

2098 560 2323 629 simplex
2352 602 2366 625 ,
2407 573 2460 617 et.
2491 565 2826 620 innocentem
2870 570 3111 625 habitans
3169 572 3406 630 domum.
3454 578 3548 631 llic
3579 593 3676 631 au-

2100 660 2249 719 tem,
2307 666 2579 725 postquam
2632 660 2968 728 primogeniti
3032 667 3299 734 p'aaripuit
3344 667 3677 723 benedictio-

2099 756 2239 807 uem,
2268 745 2502 800 obedivit
2531 749 2716 811 matri,
2751 759 2805 803 et
2832 748 3080 805 fraternas
3108 754 3390 809 iracundia:
3420 760 3678 825 patienter

2096 834 2281 898 Cessit,
2314 838 2644 907 patriamque
2685 849 2739 892 ct
2769 851 3016 908 parentes
3045 845 3387 914 relinquens,
3419 852 3565 903 exsul
3596 853 3677 905 ef-

2099 924 2268 980 fertus
2294 930 2603 984 servitutem
2655 930 2866 1001 longam
2916 934 3187 999 sustinuit,
3241 937 3473 993 laborem
3525 942 3679 996 fatuis

2098 1019 2317 1085 pertulit
2349 1031 2402 1075 et
2430 1021 2660 1092 frigoris,
2694 1025 2917 1078 servivit
2949 1041 3160 1091 socero,
3184 1037 3237 1081 ut
3272 1042 3451 1098 pastor
3480 1050 3677 1089 merce-

2096 1112 2276 1165 narius
2309 1114 2449 1180 pavit
2476 1130 2712 1184 gregem,
2757 1130 3076 1186 exspecmns
3131 1136 3236 1175 non
3291 1123 3357 1175 ile
3414 1124 3676 1181 divisione

2094 1201 2186 1254 sed
2217 1203 2281 1255 de
2310 1205 2485 1274 gregis
2513 1205 2663 1259 lucro
2710 1208 3047 1274 mercedem;
3096 1213 3183 1279 qui
3233 1228 3454 1284 peregre
3503 1216 3676 1283 profc-

2094 1300 2231 1357 ctus,
2285 1294 2409 1346 dum
2465 1297 2739 1351 consortio
2794 1309 2976 1368 egeret
3028 1301 3321 1373 hominum,
3366 1306 3672 1362 comitatum

2096 1381 2286 1434 meruit
2316 1385 2649 1451 angelorum.

2168 1471 2255 1525 l9.
2288 1473 2383 1527 llic
2435 1475 2662 1531 Domino
2712 1479 3030 1535 colluctatus
3077 1484 3375 1551 prtevaluit,
3408 1485 3491 1539 hic
3541 1488 3675 1544 facio

2092 1560 2157 1612 ad
2186 1559 2374 1615 faciem
2410 1563 2575 1618 Deum
2608 1567 2764 1634 vidit;
2794 1569 2880 1623 hic
2910 1572 3062 1625 famis
3090 1574 3261 1642 inopia
3295 1578 3508 1643 pulsus,
3550 1594 3671 1633 cum

397 1655 644 1723 pignoris
673 1654 937 1709 divinitati
966 1671 1070 1710 non
1102 1665 1471 1727 praeponeret;
1499 1657 1592 1711 sed
1618 1657 1990 1712 incunctanter
2022 1665 2064 1722 B
2094 1651 2345 1716 Drmiam
2370 1657 2628 1721 Progenie
2657 1659 2925 1726 ingressus
2944 1672 3026 1715 est
3051 1662 3100 1715 in
3126 1664 3436 1734 Atlgypmm.
3473 1668 3667 1722 Emen-

395 1748 732 1816 praicipienti
764 1763 958 1816 parens
987 1750 1052 1803 ad
1086 1751 1467 1806 immolandum
1513 1752 1677 1807 ﬁlium
1711 1752 1989 1821 religiosus

394 1838 667 1908 parricida
702 1838 876 1907 gladio
901 1837 1176 1894 dexteram
1200 1850 1457 1900 armaret.

472 1930 563 1983 15.
581 1926 821 1994 Quidum
840 1928 1338 1995 distrinxitferrum,
1359 1931 1572 1986 unicum
1601 1946 1791 2001 pignus
1814 1933 1867 1986 in
1881 1933 1981 1986 vic-

395 2021 587 2075 timam
618 2020 895 2076 oblaturus
918 2061 934 2088 ,
959 2037 1058 2077 nec
1103 2033 1298 2077 natum.
1320 2025 1568 2092 perdidit,
1616 2040 1715 2080 nec
1757 2025 1985 2079 hostiam

392 2110 598 2164 amisit.
624 2110 819 2165 Filium
846 2112 987 2165 enTm
1012 2111 1063 2165 iu
1092 2114 1412 2170 sacrificium
1432 2114 1656 2182 obtulit,
1683 2122 1737 2170 et
1761 2114 1984 2169 arietem

394 2215 495 2268 pro
522 2198 634 2255 ﬁlio
656 2200 970 2256 immolavit.
1007 2202 1146 2258 Vixit
1174 2215 1352 2259 autem
1393 2214 1608 2260 centum
1650 2221 1745 2277 sep
1772 2208 1985 2277 uagiuta

390 2292 633 2360 quinque
654 2307 844 2357 annos,
869 2296 1211 2366 sepultusque
1225 2307 1307 2352 est
1328 2298 1379 2352 in
1396 2313 1525 2369 agro
1543 2298 1777 2369 Ephron,
1794 2301 1844 2353 iu
1863 2314 1984 2369 Spe-

391 2384 558 2437 lunca
585 2384 782 2451 duplici
813 2386 864 2439 in
895 2386 1048 2453 cujus
1076 2388 1316 2444 interiori
1342 2401 1492 2459 parte
1514 2391 1780 2459 sepultum
1807 2393 1984 2447 ferunt

389 2474 593 2541 Adam,
630 2476 682 2530 in
709 2479 965 2533 exteriori
999 2495 1135 2537 vero.
1161 2482 1452 2539 Abraham.
1490 2484 1660 2539 Distat
1686 2496 1863 2539 autem
1899 2490 1984 2542 hic

393 2566 575 2632 locus,
603 2578 660 2621 ut
683 2568 955 2639 Josephus
984 2570 1209 2638 edocet,
1235 2575 1464 2642 septimo
1494 2576 1562 2630 ab
1592 2576 1723 2631 urbe
1765 2577 1977 2633 Hebron

388 2658 577 2714 stadio
600 2702 617 2725 ,
650 2660 827 2730 ibique
864 2663 1061 2716 asserit
1108 2664 1378 2718 Abraham
1409 2677 1463 2722 et
1495 2667 1632 2721 filios
1661 2668 1776 2737 (ἠως
1805 2673 1980 2739 sepul-

391 2766 549 2804 crum
581 2752 779 2807 habere
810 2754 1171 2821 pulcherrimo
1200 2756 1516 2811 instructum
1542 2776 1829 2816 marmore.

472 2843 559 2896 l6.
593 2844 704 2897 Illic
724 2844 909 2910 etiam,
938 2854 993 2898 et
1022 2846 1379 2902 terebintlmm
1413 2865 1656 2918 magnam
1680 2852 1924 2907 arborem
1949 2869 1977 2907 a

385 2936 777 2988 wastitutione
796 2938 949 3008 157
975 2940 1155 2992 mundi
1192 2940 1353 3017 fuisse
1379 2954 1671 2996 asseverat.
1692 2946 1837 2998 Hanc
1857 2946 1979 3000 bea-

2091 1740 2165 1794 sis
2187 1751 2397 1796 centum
2418 1746 2763 1817 quadraginta
2784 1759 2989 1818 septem
3012 1754 3185 1819 anuis,
3211 1764 3412 1811 natura:
3436 1759 3671 1814 reddidit

2090 1836 2351 1905 debitum,
2381 1844 2725 1913 sepultusque
2749 1856 2830 1901 est
2859 1863 2977 1902 cum
3011 1838 3246 1917 patribus
3270 1856 3394 1909 suis.

2600 1940 2759 2009 153
2802 1939 3026 1997 caper
3076 1943 3165 1998 ix.

2160 2020 2249 2075 20.
2286 2022 2386 2077 Lot
2412 2024 2549 2080 ﬁlius
2578 2028 2739 2083 Aram
2765 2035 3191 2101 consanguineus
3222 2038 3451 2094 Abrahae
3471 2082 3485 2105 ,
3517 2054 3670 2111 pater

2088 2109 2261 2177 Moab,
2292 2122 2346 2166 et
2372 2115 2568 2183 Amou,
2593 2120 2727 2187 apud
2776 2118 3054 2177 Chaldazos
3082 2135 3257 2192 natus,
3287 2129 3443 2184 homo
3470 2109 3665 2203 justus,

2089 2203 2395 2275 hospitalis,
2431 2210 2483 2264 in
2513 2210 2763 2267 Sodomis
2795 2217 2879 2283 pie
2924 2230 3173 2288 casteque
3222 2222 3357 2276 inter
3408 2225 3661 2281 ttefarinttt

2086 2308 2298 2368 gentem
2328 2313 2696 2364 conversatus.
2735 2308 2820 2376 qui
2852 2320 3065 2375 propter
3093 2315 3263 2365 solum
3293 2317 3667 2383 hospitalitatis

2084 2391 2316 2447 ofﬁcium
2347 2395 2505 2449 etiam
2537 2412 2819 2467 susceptor
2842 2402 3065 2457 effectus
3084 2416 3165 2458 est
3184 2407 3513 2475 angelorum.
3539 2410 3664 2464 Sul-
3698 2448 3705 2455 ς

2086 2482 2454 2555 phureumque
2485 2489 2709 2543 exitium
2743 2506 2804 2545 ac
2836 2492 3231 2548 Sodomitarum
3278 2499 3445 2553 erasit
3489 2501 3664 2555 incen-

2084 2572 2247 2639 dium,
2286 2578 2588 2648 mansitque
2620 2582 2954 2649 postmodum
2989 2584 3041 2636 in
3079 2586 3208 2638 urhe
3232 2589 3417 2656 Si-gor,
3448 2606 3564 2658 qum
3584 2602 3665 2645 est

2078 2663 2226 2734 juxta
2260 2682 2404 2721 mare
2440 2668 2724 2735 Mortuum,
2761 2672 2848 2725 ubi
2885 2674 3176 2728 balsamum
3210 2679 3460 2745 gignitur,
3492 2692 3543 2734 et
3575 2696 3667 2735 co-

2084 2753 2232 2824 piosa
2265 2772 2421 2827 poma
2452 2761 2774 2830 palmarum.

2709 2877 2935 2932 CAPUT
2976 2877 3051 2931 Χ.

2152 2960 2241 3016 21.
2264 2962 2460 3031 Joseph
2488 2966 2733 3034 princeps
2759 2967 2994 3039 Egypti,
3026 2969 3162 3023 ﬁlias
3181 2969 3424 3023 .lacohex
3448 2970 3663 3035 Rachel,

393 3035 482 3077 tus
518 3025 878 3096 llierooymus
909 3043 1077 3097 usque
1099 3029 1164 3083 ad
1189 3030 1527 3085 Constantini
1551 3033 1834 3103 imperium
1860 3053 1981 3105 per-

2087 3064 2234 3108 ortus
2260 3056 2311 3109 in
2345 3064 2484 3111 terra
2515 3058 2770 3112 Chanaan
2793 3102 2806 3125 ,
2843 3060 3150 3114 benedictus
3176 3064 3224 3114 in
3256 3063 3663 3132 primogenitum

388 3120 618 3170 durasse
632 3119 837 3184 scribit,
862 3120 976 3189 ipsa
1004 3131 1084 3176 est
1112 3127 1252 3180 enim
1272 3138 1501 3192 quercus
1519 3125 1771 3179 Mambrae
1796 3132 1983 3182 Amor.

391 3209 549 3273 rhzci,
582 3210 672 3277 qui
720 3211 816 3264 fuit
842 3213 1048 3267 amicus
1077 3213 1329 3281 Abrahae,
1355 3231 1472 3284 quae
1503 3217 1642 3285 apud
1673 3218 1900 3287 gentiles
1926 3219 1978 3274 in

392 3310 539 3353 tanta
570 3302 775 3356 exstitit
803 3306 1165 3370 veneratione,
1202 3316 1259 3358 ut
1309 3322 1426 3361 eam
1460 3308 1596 3361 muri
1647 3310 1847 3365 ambitu
1870 3311 1976 3367 cir~

391 3409 729 3467 cumseptam
770 3399 995 3454 solemni
1029 3403 1376 3457 veneratione
1412 3404 1669 3459 colerent.

1007 3493 1233 3549 CAPUT
1266 3496 1376 3548 Vll.

469 3580 554 3633 ιῖ.
572 3581 720 3635 Isaac
744 3578 883 3635 filius
905 3581 1132 3637 Abrahae
1152 3598 1215 3639 ex
1235 3584 1583 3651 promissione
1614 3587 1817 3642 interra
1838 3589 1979 3641 Cha-

390 3686 533 3728 naan
576 3675 810 3743 genitus,
841 3689 1024 3730 semen
1079 3684 1341 3731 aeternum
1390 3688 1630 3745 vocatus,
1686 3680 1981 3750 coujugalis

388 3763 517 3820 vita:
545 3764 863 3819 castimonia
916 3765 1112 3833 clarus,
1162 3776 1440 3838 promptus
1490 3770 1556 3823 ad
1610 3772 1859 3841 gratiam,
1912 3775 1978 3827 ad

390 3855 780 3926 ignoscendum
832 3866 1069 3926 paratus,
1120 3859 1207 3928 qui
1251 3860 1599 3916 excludentes
1654 3877 1758 3917 non
1816 3866 1981 3919 armis

391 3949 627 4018 expulit,
677 3948 772 4003 sed
832 3949 1083 4018 patientia
1134 3950 1297 4017 vicit;
1346 3951 1437 4020 qui
1491 3953 1810 4021 pteuitentes
1856 3970 1976 4009 cum

393 4040 635 4095 bonitate
667 4042 894 4109 recepit,
924 4041 1014 4111 qui
1046 4056 1141 4113 per
1179 4056 1418 4097 amorem
1449 4043 1545 4099 Dei
1588 4059 1655 4099 eo
1692 4061 1859 4113 usque
1885 4048 1979 4102 de-

391 4133 513 4185 tulit
539 4131 800 4187 honorem
836 4133 1063 4201 parenti,
1093 4142 1149 4187 ut
1178 4133 1244 4186 ad
1275 4149 1422 4187 aram
1452 4145 1642 4205 sponte
1668 4138 1976 4192 sacriﬁcan-

390 4223 495 4278 dus
559 4224 859 4285 accederet,
891 4233 1051 4290 atque
1073 4224 1126 4279 in
1150 4226 1371 4295 ﬁguram
1393 4226 1590 4282 Christi
1617 4239 1842 4284 mortem
1871 4247 1975 4286 non

388 4324 687 4370 recusaret.
716 4316 863 4370 Obiit
892 4325 1105 4371 centum
1160 4321 1431 4387 octoginta
1478 4334 1761 4390 annorum,
1793 4326 1971 4394 sepul-

387 4412 587 4475 toSque
608 4414 688 4461 est
707 4406 861 4475 juxta
894 4416 1096 4476 patrem
1135 4423 1315 4462 suum.

466 4519 1049 4600 i31ParentemAidest
1069 4532 1373 4591 cognatum,
1392 4524 1472 4578 vel
1493 4530 1972 4600 consanguineum,

388 4601 449 4644 ut
479 4591 576 4644 iul’.
605 4604 724 4657 cap.
758 4592 810 4643 9.
855 4590 1020 4649 Fest.

465 4659 615 4739 Ibid.
643 4660 794 4739 Quod
826 4662 1055 4739 Isidorus
1082 4664 1189 4739 _a_it,
1228 4665 1556 4739 ﬁdeAprimus
1581 4709 1595 4728 .
1629 4666 1969 4739 Prudentius,

393 4733 449 4786 in
482 4732 690 4805 pra'faI.
710 4800 721 4805 _
745 4730 1203 4805 Psyt:li0iiiaclii:e,
1228 4730 1490 4802 inplicuit
1523 4739 1693 4805 primo
1724 4740 1823 4795 hoc
1854 4730 1975 4797 ver;

390 4802 611 4856 siculo:
655 4800 913 4855 Abraham
959 4804 1127 4872 ﬁdelis
1172 4800 1337 4872 prima
1393 4800 1630 4860 credendi
1685 4811 1783 4862 via.
1837 4812 1971 4867 Cod.

391 4872 635 4947 Floreat.
666 4874 911 4947 nonnihil
941 4876 1088 4947 addit
1119 4893 1133 4929 :
1167 4875 1515 4945 Spontarmis,
1547 4880 1634 4947 qui
1662 4878 1971 4938 Trinitatem

388 4946 599 5019 iamne
626 4942 773 5019 uidit,
798 4955 843 4995 et
870 4946 1114 4999 unitatem
1134 4947 1187 4999 in
1207 4942 1444 5017 ntysterio
1471 4942 1734 5004 veneratus
1764 4963 1869 5019 eu;
1890 4954 1973 5007 hic

381 5013 782 5089 fuiipbefiem,
816 5024 919 5089 etc.
956 5022 1125 5070 Anev.

374 5083 389 5105 η’
466 5084 555 5138 16.
604 5083 679 5136 De
743 5084 989 5152 sepulcro
1018 5086 1285 5141 Abraham
1341 5088 1538 5142 dictum
1593 5106 1739 5144 num.
1792 5094 1845 5147 5.
1898 5094 1974 5149 De

388 5169 595 5226 quercu
627 5153 888 5220 Mambre,
911 5173 1069 5226 quam
1098 5157 1187 5211 alii
1220 5159 1553 5212 terebuulium
1575 5176 1637 5213 ex
1674 5163 1838 5216 verbo
1864 5165 1967 5219 lle-

390 5224 844 5303 !raicovertunt,
878 5224 1071 5303 praeter
1098 5238 1341 5303 sanctum
1387 5230 1767 5303 [lierouymum
1810 5245 1975 5303 agunt

393 5296 685 5361 Eusebius,
728 5294 992 5365 .Iosephus
1040 5309 1095 5353 et
1149 5298 1259 5365 alii,
1295 5298 1346 5353 iit
1404 5294 1729 5356 Dictiouario
1781 5294 1973 5361 biblico

387 5364 620 5421 Calmeti
643 5364 867 5422 laudati.
896 5372 1063 5423 Λιιεν.

465 5438 556 5493 17.
574 5435 1256 5499 PmtiitentesAbimelech,
1281 5448 1334 5493 et
1361 5439 1664 5508 Ochozach,
1693 5450 1747 5498 et
1772 5441 1972 5499 Phicol.

394 5509 592 5563 Cenes.
640 5522 789 5563 xxvi.
820 5508 988 5563 Fort'r.

462 5579 605 5634 Ibid.
647 5577 699 5632 lu
730 5579 972 5635 Editioue
994 5580 1180 5635 Crlalii
1213 5590 1327 5636 erat
1350 5581 1722 5651 sacrifundum,
1752 5599 1845 5654 pro
1872 5601 1976 5654 quo

2085 3144 2266 3212 Israel,
2297 3157 2350 3201 et
2380 3149 2647 3216 accipiens
2692 3152 2976 3219 primatum
3011 3151 3218 3214 Ruhctt,
3253 3154 3473 3205 dilectus
3506 3156 3663 3221 patri,

2082 3246 2138 3292 et
2165 3240 2309 3291 solus
2342 3255 2448 3305 pra:
2470 3242 2677 3293 cazteris
2707 3241 2879 3293 haeres
2912 3256 3142 3309 paterine
3176 3246 3549 3311 possessionis.

2152 3328 2243 3381 εἳ.
2271 3329 2364 3383 llic
2395 3331 2508 3384 zelo
2534 3332 2772 3386 sublatus
2803 3347 2831 3384 a
2863 3330 3113 3385 fratribus
3138 3334 3186 3387 in
3222 3335 3389 3387 lacum
3415 3336 3658 3401 mittitur,

2083 3420 2153 3474 ob
2182 3422 2430 3475 invidiam
2463 3422 2723 3487 venditur,
2755 3424 2920 3478 factus
2952 3425 3164 3479 humilis
3198 3441 3365 3493 usque
3394 3427 3457 3479 ad
3484 3429 3654 3482 servi-

2086 3520 2272 3577 tutem,
2298 3516 2504 3581 patiens
2532 3528 2699 3582 usque
2727 3514 2791 3567 ad
2823 3531 3131 3581 carcerem,
3154 3520 3373 3583 pudicus
3406 3536 3570 3588 usque.
3596 3521 3661 3573 ail

2084 3603 2408 3670 passionem,
2445 3604 2573 3657 litin
2603 3605 3048 3673 interpretatione
3091 3612 3325 3676 sap'ens,
3358 3611 3406 3662 in
3439 3613 3603 3663 consil
3631 3627 3664 3662 ο

2085 3691 2242 3746 futuri
2294 3695 2546 3761 prudens,
2598 3695 2646 3747 iu
2699 3711 2861 3763 regno
2916 3698 3202 3765 particeps,
3237 3698 3287 3752 in
3342 3699 3661 3754 fecunditate

2084 3784 2361 3840 ordinator
2392 3787 2738 3855 providus.iu
2788 3788 2927 3843 fame
2971 3790 3311 3858 dispensator
3353 3790 3548 3858 justus,
3597 3793 3661 3844 ad

2081 3874 2404 3930 reddendam
2464 3892 2561 3943 pro
2611 3878 2751 3931 malo
2807 3878 2960 3931 bona:
3021 3879 3387 3932 retributionis
3436 3880 3660 3946 gratiam

2083 3978 2382 4038 promptus,
2410 3968 2535 4023 dum
2581 3968 2828 4039 injuriam
2859 3970 3110 4024 fratribus
3146 3986 3251 4024 non
3278 3970 3539 4038 rependit,
3572 3974 3662 4026 sed

2083 4060 2220 4114 fame
2247 4060 2463 4129 depulsa
2500 4063 2829 4116 necessitatis
2870 4062 3107 4116 subsidia
3133 4064 3377 4117 contulit.

2149 4155 2240 4210 23.
2266 4156 2599 4226 Principatus
2616 4169 2696 4212 est
2712 4158 2763 4212 in
2784 4157 3180 4229 Egyptoaunis
3198 4158 3483 4226 octoginta.
3504 4156 3672 4211 Exac-

2082 4245 2250 4316 tisque
2268 4249 2439 4303 aetatis
2453 4259 2664 4303 centum
2679 4258 2731 4303 et
2756 4251 2940 4304 decem
2957 4251 3132 4315 annis,
3152 4251 3320 4318 longa!
3337 4248 3527 4317 quietis
3544 4264 3663 4318 gra-

2081 4336 2151 4390 tia
2172 4337 2567 4393 diemultimum
2598 4339 3189 4407 clausit.-Sepultusque
3215 4347 3297 4393 est
3326 4338 3377 4391 in
3412 4338 3660 4408 Egypto,

2007 4417 2060 4477 D
2084 4427 2236 4497 cujus
2264 4444 2385 4482 ossa
2422 4429 2803 4484 transtulerunt
2841 4428 2932 4482 lilii
2966 4428 3125 4483 lsrael
3159 4427 3209 4481 in
3238 4427 3451 4483 Sit-hem
3483 4429 3665 4481 civita-

2088 4539 2316 4611 fidenter
2357 4542 2505 4607 posui
2535 4543 2930 4608 sacriﬁcandur,
2960 4542 3097 4611 quod
3127 4542 3288 4596 etiam
3329 4542 3464 4611 apud
3500 4542 3660 4595 Bri-u-

2083 4609 2211 4662 littttt
2242 4613 2481 4677 aliosque
2509 4623 2699 4667 exstat.
2753 4617 2923 4667 Ansv.

2156 4680 2239 4734 18.
2257 4683 2340 4735 Al.
2360 4682 2613 4735 lnnoccns
2634 4683 2862 4736 habitans
2875 4683 3125 4735 domi.Al.
3147 4680 3469 4735 Innocenter.
3492 4680 3660 4736 Foxr.

2150 4752 2241 4805 20.
2277 4753 2509 4806 lsidorus
2538 4755 2794 4807 accedere
2827 4754 3034 4807 videtur
3060 4752 3535 4819 upittiOttUllorttttt
3566 4752 3655 4817 qui

2084 4819 2266 4873 urbem
2320 4822 2486 4891 Segor
2529 4822 2581 4874 iu
2635 4824 2812 4877 littore
2858 4823 3024 4875 merid
3049 4824 3190 4875 ouali
3251 4822 3413 4874 maris
3464 4822 3653 4874 Μοιιυὶ

2080 4892 2364 4958 collocant,
2399 4903 2454 4945 ttt
2492 4894 2556 4945 ad
2589 4894 2835 4945 Arabiam
2864 4892 3145 4961 pertineat.
3177 4892 3425 4946 Enmdem
3454 4892 3663 4957 urbem,

2079 4961 2259 5014 statim
2280 4978 2341 5017 ac
2360 4968 2457 5016 μοι
2475 4976 2538 5016 ex
2562 4979 2624 5016 ea
2643 4965 2884 5031 recessit,
2911 4972 3047 5017 terra
3072 4963 3311 5016 hiscente
3331 4964 3662 5027 absorptam,

2082 5032 2320 5086 nonnulli
2358 5034 2593 5099 tradunt,
2621 5036 2715 5088 sed
2762 5050 2866 5087 non
2927 5036 3059 5087 satis
3114 5035 3285 5086 ﬁrmis
3343 5032 3664 5092 rationibus.

2086 5100 2371 5183 νεῖμαι-ξιξ
2391 5104 2472 5157 his
2494 5102 2662 5157 fusius
2684 5106 3024 5183 interpretes.
3059 5104 3227 5155 Anev.
3368 5173 3378 5183 _

2152 5173 2242 5226 ‘25.
2278 5173 2518 5242 Vulgata,
2543 5188 2661 5241 cap.
2699 5190 2896 5235 κινιιι,
2931 5172 3151 5235 Geues.,
3178 5187 3311 5235 xw,
3337 5173 3414 5227 sic
3461 5172 3666 5228 habet:

2083 5240 2160 5294 Do
2190 5242 2279 5295 tibi
2303 5240 2499 5313 partem
2529 5240 2682 5297 unum
2711 5258 2854 5297 extra
2884 5244 3070 5312 fratres
3099 5253 3234 5299 tuos.
3271 5244 3372 5297 l’ro
3401 5260 3507 5310 quo
3542 5260 3667 5313 'ep-

2082 5314 2314 5385 tuagiuta
2371 5314 2607 5368 referunt
2666 5332 2680 5368 :
2736 5315 2815 5367 De
2864 5314 2952 5365 tibi
3006 5314 3299 5379 Sicimnm,
3354 5318 3662 5385 praecipuam

2083 5382 2239 5445 super
2263 5382 2447 5452 fratres
2478 5397 2611 5438 tuos.
2642 5385 2741 5437 Alii
2798 5386 2982 5454 legunt
3030 5382 3661 5443 Sicltimam.'llehra3um

2087 5454 2305 5507 verbum
2333 5465 2417 5509 est
2439 5454 2677 5518 Secliem,
2704 5466 2795 5507 aut
2824 5455 3049 5518 Sic/tem,
3074 5455 3216 5520 quod
3265 5456 3389 5510 alibi
3443 5454 3665 5524 Vulgata

2086 5524 2302 5591 reliticl,
2333 5535 2387 5580 et
2415 5524 2644 5580 Isidorus
2672 5527 2771 5580 huc
2798 5526 2930 5579 loco.
2961 5524 3134 5579 AttLV.
