4108 6178
499 290 602 347 £55

1532 283 1587 340 S.
1632 279 1875 335 ISIDOIII
1915 276 2353 334 IIISPALENSIS
2398 276 2700 331 EPISCOPI
3665 273 3754 329 I35

494 412 603 459 tem
633 402 797 472 patris
837 398 918 454 sui
948 397 1133 465 Iacob,
1159 413 1316 467 quam
1363 412 1503 451 nunc
1553 405 1659 450 tam
1709 396 1879 450 Latini
1913 410 2068 464 quam
2102 396 2149 455 Α
2176 392 2339 460 prior,
2372 390 2525 459 cujus
2553 387 2838 443 nativitatis
2864 403 3146 458 processus
3180 391 3336 445 matri
3367 390 3513 446 dedit
3544 393 3759 447 occubi-

496 493 983 553 GraeciSichimam
1006 500 1214 545 vocant.
1269 489 1383 557 Ipsa
1414 499 1494 542 est
1540 497 1718 542 autem
1768 503 1885 556 quae
1937 502 2077 540 nunc

495 597 713 644 vocatur
738 584 985 653 Neapolis
1031 583 1158 636 urbs
1208 579 1687 643 Samaritanorum,
1740 580 1827 633 ubi
1880 578 2073 649 sepul-

498 694 645 735 crum
674 678 786 747 ejus
812 690 976 746 usque
1014 673 1065 727 in
1097 671 1406 726 hodiernam
1435 669 1572 723 diem
1605 669 1864 723 cernitur.

1003 784 1160 855 159
1206 781 1431 837 carur
1496 781 1584 835 xu.

568 879 843 937 24.1udas
866 876 1058 946 regalis
1081 874 1434 930 successionis
1461 871 1680 941 insignis
1704 871 1972 940 prosapia.
1996 870 2079 922 cui

499 973 721 1026 ducatus
750 970 1031 1034 bellorum,
1064 976 1117 1020 et
1144 966 1303 1019 Israel
1336 963 1558 1017 traditur
1590 978 1834 1031 regnutn,
1866 962 1953 1029 qui
1986 976 2081 1013 no-

499 1078 616 1116 men
643 1060 786 1129 genti
816 1074 884 1112 ex
915 1072 1012 1111 suo
1044 1057 1259 1111 nomine
1300 1055 1467 1117 dedit,
1499 1065 1805 1122 pra'potens
1836 1063 1892 1105 ut
1922 1052 2004 1105 leo
2029 1051 2081 1104 in

498 1153 643 1220 regni
673 1150 892 1217 virtute,
925 1158 980 1203 et
1035 1148 1213 1201 clarus
1262 1146 1548 1215 splendore
1598 1146 1870 1213 potentiae.
1918 1141 2083 1211 Cujus

496 1244 711 1314 quidem
763 1240 974 1310 imperii
1025 1239 1309 1308 posteritas
1362 1252 1469 1291 non
1514 1235 1772 1303 cessavit,
1806 1249 2082 1304 quousque

497 1335 758 1396 Christus,
790 1332 946 1401 quasi
978 1331 1184 1385 catulus
1216 1327 1406 1393 leonis,
1434 1342 1499 1380 ex
1526 1327 1767 1395 germine
1789 1325 1904 1393 ejus
1933 1334 2082 1379 ortus

495 1425 828 1490 ascenderet,
852 1430 1011 1490 atque
1048 1435 1172 1487 spes
1201 1418 1437 1489 gentium
1490 1432 1556 1471 ex
1606 1415 1844 1485 virginali
1896 1430 2083 1484 proce-

498 1520 633 1569 dens
667 1523 821 1568 utero
849 1510 1168 1566 mirabiliter
1196 1516 1527 1562 coruscarct.

1099 1620 1326 1676 CAPUT
1360 1619 1470 1672 XII.

567 1718 657 1770 ‘23.
684 1717 869 1771 [Iuben
886 1713 1270 1785 primogenitus
1301 1714 1440 1765 filius
1460 1711 1641 1777 Israel,
1666 1720 1818 1765 aetate
1838 1709 2084 1763 fratribus

500 1807 693 1876 major,
727 1808 819 1860 sed
853 1804 1179 1874 posteritatis
1219 1818 1441 1856 numero
1473 1804 1669 1868 minor,
1708 1813 1981 1869 paternum
2014 1808 2083 1851 to-

498 1916 616 1953 rum
650 1898 870 1965 polluit,
899 1908 1056 1965 atque
1104 1893 1345 1947 ordinem
1404 1893 1768 1961 primogenita:
1813 1889 2085 1959 dignitatis

501 1990 702 2043 amisit.

1090 2073 1319 2130 CAPUT
1360 2071 1495 2129 XIII.

576 2170 666 2225 26.
697 2168 911 2223 Simeon
928 2167 1176 2237 princeps
1190 2165 1511 2230 scribarum,
1527 2161 1799 2215 etviolatte
1821 2158 2087 2227 pudicitia:

501 2264 718 2327 vindex,
745 2278 847 2316 uoo
875 2261 1077 2315 habens
1104 2259 1493 2320 Itmreditatem,
1518 2256 1610 2310 sed
1633 2268 1852 2307 manens
1870 2252 1921 2306 in
1949 2254 2086 2305 tribu

501 2355 656 2421 Juda,
686 2354 953 2423 partior-ps
986 2352 1037 2405 in
1070 2352 1432 2420 possessione.

1098 2460 1330 2517 CAPUT
1362 2459 1501 2513 XIV.

574 2559 665 2614 27.
684 2558 809 2612 Levi
824 2556 1171 2611 sacerdOtalis
1195 2564 1381 2610 auctor
1394 2552 1639 2622 originis,
1669 2565 1789 2605 cum
1807 2548 2087 2604 tribnlutla

507 2649 862 2717 permixtione
889 2648 1102 2717 generis
1127 2644 1367 2714 junctus,
1400 2645 1494 2699 sed
1524 2642 1574 2696 in
1607 2640 1771 2697 Israel
1803 2640 2092 2694 tom-divi-

504 2757 618 2803 sus,
642 2753 832 2793 carens
864 2735 1093 2806 prepriae
1119 2738 1280 2790 sortis
1324 2736 1579 2801 funiculo,
1632 2743 1689 2791 et
1736 2731 1982 2787 habitans
2038 2732 2088 2786 in

506 2828 770 2884 universis
796 2828 1030 2883 sortibus
1054 2825 1303 2881 fratrum.

1115 2914 1342 2971 CAPUT
1374 2916 1490 2971 XV.

580 3011 670 3066 ‘28.
697 3009 958 3076 Zabulon,
983 3022 1260 3078 possessor
1278 3008 1438 3060 maris
1466 3006 1663 3075 magni,
1680 3014 1733 3059 et
1756 3005 2016 3070 littorum,
2042 3012 2095 3057 et

2184 490 2312 536 tum.
2346 481 2461 549 Ipse
2486 490 2565 533 est
2594 480 2747 549 lupus
2776 493 2943 534 vorax
2976 490 3029 533 et
3051 481 3447 551 sanguinarius,
3483 483 3569 551 qui
3602 497 3760 552 super

2181 573 2362 627 basem
2390 572 2550 625 sortis
2577 587 2688 625 suae
2728 586 2881 625 mane
2912 572 3100 625 hostire
3152 573 3465 642 sanguinem
3517 573 3673 638 fudit,
3708 585 3762 629 et

2180 663 2246 719 ad
2265 678 2540 733 vesperam
2559 677 2710 717 escas
2733 662 3059 731 principibus
3082 672 3135 717 et
3157 663 3522 720 sacerdotibus
3545 663 3754 719 dividit.

2760 772 2982 828 CAPUT
3022 773 3190 828 XXII.

3380 840 3404 862 υ

2254 888 2342 943 55.
2360 886 2609 955 Ephraim
2625 899 2806 939 semen
2821 884 3041 953 Josepb,
3058 894 3112 939 et
3129 883 3412 953 adoptivus
3428 884 3566 939 tilius
3582 882 3763 954 Israel,

2184 990 2341 1047 atque
2385 978 2439 1032 in
2488 993 2711 1031 numero
2743 978 2897 1048 161
2933 976 3355 1045 patriarcharum
3406 974 3762 1030 benedictioni

2188 1081 2503 1127 testamento
2530 1071 2780 1135 relictus;
2812 1070 2994 1123 minor
3020 1078 3178 1124 :etate
3208 1067 3370 1122 fratre
3390 1109 3405 1134 ,
3451 1067 3541 1122 sed
3573 1066 3762 1137 majori

2186 1159 2434 1235 praelatus
2477 1165 2649 1235 gratia
2704 1163 3094 1219 benedictionis
3120 1206 3134 1230 ,
3168 1162 3219 1215 in
3264 1161 3470 1215 cunctis
3519 1161 3765 1219 tribubus

2187 1258 2463 1324 fortior,et
2482 1259 2617 1312 inter
2642 1257 2832 1311 fratres
2854 1256 3158 1308 dominator
3176 1254 3422 1307 invictus.
3446 1253 3540 1308 Hic
3558 1265 3766 1323 partem

2188 1348 2355 1402 tribus
2378 1347 2655 1401 levitarum
2689 1346 2920 1414 accepit.

2747 1455 2969 1509 CAPUT
3005 1453 3187 1509 XXITI.

2257 1568 2349 1624 56.
2372 1568 2639 1623 Manasses
2664 1568 2912 1622 dilatatus
2935 1569 2984 1620 in
3012 1567 3271 1633 millibus,
3299 1582 3397 1620 una
3422 1583 3539 1620 eum
3567 1564 3766 1635 Joseph

2188 1672 2339 1730 patre
2366 1673 2464 1713 suo
2495 1658 2717 1728 mystice
2745 1671 2933 1726 passus
2967 1658 3219 1710 tributum
3264 1655 3370 1727 [ΑΙ.
3422 1655 3655 1724 possedit
3683 1658 3770 1709 tri-

2120 1776 2160 1835 Β
2191 1751 2355 1823 bum].
2382 1750 2443 1805 Hi
2474 1759 2597 1804 sunt
2629 1759 2807 1819 patres
2853 1748 2965 1819 [ΑΙ.
3030 1746 3377 1819 propagitn-s]
3410 1750 3768 1815 apostolorum

2190 1855 2244 1900 et
2282 1845 2547 1914 principes
2574 1844 2750 1911 populi
2778 1840 3110 1907 Judteorum,
3145 1842 3312 1895 tribus
3338 1839 3523 1903 Jacob,
3552 1852 3601 1893 et
3633 1854 3771 1906 prte-

2190 1937 2330 1991 t‘lara
2381 1935 2656 2004 progenies
2706 1933 2886 1987 Israel.
2933 1933 3137 1999 Quibus
3180 1941 3330 2001 pater
3382 1933 3617 1985 [IIOIICIIS
3669 1944 3770 2000 pro

2191 2026 2490 2079 divitiarum
2526 2026 2713 2091 cupiis,
2745 2024 3188 2077 sanctificationis
3218 2024 3438 2093 gratiam
3466 2020 3771 2090 dereliquit.

2191 2118 2433 2185 Quique,
2471 2126 2727 2182 regnante
2766 2114 2962 2182 Joseplt
3016 2113 3066 2167 in
3099 2112 3357 2183 IEgypto,
3389 2124 3769 2183 regnaverunt,

2193 2209 2369 2277 ibique
2400 2208 2562 2261 etiam
2586 2216 2706 2277 post
2728 2207 2939 2277 loogam
2974 2207 3095 2261 vitae
3123 2207 3358 2276 quietem
3406 2206 3771 2260 occubuerunt

2193 2309 2351 2369 atque
2375 2298 2565 2366 sepulti
2592 2308 2740 2353 sunt.

2757 2428 2983 2484 CAPUT
3016 2427 3183 2483 XXIV

2264 2563 2470 2620 57.Job
2488 2564 2626 2618 filius
2643 2563 2793 2617 Zarte
2821 2563 2889 2617 de
2921 2563 3082 2616 Bosra
3109 2562 3590 2624 rexldumaaorutn,
3615 2575 3770 2629 quar-

2196 2669 2279 2712 tus
2322 2668 2444 2726 post
2490 2657 2657 2721 Esau,
2707 2669 2986 2710 successor
3042 2655 3231 2708 Balach
3290 2654 3379 2708 liii
3433 2654 3583 2718 Beor,
3619 2653 3779 2706 homo

2194 2749 2428 2820 gentilis,
2454 2748 2558 2803 fide
2583 2748 2781 2812 clarus,
2815 2747 3107 2802 humilitate
3130 2761 3393 2809 summus,
3417 2745 3782 2813 hospitalitate

2197 2840 2532 2909 praecipuus,
2564 2839 2616 2892 in
2657 2838 2936 2907 disciplina
2982 2844 3313 2902 mansuetus,
3346 2836 3396 2889 in
3427 2834 3783 2906 eleemosynis

2197 2932 2397 3002 largus,
2429 2929 2577 2985 dives
2605 2930 2656 2984 in
2684 2945 2868 2999 censu,
2892 2930 3158 2997 extemplo
3183 2928 3350 2982 factus
3374 2942 3601 2996 egenus,
3629 2929 3781 2979 locu.

2202 3024 2315 3093 ples
2337 3024 2389 3078 in
2413 3023 2613 3089 liberis,
2639 3024 3046 3094 repenteorbus
3070 3040 3083 3074 :
3112 3022 3383 3076 tentationi
3413 3020 3657 3085 traditur,
3684 3021 3781 3073 sed

511 3102 791 3157 dominans
819 3104 870 3156 in
897 3099 1102 3156 cunctis
1144 3098 1361 3154 urbibus
1412 3097 1720 3153 thnicum
1752 3106 1806 3151 et
1850 3096 2097 3151 Sidonio-
2122 3140 2170 3203 ς
2202 3123 2384 3169 contra
2409 3115 2753 3169 mulationem
2784 3113 2908 3167 ﬁdei
2940 3113 3103 3167 lorica
3135 3123 3372 3165 arma“..-
3398 3113 3405 3181 ι
3420 3110 3510 3164 Αι,
3565 3111 3668 3164 [me
3698 3124 3783 3164 re.

512 3209 652 3247 I'IIIII.

1017 3284 1174 3354 ιθο
1196 3281 1424 3339 CAPUT
1457 3281 1572 3336 xvt

581 3379 671 3429 2!).
695 3375 935 3430 lssachar
956 3376 1228 3428 studiosus
1256 3374 1308 3427 in
1333 3374 1602 3428 laboribus
1630 3384 1806 3439 terrae,
1826 3374 2101 3442 possidens

513 3469 889 3533 Calilzeam,et
935 3466 1007 3522 de
1057 3465 1450 3521 benedictionis
1501 3481 1609 3519 sua:
1659 3465 1914 3519 Irut‘liltus
1963 3464 2100 3519 dona

512 3560 791 3629 porrigens
822 3557 1059 3628 regibus.

1099 3646 1323 3703 CAPUT
1353 3645 1521 3701 XVII.

587 3736 676 3792 50.
711 3736 841 3802 Dan,
876 3736 1031 3808 cujus
1051 3752 1115 3794 ex
1131 3739 1370 3808 germine
1392 3738 1640 3804 Samson,
1664 3750 1930 3806 sceptrum
1959 3746 2103 3793 tenet

514 3827 701 3896 Israel,
733 3829 883 3882 fortis
912 3828 1201 3884 Nazarteus
1221 3870 1237 3896 ,
1272 3840 1326 3885 et
1357 3831 1712 3898 triumphator
1754 3831 1806 3883 in
1838 3831 2099 3896 hostibus,

512 3917 763 3971 obsidens
792 3916 846 3971 in
878 3932 1081 3973 morem
1109 3920 1371 3988 serpentis
1421 3917 1826 3974 Philistinorum
1863 3921 2100 3985 semitas,

513 4017 566 4061 et
598 4009 889 4077 equitatum
921 4011 1058 4080 ejus,
1092 4021 1149 4065 ut
1200 4012 1441 4081 regulus,
1463 4011 1653 4082 spiritu
1682 4014 1791 4067 oris
1830 4014 1910 4069 sui
1940 4016 2100 4083 depo-

516 4100 731 4168 pulans.

1088 4190 1313 4246 CAPUT
1357 4190 1542 4246 XVIII.

590 4281 680 4335 bl.
715 4279 851 4349 Gad,
886 4281 938 4335 in
989 4282 1261 4350 procinctu
1288 4283 1458 4351 praalii
1506 4283 1803 4353 expeditus,
1856 4300 1949 4353 pro
1998 4284 2104 4339 l'ra-

520 4370 690 4424 tribus
707 4380 851 4425 trans
874 4370 1160 4427 Jordanem
1185 4373 1383 4428 relictis
1408 4375 1670 4429 adversus
1688 4381 1865 4430 hostes
1889 4392 2102 4448 gentes-

518 4478 625 4531 que
650 4463 885 4530 dimicat,
910 4473 964 4519 et
991 4463 1118 4518 forti
1149 4464 1368 4518 brachio
1411 4466 1576 4521 victor
1610 4469 1917 4537 triumphat.

1113 4554 1341 4609 CAPUT
1373 4554 1513 4609 XIX.

592 4642 680 4697 5‘2.
697 4644 853 4710 Aser,
868 4643 1067 4699 divitiis
1099 4645 1341 4715 insignis,
1362 4648 1573 4715 replens
1591 4648 1799 4705 deliciis
1818 4653 1981 4721 prium
1991 4669 2099 4723 pes.

1116 4757 1346 4815 CAPUT
1387 4760 1505 4817 XX.

595 4846 1038 4917 35.Nephthalim
1072 4850 1123 4903 in
1166 4851 1484 4919 pinguedine
1516 4861 1674 4909 terra:
1705 4855 2026 4924 uberrimus,
2057 4867 2110 4913 et

528 4938 581 4993 in
613 4941 852 4995 doctrina
880 4940 1008 5010 legis
1040 4942 1341 4996 abundans.

1116 5032 1343 5089 CAPUT
1385 5033 1522 5089 XXI.

603 5117 690 5174 54.
719 5119 998 5191 Benjamin
1029 5121 1168 5176 inter
1198 5124 1388 5178 fratres
1410 5132 1530 5178 ortu
1563 5127 1846 5193 posterior,
1901 5129 2124 5201 imperio

586 5252 673 5341 904‘:
688 5254 793 5341 Pro
796 5257 992 5329 imperii
1006 5260 1270 5341 posteritas
1286 5262 1462 5341 malim
1477 5265 1675 5341 imperii
1687 5275 1923 5341 potestas.
1941 5270 2111 5323 Anev.

604 5282 673 5309 ις,
689 5282 718 5306 ι*
731 5282 784 5307 ru
797 5282 991 5329 nuper"
1006 5282 1270 5328 pauculas
1286 5282 1462 5315 IIIaIIIII
1477 5282 1544 5315 rm
1582 5282 1673 5317 81⁸18
1687 5282 1923 5333 ροιεδιίη.
1941 5282 2111 5323 AREV.

604 5324 695 5377 ‘26.
755 5326 880 5407 Crte.
941 5344 1024 5407 trix
1052 5370 1065 5393 ,
1108 5329 1306 5407 Josu_e_,
1351 5333 1375 5383 I
1438 5345 1489 5386 et
1534 5282 1579 5385 ἕ
1619 5350 1635 5389 :
1693 5335 1755 5386 Et
1803 5353 2008 5407 egressa
2042 5349 2114 5392 est

537 5410 646 5476 {ora
672 5400 892 5476 secnrtda
919 5399 1163 5476 .ﬁliorum
1211 5402 1418 5476 Simeon
1439 5419 1550 5476 Aper
1594 5399 1918 5473 cognationes
1956 5426 2115 5470 suos;

540 5465 1026 5543 [uitgucl‘ltcereditas
1046 5486 1225 5543 eorum
1252 5472 1306 5526 in
1333 5465 1499 5526 medio
1531 5465 1863 5543 posséuionis
1891 5465 2114 5543 ﬁliarum

539 5533 701 5613 lude.
735 5536 885 5613 Quod
929 5539 1066 5613 satis
1087 5540 1316 5613 Isidorus
1341 5533 1621 5613 expressit.
1662 5548 1827 5599 Ansv.

610 5604 703 5659 28.
739 5606 1165 5685 l’le_rique_Edi_ti
1196 5604 1452 5685 exhibent
1484 5614 1770 5677 Sidomtm,
1796 5618 1936 5685 quod
1969 5618 2115 5671 vide-

543 5681 626 5727 tur
656 5675 951 5745 approbare
970 5676 1287 5738 Munckerus
1336 5683 1388 5737 in
1439 5696 1552 5741 not.
1608 5687 1671 5742 ad
1724 5675 2115 5758 llIyihologicon

2134 4528 2183 4581 D

2209 3210 2421 3280 ligionis
2470 3209 2770 3280 armatur],
2830 3210 3001 3263 factus
3033 3210 3294 3278 gloriosus
3346 3208 3398 3262 in
3450 3209 3784 3273 certamine,

2202 3302 2515 3372 mquanimis
2559 3302 2611 3355 in
2638 3302 2858 3370 dolore,
2887 3301 3079 3356 damna
3112 3316 3289 3355 rerum
3332 3302 3561 3370 pertulit,
3598 3300 3785 3355 funera

2206 3394 2483 3463 pignorum
2512 3391 2704 3460 doluit,
2736 3393 3086 3461 corporisque
3117 3392 3335 3445 vulnera
3382 3395 3645 3460 patienter
3695 3406 3788 3446 ac-

2204 3483 2346 3550 cepit
2377 3483 2489 3555 [Αι.
2544 3482 2795 3554 excepit],
2827 3494 2879 3537 et
2910 3484 3050 3537 inter
3087 3482 3345 3551 supplicia
3375 3498 3587 3552 semper
3617 3483 3786 3537 Deum

2203 3569 2516 3639 gloriﬁcavit
2534 3611 2547 3636 ,
2582 3570 2724 3624 male
2754 3571 3064 3625 suadentem
3090 3571 3312 3639 insuper
3333 3574 3603 3640 sapienter
3624 3571 3790 3626 susti-

2205 3662 2318 3715 nuit
2360 3663 2673 3730 conjugeut;
2726 3664 2889 3717 verba
2934 3665 3223 3718 amicorum
3251 3665 3454 3720 ratione
3481 3672 3784 3734 superavit;

2204 3750 2368 3831 unde,
2397 3760 2452 3805 et
2483 3767 2578 3821 pro
2608 3760 2750 3807 tanta
2778 3753 2973 3807 virtute
3004 3756 3293 3823 patientiae,
3323 3753 3521 3821 duplici
3573 3754 3626 3806 in
3671 3752 3778 3806 fine

2204 3843 2634 3917 remuneratione
2662 3844 2997 3911 sublevatur,
3031 3845 3293 3914 recipiens
3326 3855 3446 3913 post
3470 3859 3648 3898 rerum
3691 3858 3786 3897 ca-

2204 3950 2322 3989 sum
2346 3936 2692 4005 multiplicem
2715 3937 3015 3994 claritatem
3037 3939 3298 3993 bonorum
3323 3939 3428 4009 [AL
3477 3936 3787 4008 donorum].

2275 4023 2367 4079 58.
2393 4025 2519 4082 Post
2552 4038 2763 4081 noctem
2787 4029 2930 4083 enim
2966 4029 3220 4096 tristitiie,
3252 4029 3389 4085 diem
3422 4029 3641 4099 genuit;
3668 4036 3789 4097 post

2206 4115 2406 4171 fetores
2469 4118 2748 4185 ulcerum,
2796 4120 2955 4174 casia:
3017 4119 3357 4190 fragrantiam
3420 4121 3626 4185 edidit,
3673 4130 3795 4189 post

2206 4207 2557 4274 abjecdonem
2584 4249 2600 4273 ,
2628 4224 2795 4263 cornu
2821 4210 3124 4265 unctionem
3157 4213 3307 4281 regni
3352 4213 3650 4280 promeruit
3675 4252 3689 4274 ,
3734 4221 3793 4265 et

2207 4297 2388 4351 tibiam
2416 4298 2470 4351 in
2498 4309 2721 4353 accentu
2753 4301 2925 4356 laudis
2952 4305 3260 4371 assumpsit.
3294 4303 3442 4357 Vixit
3464 4315 3642 4357 autem
3671 4314 3791 4371 post

2208 4389 2411 4459 plagam
2440 4400 2651 4445 centum
2684 4392 3031 4463 quadraginta
3053 4396 3226 4458 annis,
3260 4406 3314 4449 et
3344 4394 3558 4449 fuerunt
3590 4410 3783 4449 omnes

2207 4478 2320 4533 dies
2346 4482 2468 4534 vitae
2485 4481 2602 4551 ejus
2623 4483 2833 4537 ducenti
2864 4482 3208 4555 quadraginta
3231 4496 3355 4539 octo
3381 4485 3527 4551 anni,
3556 4495 3611 4539 et
3639 4500 3783 4538 mor—

2211 4581 2331 4625 tuus
2360 4580 2442 4625 est
2482 4574 2634 4644 162
2659 4582 2821 4643 atque
2864 4576 3104 4645 sepultus
3146 4578 3199 4631 in
3247 4578 3465 4646 regione
3494 4593 3609 4630 sua.
3644 4577 3791 4630 Ilunc

2216 4664 2424 4717 IIebra-i
2468 4673 2712 4719 asserunt
2753 4682 2859 4719 non
2896 4667 3059 4721 fuisse
3088 4666 3155 4721 de
3180 4683 3378 4735 genere
3411 4670 3568 4733 Esau,
3601 4667 3693 4720 sed
3725 4667 3795 4719 de

2215 4753 2425 4808 Nachor
2455 4755 2629 4808 fratris
2659 4755 2926 4810 Abraham
2960 4756 3308 4812 descendisse
3332 4758 3520 4825 stirpe,
3544 4765 3598 4810 et
3627 4753 3794 4809 fuisse

2218 4858 2337 4897 eum
2369 4844 2697 4912 temporibus
2730 4847 3172 4913 patriarcharum.
3201 4847 3411 4903 Nachor
3438 4850 3579 4902 enim
3607 4848 3800 4919 genuit

2221 4936 2351 5001 Ilus,
2380 4935 2448 4991 de
2475 4936 2627 5006 cujus
2654 4936 2821 5003 stirpe
2864 4937 3101 4992 creditur
3148 4950 3453 5010 generatus,
3501 4940 3798 4995 secundum

2223 5028 2364 5097 quod
2414 5031 2464 5083 in
2512 5030 2738 5084 exordio
2765 5029 3052 5086 voluminis
3100 5030 3216 5103 ejus
3266 5042 3526 5087 notatur:
3565 5032 3657 5086 Vir
3686 5041 3799 5085 erat

2228 5120 2281 5171 in
2304 5129 2440 5174 terra
2462 5118 2574 5175 Hus
2604 5122 2809 5177 nomine
2829 5120 2947 5176 Job.

2223 5271 2510 5346 Fulgentii,
2537 5291 2656 5346 pag.
2696 5275 2788 5343 29,
2836 5277 2962 5346 quia
3005 5278 3211 5334 scilicet
3256 5281 3556 5336 Editionem
3612 5277 3801 5334 Grialii

2227 5360 2328 5395 non
2361 5344 2584 5399 viderat.
2612 5344 2784 5401 Anev.

2298 5411 2391 5489 37ζ
2418 5411 2651 5489 Isidorus
2678 5432 2797 5489 cum
2820 5416 3100 5472 Ambrosio
3129 5427 3182 5473 et
3210 5420 3437 5489 August.
3466 5429 3611 5487 putat
3646 5436 3804 5473 eum-

2223 5483 2343 5562 deni
2366 5482 2465 5562 Job
2494 5495 2546 5538 et
2575 5484 2710 5539 Joab
2738 5486 3155 5562 GenesLxxxvi;
3191 5482 3348 5545 διήιξε
3376 5482 3702 5562 Ilieronytn.,
3742 5492 3805 5546 iu

2227 5553 2359 5606 Ileb.
2384 5554 2584 5618 Quaast.
2615 5564 2668 5610 et
2698 5568 2887 5622 quiest.
2916 5556 2983 5613 5‘6
3017 5562 3066 5611 in
3097 5557 3292 5614 Cenes.

2236 5693 2248 5703 .
2296 5651 2366 5662 -—
2390 5626 2475 5679 Al.
2503 5627 2610 5681 Sua
2638 5630 2823 5681 damna
2852 5628 3084 5698 insuper,
3111 5633 3383 5700 patientem
3420 5632 3655 5686 sustinuit
3679 5646 3803 5684 can-

2219 5708 2417 5764 Jugenn
