4108 6178
286 311 384 366 157

849 421 1079 477 CAPUT
1112 420 1285 475 XXV.

350 516 441 573 39.
468 515 679 586 Moyses
705 515 843 569 ﬁlius
874 519 1087 568 Annam
1111 529 1175 566 ex
1206 522 1251 565 tr
1278 512 1344 565 bu
1368 510 1517 580 Levi,
1536 511 1640 565 dux
1665 520 1718 565 et
1740 526 1863 578 pro-

286 607 449 677 pheta
484 608 672 671 Israel,
702 609 842 676 regis
873 607 994 659 ﬁliae
1024 604 1327 673 adoptivus,
1361 604 1453 659 Dei
1478 606 1708 671 amicus,
1732 605 1866 658 Pha-

282 700 462 753 raonis
492 699 764 765 dominus,
801 698 853 752 iu
884 697 1015 752 rubo
1054 697 1361 751 ﬂammante
1392 704 1447 750 et
1495 711 1599 749 non
1650 704 1859 761 urente,

289 791 513 845 vocibus
541 791 794 860 angelicis
822 797 1105 853 evocatur,
1132 804 1289 855 quem
1322 797 1377 841 ut
1406 789 1650 856 exemplo
1680 786 1863 841 ﬁrma-

262 893 359 945 ret
391 882 556 947 Deus,
590 884 909 935 insinuatam
956 881 1074 948 cjus
1121 895 1335 934 manum
1377 879 1539 949 jussit
1588 879 1779 943 emori,
1812 886 1867 932 et

280 988 463 1025 rursus
491 983 735 1027 retracta
762 972 997 1039 vigorem
1048 981 1103 1024 et
1142 985 1321 1025 moms
1352 971 1603 1034 reddidit,
1637 980 1693 1025 et
1720 972 1865 1025 calo—

285 1065 355 1114 ris
386 1061 520 1132 [Αι.,
551 1060 770 1131 coloris]
806 1079 819 1114 :
854 1061 1004 1128 cujus
1053 1061 1218 1114 facies
1270 1076 1364 1125 spe
1409 1058 1604 1133 [Forte
1651 1060 1862 1131 specie]

285 1152 481 1205 futura:
533 1153 716 1221 gloria:
771 1152 1120 1217 illttntinatur,
1155 1153 1387 1219 humilis,
1421 1161 1478 1205 ut
1525 1154 1601 1206 ait
1647 1154 1862 1222 quidant

283 1244 516 1310 sapiens,
544 1244 594 1296 in
628 1243 927 1297 recusando
955 1244 1277 1307 ministerio,
1303 1244 1548 1297 sobditns
1594 1245 1645 1297 in
1693 1244 1867 1298 susci-

286 1332 501 1398 pit-udo,
522 1335 571 1384 in
595 1331 959 1385 conservando
980 1332 1168 1391 ﬁdelis.
1198 1333 1247 1385 in
1268 1333 1596 1400 exquirendo
1620 1333 1862 1401 pervigil,

281 1422 328 1472 in
366 1422 599 1490 regendo
624 1422 816 1491 populo
845 1422 1085 1490 vigilans,
1124 1423 1174 1476 in
1201 1424 1520 1493 corrigendo
1549 1428 1864 1489 vehemens,

281 1516 328 1568 in
358 1517 586 1569 ςιιιιςηιιΙο
609 1516 825 1579 ardens,
846 1515 897 1568 in
920 1515 1229 1569 sustinendo
1253 1518 1481 1582 patiens,
1500 1517 1584 1582 qui
1615 1531 1709 1584 pro
1736 1517 1864 1568 sub-

278 1606 432 1675 jectis
447 1621 504 1659 se
524 1607 631 1659 Deo
653 1605 968 1673 interposuit
984 1604 1303 1667 consulenti,
1318 1604 1565 1672 opposuit
1587 1606 1771 1659 irasce'.
1796 1605 1863 1659 ti.

353 1700 440 1752 ω.
496 1697 592 1751 IIic
642 1713 735 1765 pro
792 1696 970 1765 populi
1044 1696 1287 1749 libertate
1354 1696 1618 1762 propriam
1669 1696 1867 1763 objecit

1430 309 1516 363 DE
1554 306 1738 363 OIlTU
1785 306 1871 362 ΕΤ
1912 306 2112 366 OBITU
2159 306 2461 364 I‘ATIIUM.

1887 426 1939 481 Α

3454 312 3549 371 I38

2532 414 2754 470 CAPUT
2787 416 2953 472 XXVI

2037 508 2129 560 45.
2149 512 2325 562 Aaron
2353 505 2517 561 frater
2539 508 2730 578 Moysi,
2752 518 2805 561 et
2826 509 3048 579 insignis
3065 511 3443 567 miraculorum
3462 527 3550 567 so-

1966 601 2107 663 cius,
2139 612 2299 669 atque
2329 600 2382 653 in
2430 599 2572 669 Lege
2601 600 2852 654 sacerdos
2885 601 3091 655 Domini
3142 603 3365 672 primus,
3399 603 3552 674 cujus

1967 708 2113 763 virga
2140 703 2286 748 sorte
2313 693 2504 758 electa,
2539 691 2726 746 fronde
2749 706 2799 747 et
2830 693 3070 761 germine
3096 694 3297 749 ﬂoruit.
3339 696 3551 765 Quique

1972 787 2299 841 tlturibulum
2326 788 2377 839 in
2404 786 2590 840 dextra
2622 792 2858 853 gestans,
2890 784 3081 839 furenti
3110 801 3169 841 se
3199 787 3426 842 ﬂamma:
3455 803 3554 856 op-

1968 880 2166 948 posuit,
2189 886 2345 946 atque
2366 886 2515 931 stans
2538 876 2675 930 inter
2696 878 2846 930 vivos
2868 884 2923 930 et
2951 884 3209 942 mortuos,
3234 876 3448 947 objectu
3470 878 3550 931 sui

1964 974 2205 1042 corporis
2227 974 2452 1027 transire
2480 973 2653 1042 ignem
2676 971 2740 1025 ad
2773 986 2963 1040 agmen
2995 973 3285 1026 viventium
3307 988 3411 1025 non
3436 987 3553 1040 per-

1970 1066 2139 1121 misit.
2186 1064 2285 1118 IIic
2329 1079 2421 1132 per
2472 1064 2697 1117 hostiam
2748 1062 3187 1126 victimarum,et
3229 1063 3549 1117 sacriﬁcium

1967 1156 2260 1224 sanguinis.
2296 1154 2526 1207 futuram
2554 1152 2752 1207 Christi
2784 1154 3081 1220 passionem
3124 1154 3387 1221 expressit
3416 1172 3430 1207 :
3466 1154 3552 1209 hic

1965 1250 2054 1317 jus
2086 1260 2137 1303 et
2168 1248 2520 1317 principatum
2550 1246 2835 1300 sacerdotii
2864 1260 2960 1314 per
2986 1247 3226 1301 ordinem
3257 1246 3470 1316 generis
3496 1254 3553 1301 et

1968 1336 2323 1391 successionis
2351 1351 2461 1388 ante
2489 1334 2781 1388 transmisit

2037 1432 2127 1485 I6.
2155 1435 2307 1483 Auno
2339 1440 2512 1481 autem
2540 1426 2945 1495 quadragesimo
2976 1425 3297 1495 egressionis
3320 1426 3548 1480 ﬁliorum

1968 1522 2125 1575 Israel
2147 1522 2214 1575 de
2236 1529 2374 1575 terra
2399 1519 2636 1589 Egypti,
2661 1533 2778 1571 cum
2804 1528 2944 1572 esset
2967 1532 3226 1571 annorum
3250 1526 3460 1571 centum
3478 1518 3554 1570 vi-

1966 1614 2094 1683 ginti
2123 1616 2303 1679 trium,
2340 1620 2581 1666 mortuus
2617 1620 2699 1663 est
2724 1610 2874 1679 juxta
2908 1616 3230 1677 prmceptutn
3262 1608 3470 1661 Domini
3501 1609 3551 1661 in

1968 1715 2147 1758 monte
2180 1703 2306 1768 ﬂor,
2332 1704 2418 1772 qui
2450 1712 2529 1755 est
2563 1701 2713 1771 juxta
2747 1702 2978 1763 I'etram,
3030 1699 3289 1769 insignem
3342 1699 3553 1753 Arabia:

280 1791 532 1852 salutem,
565 1788 705 1857 regis
729 1785 1011 1840 szcvissimi
1057 1801 1160 1838 non
1201 1786 1392 1851 minus,
1420 1800 1522 1838 nou
1559 1786 1660 1840 tela
1694 1788 1858 1853 trepi-

1964 1796 2169 1849 urbem.
2199 1795 2269 1847 lbi
2296 1802 2349 1846 et
2376 1794 2579 1860 sepulta
2598 1793 2736 1859 jacet
2757 1805 2910 1845 soror
2936 1791 3050 1858 ejus
3070 1791 3252 1853 Maria,
3273 1791 3361 1845 ubi
3386 1791 3547 1845 etiam

276 1880 439 1934 davit.
472 1877 611 1942 Quin
656 1877 818 1930 etiam
847 1874 1036 1929 extulit
1085 1885 1272 1927 contra
1322 1874 1582 1928 drac0ttes
1614 1874 1730 1943 ejus
1756 1875 1862 1928 vir-

276 1987 412 2037 gum,
446 1985 506 2023 ac
532 1984 626 2037 per
655 1982 872 2021 manum
907 1966 996 2018 Dei
1024 1979 1073 2028 ο,
1098 1976 1416 2031 pugnatores
1472 1965 1632 2018 Israel
1674 1966 1859 2018 decem

280 2063 447 2130 p‘agis
476 2060 596 2129 ejus
641 2059 926 2128 intperium
969 2056 1290 2112 verberavit.
1332 2058 1567 2109 Primum
1612 2056 1664 2110 in
1708 2072 1864 2109 cruo—

280 2170 385 2205 retn
419 2153 583 2206 vertit
613 2150 788 2205 fontes
818 2160 872 2204 et
915 2149 1149 2213 ﬂumina,
1170 2148 1363 2201 dehinc
1406 2162 1652 2200 ranarum
1686 2147 1859 2199 multi-

282 2246 462 2298 tudine
512 2244 692 2309 urbes,
752 2256 1052 2295 muscarum
1108 2239 1336 2293 nubibus
1384 2254 1507 2293 aera
1554 2237 1859 2305 complevit.

280 2337 497 2390 locustis
523 2335 755 2389 vastavit
783 2344 974 2388 cuncta
1008 2332 1254 2397 virentia,
1294 2342 1519 2385 mortem
1564 2332 1741 2384 intulit
1776 2333 1863 2398 ju-

280 2441 608 2491 mentorum,
636 2424 897 2494 percussit
921 2423 1097 2478 ulcere
1121 2423 1387 2485 homines,
1407 2423 1630 2475 vastavit
1650 2421 1862 2489 grandi-

278 2535 339 2573 ne
367 2530 567 2581 terras,
587 2517 825 2573 obduxit.
841 2515 1075 2571 tenebris
1102 2514 1320 2580 cmlunt,
1340 2529 1631 2583 eorumque
1662 2516 1863 2582 primo-

275 2613 450 2679 genita
486 2610 660 2663 valido
690 2617 896 2663 terrore
925 2606 1170 2676 peremit.

340 2704 429 2756 41.
460 2703 588 2756 Post
611 2701 723 2755 hare
750 2700 1070 2769 exspoliavit
1093 2698 1395 2771 Egyptios,
1424 2698 1733 2767 eductisque
1763 2713 1862 2768 po-

277 2793 408 2859 pulis
431 2792 599 2847 eremi
628 2791 812 2860 pandit
837 2792 936 2844 iter
968 2788 1209 2845 ﬂammea
1237 2790 1568 2858 praecedente
1588 2791 1859 2844 columna.

279 2882 381 2937 Nec
412 2899 587 2947 mura,
617 2899 763 2937 mare
796 2896 1058 2938 transtens
1088 2884 1297 2947 dividit,
1329 2883 1715 2951 rel'renatisque
1740 2884 1863 2939 hinc

277 2974 397 3027 inde
415 2990 678 3042 aquarum
695 2974 1194 3043 cumulis,pergenti
1219 2974 1411 3041 populo
1440 2976 1577 3025 viam
1608 2974 1751 3029 sicco
1783 2990 1865 3028 ve-

275 3068 427 3135 srigio
458 3065 715 3134 pra-butt.
747 3066 940 3118 llostes
961 3065 1160 3119 dehinc
1181 3067 1392 3133 operuit
1419 3066 1687 3128 ﬂuctibus,
1705 3074 1863 3134 atque

1967 1894 2022 1939 et
2045 1900 2183 1937 nunc
2202 1898 2367 1952 usque
2389 1882 2685 1935 ostenditur
2710 1896 2885 1948 rupes,
2910 1896 3010 1948 qua
3039 1895 3313 1948 percussa,
3340 1883 3550 1950 Moyses

1965 1989 2131 2043 aquas
2182 1974 2379 2026 sitienti
2424 1972 2619 2038 POleIO
2651 1972 2894 2038 praebuit.
2931 1970 3022 2023 Est
3050 1979 3229 2025 autem
3272 1970 3359 2023 hic
3402 1970 3549 2024 locus

1966 2066 2019 2119 in
2049 2066 2297 2119 extremis
2327 2064 2518 2116 ﬁnibus
2550 2062 2921 2115 Idttntreorum.

2516 2151 2744 2206 CAPUT
2788 2151 3005 2207 XXVII.

2042 2244 2197 2315 164
2225 2243 2314 2297 IT.
2344 2243 2509 2297 .losue
2563 2243 2700 2296 ﬁlius
2731 2243 2868 2307 Non,
2910 2260 2971 2296 ex
3016 2243 3152 2298 tribu
3195 2242 3450 2311 Ephraitn
3495 2244 3545 2296 irt

1964 2337 2194 2407 Aigypto
2235 2348 2413 2400 natus,
2466 2334 2629 2404 Moysi
2667 2335 2979 2402 discipulus,
3011 2343 3066 2388 et
3111 2335 3388 2404 potestatis
3428 2349 3552 2388 suc-

1963 2444 2165 2491 cessor,
2216 2430 2442 2495 novique
2487 2426 2652 2494 pra-lii
2686 2427 3060 2494 triumphator.
3115 2426 3236 2492 Qui,
3265 2439 3547 2495 quoustjue

1962 2521 2237 2589 expediret
2259 2521 2537 2573 victoriam
2558 2527 2613 2571 ut
2638 2518 2716 2571 sol
2742 2526 2924 2582 staret,
2949 2518 3084 2573 caelo
3107 2519 3404 2587 imperavit.
3430 2518 3553 2572 .Ior-

1964 2613 2115 2666 danis
2137 2612 2295 2666 etiam
2321 2625 2534 2665 cursum
2564 2610 2787 2663 transitu
2819 2625 2918 2664 suo
2944 2610 3193 2664 resistere
3224 2609 3357 2682 [Al.,
3381 2608 3548 2680 stare]

1965 2700 2107 2756 iecit.
2173 2700 2391 2755 Iericho
2451 2698 2893 2770 inexpugnabiles
2952 2714 3133 2755 muros
3188 2700 3547 2769 clangentium

1965 2795 2210 2847 tubarum
2242 2806 2376 2845 sono
2402 2791 2615 2859 dejecit.

2034 2884 2124 2938 48.
2171 2883 2593 2936 Chananteorum
2644 2883 2837 2936 evertit
2895 2898 3089 2953 regna,
3148 2896 3299 2951 reges
3342 2882 3546 2937 exstin-

1964 2974 2075 3037 xit,
2137 2989 2199 3027 ac
2258 2974 2506 3041 populum
2563 2973 2654 3026 Dei
2704 2975 2849 3027 solus
2898 2975 2950 3026 in
3002 2983 3200 3027 terrain
3255 2973 3548 3042 repromis-

1965 3066 2133 3118 StOIlIS
2194 3063 2435 3126 induxit,
2492 3077 2718 3132 eamque
2785 3072 2932 3119 sorte
2992 3064 3282 3118 distribuit.
3350 3061 3548 3133 Viginti

277 3169 487 3211 amaras
504 3171 670 3226 aquas
690 3166 993 3224 perlaetqu
1016 3156 1145 3225 ligni
1170 3157 1221 3209 in
1238 3158 1550 3209 suavitatem
1574 3158 1856 3210 convertit.
1890 3164 1934 3224 ρ
1967 3170 2170 3226 septem
2202 3158 2354 3209 annis
2386 3156 2598 3223 prasl'uit
2628 3157 2678 3208 in
2711 3156 2893 3209 Israel.
2927 3156 3291 3222 Occubuitque
3333 3165 3546 3209 centum

275 3250 408 3313 Quin
438 3250 604 3303 etiam
625 3248 765 3301 inter
786 3248 901 3301 hmc
930 3247 1185 3301 esurienti
1210 3248 1369 3300 Israel
1388 3247 1609 3300 rteleste
1639 3247 1861 3315 praebuit

276 3340 546 3406 pabulum,
576 3342 957 3408 volucrumque
981 3341 1119 3393 escis
1154 3337 1377 3405 replevit
1400 3338 1514 3391 loca
1537 3348 1857 3391 castrorum.

345 3431 505 3499 163
535 3428 629 3482 42.
661 3430 930 3484 Percussit
967 3429 1185 3496 insuper
1211 3439 1438 3497 petram,
1465 3439 1623 3497 atque
1652 3439 1858 3483 extem-

279 3518 360 3585 plo
394 3524 530 3572 dura
568 3534 822 3572 saxorum
871 3518 1146 3587 crepidine
1187 3520 1402 3587 copiosa
1442 3518 1635 3571 ﬂuenta
1678 3533 1861 3571 mana-

278 3622 413 3663 runt.
445 3610 709 3665 Ascendit
735 3624 947 3678 quoque
976 3608 1229 3663 verticem
1254 3608 1449 3663 montis
1475 3608 1644 3676 Sinai,
1674 3610 1859 3662 faciem

279 3702 490 3756 Domini
536 3702 1017 3770 contemplaturus,
1060 3701 1130 3753 ibi
1175 3700 1522 3769 quadraginta
1552 3699 1755 3754 dierum
1780 3698 1863 3766 je-

280 3797 415 3864 junia
466 3795 713 3863 pertulit;
768 3794 1095 3847 descendens
1138 3792 1370 3846 incendit
1411 3792 1654 3855 vitulum,
1697 3794 1861 3845 sacri-

281 3884 421 3951 legos
467 3884 762 3953 prostravit
806 3884 1002 3953 gladio,
1052 3883 1219 3951 legem
1252 3894 1524 3951 acceptam
1554 3897 1583 3935 a
1618 3882 1729 3936 Deo
1761 3898 1860 3952 po-

281 3974 395 4041 pqu
428 3976 669 4038 tradidil,
704 3976 970 4043 ritumque
998 3974 1271 4042 religionis
1301 3973 1548 4027 instituit.

342 4065 429 4117 45.
462 4065 607 4119 Inter
661 4067 777 4119 haec
816 4079 1027 4133 quoque
1073 4063 1211 4118 bella
1253 4065 1438 4133 gessit,
1476 4063 1713 4118 victoriis
1752 4064 1859 4118 cla-

278 4159 394 4222 ruit,
425 4159 634 4227 virgam
664 4158 715 4210 in
743 4173 900 4210 manu
926 4167 1144 4221 tenens;
1183 4157 1364 4211 hostes
1390 4172 1523 4224 quos
1557 4172 1661 4210 non
1687 4158 1861 4211 conti-

275 4252 343 4317 git
364 4291 378 4314 ,
410 4252 689 4319 superavit
720 4264 733 4300 :
769 4248 1042 4302 lethiferos
1085 4248 1324 4316 aspidum
1359 4263 1569 4303 morsus
1596 4249 1722 4303 aerei
1746 4262 1860 4303 ser-

276 4344 441 4406 pentis
490 4350 714 4410 aspectu
778 4340 1007 4393 sanavit.
1076 4339 1283 4392 Dathan
1332 4347 1387 4392 et
1428 4339 1651 4404 Abiron,
1702 4350 1860 4393 terrae

272 4432 615 4502 compagibus
664 4430 833 4498 ruptis
854 4473 867 4494 ,
904 4431 1142 4483 viventes
1171 4430 1432 4498 profundo
1465 4430 1606 4484 hiatu
1639 4430 1856 4500 dejecit.

1965 3260 2019 3303 et
2046 3250 2229 3304 decem
2278 3262 2537 3301 annorum
2590 3256 2751 3317 atque
2798 3249 3040 3316 sepultus
3081 3256 3165 3301 est
3215 3249 3268 3300 in
3316 3248 3548 3301 Tamna-

1967 3346 2147 3397 thsare
2176 3344 2391 3397 civitate
2437 3358 2556 3407 sua,
2606 3343 2852 3410 quaesita
2902 3350 2985 3396 est
3033 3344 3084 3395 in
3134 3343 3303 3395 latere
3351 3344 3551 3395 montis

1964 3434 2123 3497 Caus,
2165 3444 2350 3487 contra
2398 3435 2741 3502 Aquilonem,
2789 3432 2875 3485 ubi
2923 3448 3092 3501 usque
3138 3432 3296 3485 hodie
3338 3431 3548 3499 insigne

1964 3536 2363 3579 monumentum
2384 3526 2499 3591 ejus
2526 3524 2840 3579 ostenditur.
2868 3522 2961 3575 Est
2982 3533 3157 3577 autem
3180 3522 3232 3575 itt
3256 3522 3390 3577 tribu
3406 3522 3541 3575 Dan.

2494 3633 2721 3689 CAPUT
2766 3632 3004 3687 XXVIII.

2034 3725 2125 3782 49.
2140 3726 2215 3779 Ph
2227 3728 2232 3735 '
2244 3741 2378 3780 nees
2393 3726 2669 3789 sacerdos,
2696 3725 2834 3778 ﬁlius
2848 3724 3087 3778 Eleazari
3110 3723 3427 3789 sacerdotis,
3451 3723 3545 3777 lilii

1963 3820 2163 3879 Aaron,
2194 3818 2369 3871 zelum
2410 3817 2617 3869 Domini
2648 3833 2833 3885 agens,
2866 3816 3079 3870 Zatnbri
3126 3830 3409 3872 coeuntetn
3442 3817 3547 3870 im-

1964 3912 2210 3979 pudicum
2243 3910 2399 3962 simul
2443 3924 2562 3959 cum
2593 3916 2773 3960 scorto
2819 3908 3158 3960 Mattiartitide
3189 3908 3295 3959 telo
3328 3922 3548 3974 percus-

1960 4001 2052 4062 sit,
2103 4008 2261 4066 atque
2293 4005 2577 4066 perpetuas
2608 3996 2892 4049 sacerdotii
2936 3996 3130 4049 infulas
3162 3996 3548 4065 prmtttinmqne

1963 4089 2297 4143 victimarum
2349 4088 2400 4139 in
2434 4087 2873 4155 generationibus
2906 4087 3068 4142 Israel
3111 4088 3324 4152 meruit,
3361 4104 3455 4156 pro
3483 4104 3548 4144 eo

1962 4182 2101 4250 quod
2130 4183 2246 4235 zelo
2276 4180 2441 4233 divini
2487 4180 2688 4233 amoris
2734 4194 2995 4235 accensus
3041 4181 3169 4234 iram
3206 4180 3413 4235 Domini
3463 4182 3545 4236 fe-

1962 4273 2148 4328 riendo
2182 4270 2434 4342 placavit.

2529 4360 2758 4415 CAPUT
2786 4360 2977 4414 XXIX.

2032 4454 2355 4509 50.Gedeon
2383 4452 2522 4506 ﬁlius
2551 4452 2678 4507 Joas
2706 4467 2771 4506 ex
2800 4452 2937 4505 tribu
2966 4453 3231 4519 Manasse,
3260 4453 3471 4522 genitus
3496 4456 3548 4507 in

276 4523 345 4572 ’ω
385 4531 688 4576 "tremum
721 4520 1035 4575 comcendi"
1061 4528 1295 4573 "wmcm
1344 4519 1515 4585 Nebo’
1550 4529 1856 4591 terramque
1885 4544 1937 4604 D
1962 4545 2270 4608 solitudine,
2299 4544 2552 4599 liberator
2574 4543 2773 4613 p0puli,
2798 4551 2850 4595 et
2881 4544 3167 4597 multorum
3196 4519 3344 4612 pater
3371 4547 3545 4597 exsti-

274 4614 721 4681 repromissionis,
753 4613 1154 4667 demonstrante
1186 4613 1431 4674 Domino,
1468 4613 1679 4680 aspicit.
1716 4614 1855 4668 Mor-

276 4715 491 4773 tuusque
518 4709 623 4768 éSt,
649 4704 868 4770 jubettte
902 4703 1153 4767 Domino,
1188 4701 1241 4755 in
1277 4711 1458 4757 m0ttte
1489 4703 1738 4768 Abarim;
1770 4719 1857 4759 se-

273 4798 548 4863 pultusque
561 4805 643 4847 est
657 4810 684 4847 a
701 4795 921 4847 Domino
938 4795 989 4847 in
1004 4794 1139 4848 valle
1154 4794 1323 4859 Moab,
1339 4809 1457 4863 quae
1471 4804 1551 4849 est
1569 4796 1619 4848 in
1637 4797 1850 4850 Arabia.

338 4891 423 4960 It.
461 4890 625 4942 Rexit
654 4899 827 4942 autem
867 4888 1115 4956 populum
1143 4887 1233 4941 Dei
1262 4887 1313 4941 in
1343 4904 1525 4942 eremo
1547 4890 1699 4943 annis
1722 4905 1853 4959 qua-

272 4979 525 5049 draginta,
563 4982 801 5049 obiitque
835 4995 1097 5032 annorum
1144 4989 1355 5033 centum
1394 4978 1596 5045 viginti.
1624 4980 1850 5046 Quidam

270 5084 441 5126 autem
487 5088 609 5126 eum
670 5074 847 5125 vivere
905 5081 1185 5135 testantur,
1249 5085 1342 5137 pro
1395 5085 1460 5124 eo
1492 5071 1632 5139 quod
1674 5073 1853 5140 sepul-

271 5176 413 5218 crum
452 5167 569 5233 ejus
611 5181 714 5217 non
749 5164 1031 5231 reperitur.
1078 5162 1145 5215 Et
1185 5163 1308 5231 quia
1348 5162 1596 5230 apparuit
1628 5163 1852 5218 Domino

270 5253 315 5305 in
347 5268 530 5310 monte
561 5256 776 5307 'I'habor
812 5269 932 5308 cum
984 5254 1122 5315 Elia,
1172 5262 1436 5307 mortuum
1481 5264 1657 5309 autem
1703 5257 1848 5317 illum

270 5358 401 5414 esse,
429 5364 535 5399 non
564 5354 797 5414 raptum,
818 5345 1119 5399 certissime
1138 5358 1283 5397 sacra
1303 5343 1574 5411 Scriptura
1600 5353 1845 5401 testatur.

330 5528 421 5581 39.
456 5526 663 5580 Nomen
693 5538 813 5578 esse
856 5521 1228 5593 Egyptiacum
1257 5522 1466 5593 Moyses
1494 5521 1645 5576 aiunt
1674 5522 1849 5590 Philo,

268 5597 528 5665 Iosephus
564 5608 618 5649 et
647 5598 794 5648 Abeo
828 5595 984 5647 Eua.

330 5663 422 5722 £0.
460 5668 652 5720 Notatu
683 5666 840 5732 digna
861 5663 1095 5717 occurrit
1139 5664 1391 5719 nonnulla
1428 5664 1718 5734 Scriptum
1762 5664 1843 5718 di-

272 5737 588 5810 screpantia,
610 5752 731 5805 qua:
760 5742 898 5788 inter
919 5735 1094 5787 varias
1125 5734 1378 5791 lectiones
1434 5737 1602 5792 videri
1646 5745 1839 5804 pOtest.

632 5827 904 5886 PATROL.
932 5823 1285 5885 LXXXIII.

1966 4639 2027 4692 tit
2059 4638 2313 4699 ﬁliorum,
2346 4650 2505 4688 manu
2557 4638 2731 4699 I‘ortts,
2774 4634 2999 4686 consilio
3048 4643 3325 4699 strenuus,
3377 4635 3546 4701 signis

1962 4732 2247 4800 explorans
2273 4726 2466 4782 futuras
2493 4726 2810 4780 documenta
2845 4726 3112 4793 victoriae,
3146 4727 3545 4795 potentiamque

1964 4822 2057 4876 Dei
2082 4822 2133 4875 in
2159 4821 2378 4874 vellere.
2410 4820 2507 4872 llic
2535 4832 2656 4871 cum
2690 4820 2942 4871 trecentis
2969 4818 3098 4871 viris
3128 4833 3320 4886 aquam
3366 4820 3541 4887 lingua

1962 4910 2339 4978 lambentibus,
2372 4925 2475 4963 non
2508 4910 2609 4962 tela
2642 4909 2693 4960 itt
2719 4909 2944 4973 dextris,
2971 4909 3260 4973 sedtubas,
3292 4924 3390 4962 nec
3414 4911 3542 4961 lmva

1961 5008 2229 5078 clypeum,
2266 5005 2359 5060 sed
2396 5004 2612 5075 bydrias
2639 5002 3065 5071 praeferentibus,
3100 5003 3304 5057 hostem
3337 5012 3544 5055 terrore

1960 5098 2206 5165 perculit,
2238 5110 2300 5151 ac
2332 5098 2505 5150 victor
2535 5096 2605 5150 de
2633 5094 2886 5149 Amalech
2937 5095 3145 5149 fortiter
3175 5095 3540 5161 triumphavit.
3579 5098 3587 5136 '-

1959 5185 2234 5243 Judicavit
2265 5187 2430 5240 Israel
2475 5200 2648 5239 annos
2676 5186 3049 5255 quadraginta,
3080 5192 3433 5253 mortuusque
3461 5196 3544 5237 εει

1959 5297 2144 5346 senex,
2180 5287 2233 5333 et
2261 5279 2501 5345 sepultus
2531 5279 2585 5333 in
2614 5278 2863 5348 sepulcro
2908 5277 3034 5332 Joas
3060 5270 3225 5349 patris
3272 5280 3327 5331 In
3359 5277 3537 5347 Ephra

1959 5369 2027 5424 de
2056 5368 2253 5423 Iatnilia
2286 5369 2433 5423 Ezri.

1959 5524 2265 5595 Legendum
2293 5522 2505 5595 videtur
2537 5519 2631 5595 Dei
2658 5508 3053 5595 propugnatoris
3076 5516 3261 5595 Israel.
3295 5522 3467 5595 Apsv.
3546 5548 3551 5554 -

2021 5591 2109 5647 50.
2142 5596 2214 5648 De
2239 5595 2341 5647 hoc
2371 5592 2555 5646 lsidori
2582 5592 2757 5656 capite
2801 5592 3114 5644 conferendi
3164 5601 3289 5645 sunt
3328 5591 3541 5647 Bollan-

1949 5665 2117 5733 diani,
2152 5665 2217 5719 ad
2239 5664 2380 5719 diem
2413 5665 2441 5715 7
2471 5660 2824 5731 Septembris,
2846 5678 2970 5740 pag.
3005 5661 3096 5717 85.
3132 5665 3299 5717 Ansv.

3109 5804 3142 5866 5
