4108 6178
526 346 627 401 ηε)

1098 445 1325 503 CAPUT
1370 441 1539 498 XXX.

601 544 757 620 165
778 545 863 599 5i.
889 541 1081 611 Jephte
1113 536 1441 597 Calaaditcs,
1463 533 1585 588 felix
1616 531 1669 587 in
1696 531 1918 600 prreliis,
1946 529 2115 583 ﬁdelis

524 642 577 696 in
611 636 910 709 promissis,
940 632 1184 687 allectum
1228 629 1441 698 pieta‘is
1473 639 1805 690 exsuperans
1832 621 2113 680 tolerantia

524 731 741 785 metuis.
764 728 859 782 llic
875 725 1016 779 enim
1032 730 1249 775 voverat
1271 722 1397 781 Deo,
1424 727 1477 769 ut
1501 718 1543 769 si
1564 716 1689 783 quid
1716 714 1793 768 illi
1812 722 1928 781 post
1952 714 2117 766 victo-

525 823 657 874 riam
688 813 976 871 revertenti
1008 812 1234 881 primunt
1266 818 1593 877 occurreret,
1626 803 1955 857 immolaret.
1984 802 2113 855 Nam

525 912 740 967 rediens
772 923 833 962 ex
872 905 1139 970 hostibus,
1175 902 1600 955 Ammoniturum
1637 896 2012 966 triumphator,
2047 908 2115 949 ne

530 1004 866 1074 pollueretur
888 997 1007 1052 labe
1033 993 1276 1065 periurii,
1297 991 1587 1061 pollicitam
1609 989 1951 1058 sponsionem
1977 1000 2119 1041 enm-

529 1091 717 1159 plevit,
743 1104 806 1144 ac
830 1088 1014 1149 filiam,
1050 1102 1169 1155 qua:
1200 1085 1386 1137 victori
1436 1090 1765 1141 occurrerat,
1797 1078 2113 1133 immolavit.

522 1181 796 1237 .ludicavit
817 1181 975 1235 Israel
1003 1194 1099 1234 sex
1123 1180 1300 1240 annis,
1331 1183 1385 1229 et
1409 1182 1651 1228 morluus
1667 1181 1750 1225 est
1778 1171 2119 1237 sepultusque

522 1278 579 1332 in
606 1271 828 1327 civitate
847 1269 1071 1335 Galaad,
1092 1283 1209 1338 quae
1239 1276 1320 1319 est
1348 1266 1398 1317 in
1429 1263 1647 1317 dimidia
1675 1261 1809 1316 tribu
1836 1261 2115 1315 Manassm.

1090 1354 1319 1410 CAPUT
1365 1352 1557 1407 XXXI.

599 1453 688 1508 52.
704 1453 953 1514 Samson,
975 1448 1113 1502 ﬁlius
1130 1445 1524 1518 promissionis,
1541 1445 1749 1512 genitus
1768 1456 1916 1511 patre
1937 1442 2121 1497 Mamre

529 1562 591 1600 ex
628 1547 766 1601 tribu
802 1544 933 1607 Dan,
971 1540 1254 1595 Nazaraaus
1289 1548 1527 1598 vocatus.
1567 1538 1816 1590 liberator
1849 1535 2030 1599 Israel,
2068 1542 2121 1588 et

532 1637 773 1693 omnium
828 1634 1172 1689 fortissimus.
1204 1631 1306 1685 Ιεεθ
1357 1630 1652 1695 rogientom
1697 1627 1948 1682 mactavit
1995 1627 2121 1680 leo-

532 1744 687 1794 nem,
723 1727 1005 1795 forumque
1044 1724 1112 1778 ab
1159 1737 1258 1777 ore
1291 1723 1485 1775 mortui
1532 1719 1682 1785 tulit,
1715 1734 1865 1773 seras
1911 1733 2123 1789 quoque

1602 332 1657 389 S.
1705 328 1947 388 lSlDORl
1991 324 2431 383 lllSPAlENSlS
2474 318 2771 377 EPISCOPI

2143 440 2189 499 Λ
2225 436 2317 490 llic
2349 435 2557 489 leonem
2590 440 2645 485 et
2686 444 2870 484 ursum
2903 428 3021 483 sine
3046 426 3225 498 gladio
3272 424 3560 490 interfecit,
3587 426 3805 478 cithara:

3706 312 3803 367 1-10

2219 527 2483 581 suavitate
2500 521 2831 577 immundum
2850 519 3096 587 spiritum
3118 518 3340 588 pepulit,
3361 519 3624 587 gigantem
3644 530 3807 583 expu-

2218 617 2424 687 gnavit.
2452 612 2618 683 lgtur
2650 609 3059 681 quadragesimo
3104 608 3276 677 regni,
3320 617 3372 660 et
3417 605 3809 674 septuagesimo

2217 709 2392 763 relatis
2430 720 2592 771 anno,
2625 704 2767 757 diem
2800 702 2921 755 vitae
2950 714 3260 769 supremum
3290 698 3702 759 consummavit,
3726 711 3808 751 se-

2221 799 2507 869 pultusque
2548 808 2633 851 est
2682 796 2731 849 in
2771 793 2984 847 civitate
3021 807 3116 845 sua
3172 789 3507 857 Bethlehem,
3549 803 3667 858 qua:
3709 788 3810 841 aio

2220 889 2481 944 vocabulo
2508 887 2703 941 dicitur
2742 883 2997 952 Ephrata,
3029 880 3117 936 ubi
3146 878 3306 934 etiam
3341 882 3597 933 Dominus
3628 894 3697 932 no
3729 885 3811 932 ter

2229 983 2384 1039 Jcsus
2414 978 2659 1033 Christus
2693 973 2985 1030 secundum
3008 986 3226 1027 carnem
3257 980 3342 1025 est
3373 980 3549 1025 natus.

2294 1073 2387 1128 58.
2415 1072 2485 1125 lbi
2518 1082 2750 1139 quoque,
2782 1077 2834 1120 et
2864 1063 3086 1124 Rachel.
3108 1077 3229 1117 cum
3258 1061 3542 1131 Benjamin
3576 1058 3811 1129 peperis-

2222 1174 2325 1228 set,
2369 1160 2639 1216 occubuit.
2687 1160 2758 1213 lbi
2791 1157 2952 1212 etiarn
2991 1154 3297 1222 sepulcrum
3337 1154 3490 1208 Jesse
3522 1153 3681 1220 patris
3712 1150 3813 1203 Da-

2223 1255 2308 1308 vid
2358 1252 2680 1309 ostenditur.
2711 1251 2805 1303 Est
2844 1256 3019 1301 autem
3058 1245 3145 1301 hic
3176 1244 3330 1299 locus
3386 1245 3439 1298 in
3492 1244 3632 1297 tribu
3679 1240 3813 1295 Juda

2221 1358 2377 1401 serito
2428 1345 2495 1397 ab
2548 1340 2845 1397 Jerusalem
2889 1337 3136 1393 milliaria
3181 1337 3382 1405 positus
3420 1343 3607 1389 contra
3657 1334 3815 1388 meti-

2223 1438 2364 1493 diem
2398 1438 2449 1491 in
2483 1436 2672 1489 itinere
2705 1446 2810 1501 quo
2842 1432 3080 1500 pergitur
3107 1430 3158 1482 in
3196 1428 3431 1483 llebron.

2761 1520 2991 1575 CAPUT
3032 1517 3278 1573 XXXIV.

2299 1618 2389 1675 59.
2406 1617 2566 1671 Salozi
2591 1631 2659 1671 on
2684 1614 2821 1668 filius
2837 1612 3000 1666 David
3019 1610 3194 1664 editus
3208 1624 3275 1663 ex
3294 1607 3590 1663 Bethsabt-e
3603 1607 3652 1659 in
3666 1605 3817 1661 Jeru-

2227 1713 2419 1777 salem,
2445 1718 2728 1778 antequam
2765 1711 3108 1768 nasceretur,
3140 1711 3363 1756 vocatus
3391 1699 3820 1769 Sapientissitnus

532 1831 802 1889 portarum
833 1816 1069 1870 humeris
1098 1813 1312 1874 tollens.
1350 1813 1402 1865 in
1451 1811 1653 1865 vertice
1704 1810 1901 1863 montis
1944 1810 2117 1875 impo-
2155 1804 2197 1863 Β
2225 1807 2499 1869 omnium,
2527 1812 2581 1858 et
2608 1798 2864 1855 dominici
2906 1796 3181 1851 dedicator
3221 1794 3446 1863 templi:
3488 1791 3613 1847 felix
3653 1793 3821 1858 impe-

530 1912 655 1964 suit.
696 1908 938 1978 Vulpium
988 1903 1175 1959 caudis
1221 1905 1342 1974 igne
1391 1903 1587 1955 vinctis
1621 1910 1783 1954 totant
1842 1900 2121 1971 regionem

536 2002 935 2067 Philistinorum
968 1995 1274 2052 succendit.
1312 1995 1532 2048 Vinctus
1560 1993 1719 2049 etiam
1765 1991 2009 2047 rescissis
2045 1992 2126 2046 fu-

536 2095 717 2158 nibus,
747 2092 967 2146 maxilla
996 2089 1132 2143 asini
1166 2088 1317 2142 mille
1360 2087 1504 2142 viros
1536 2085 1785 2155 peremit.
1818 2083 2009 2139 Nervis
2040 2085 2123 2137 in-

538 2198 678 2242 texta
708 2184 917 2239 vincula
940 2223 955 2247 ,
982 2191 1038 2237 ut
1064 2182 1215 2236 lanea
1251 2180 1359 2245 ﬁla,
1393 2178 1649 2248 disrupit.

608 2278 696 2333 b5.
746 2277 873 2330 Post
921 2275 1034 2329 haec
1083 2272 1303 2327 avaritia
1342 2270 1671 2324 illecebrosas
1702 2267 1940 2321 mulieris
1968 2267 2126 2321 dece-

537 2380 680 2437 ptus,
708 2367 949 2421 detonsis
974 2364 1236 2427 crinibus,
1268 2361 1371 2415 vim
1402 2377 1511 2414 sua:
1544 2362 1759 2414 virtutis
1784 2360 1961 2413 amisit
1988 2376 2001 2412 :
2029 2374 2127 2413 nec

536 2472 722 2523 mora,
747 2456 956 2511 elTossis
991 2455 1184 2517 oculis,
1242 2454 1522 2508 columnas
1568 2450 1753 2519 templi
1791 2452 2122 2510 concutiens.

536 2549 689 2604 ruina
712 2561 1005 2616 Oppressus
1025 2543 1352 2613 paritercum
1370 2544 1610 2598 hostibus
1633 2540 2127 2597 defecitJudieavit

540 2642 700 2694 lsrael
740 2638 897 2693 annis
919 2637 1105 2705 viginti
1149 2646 1203 2691 et
1243 2634 1445 2705 positus
1481 2644 1562 2689 est
1604 2636 1656 2688 in
1688 2637 1935 2703 sepulcro
1961 2636 2127 2704 patris

537 2735 619 2789 sui
645 2734 696 2787 in
720 2732 933 2787 civitate
962 2728 1339 2796 Esthaol,qu.e
1368 2736 1452 2782 est
1480 2728 1531 2781 in
1560 2727 1699 2781 tribu
1724 2726 1880 2792 Juda,
1915 2728 2127 2781 decimo

540 2824 724 2894 procul
758 2821 935 2890 lapide
957 2823 1022 2873 ab
1057 2819 1458 2887 Eleutheropoli
1479 2859 1494 2883 ,
1520 2828 1706 2872 contra
1733 2818 2125 2887 septentriona-

540 2917 642 2969 lem
663 2913 895 2985 plagam,
922 2913 1077 2982 juxta
1113 2912 1250 2963 viam
1289 2924 1406 2978 qua:
1436 2908 1583 2962 ducit
1618 2908 1947 2976 Nicopolim.

1090 3000 1319 3056 CAPUT
1358 2999 1576 3054 XXXII.

609 3094 700 3151 5L
716 3094 928 3150 Samuel
959 3092 1216 3162 propheta
1234 3134 1249 3155 ,
1271 3093 1382 3145 Iiliu
1403 3126 1407 3131 ~
1429 3091 1651 3157 Elcaua,
1670 3087 1738 3142 de
1754 3087 2043 3153 Ramatha,
2062 3103 2124 3141 ex

542 3188 683 3243 tribu
711 3186 991 3256 Epltraim,
1022 3192 1440 3238 connumeratus
1472 3182 1638 3249 Moysi
1674 3182 1724 3233 in
1756 3181 2128 3234 sacerdotibus
2163 3190 2208 3253 ς

547 3279 745 3340 Dei,ab
776 3277 905 3347 ip~is
938 3274 1216 3330 cunabulis
1247 3272 1634 3342 Dominolee
1650 3280 2016 3338 consecratus,
2047 3286 2132 3324 se-

542 3372 705 3424 dulus
742 3370 797 3423 in
846 3369 1169 3429 ministerio,
1215 3367 1266 3419 in
1321 3372 1480 3433 gente
1523 3366 1790 3431 princeps,
1845 3364 1895 3415 in
1936 3362 2135 3431 templo

543 3472 715 3527 vates,
748 3460 899 3529 cujus
930 3462 1094 3513 verbo
1132 3458 1639 3523 obtemperaverunt
1694 3457 1847 3519 ctuti,
1882 3467 2134 3507 occurre-

547 3560 674 3606 runt
701 3551 907 3615 nubila,
939 3547 1095 3603 effusi
1136 3559 1262 3600 sunt
1296 3545 1515 3599 imbres.

615 3643 705 3696 55.
735 3640 828 3693 llic
847 3638 1201 3707 triumphator
1218 3651 1284 3690 ex
1308 3634 1573 3700 hostibus,
1610 3631 1873 3702 Adjutorii
1904 3632 2134 3701 lapidem

548 3733 751 3802 posuit;
774 3730 861 3785 hic
878 3734 1106 3800 primum
1122 3727 1414 3797 principem
1433 3727 1484 3779 in
1510 3739 1674 3793 regno
1693 3732 1866 3779 unxit.
1881 3722 2136 3791 Sepultus

546 3835 630 3880 est
650 3832 827 3880 autem
858 3823 910 3877 in
942 3823 1059 3876 vico
1073 3834 1168 3874 suo
1188 3819 1446 3873 Ramatha
1463 3832 1582 3886 quae
1611 3827 1692 3869 est
1715 3818 1766 3868 in
1785 3814 2095 3868 Bethlehem
2120 3828 2134 3876 ;

549 3918 702 3986 cujus
723 3931 846 3973 ossa
874 3915 1134 3970 Arcadius
1167 3914 1436 3981 Augustus
1463 3908 1532 3963 de
1559 3907 1744 3963 Judaea
1772 3907 1824 3960 in
1851 3906 2137 3959 Thraciam

550 4010 846 4075 transtulit,
866 4017 919 4063 et
942 4021 1103 4076 super
1130 4005 1386 4059 tumulum
1407 4002 1524 4070 ejus
1540 4001 1740 4056 Christi
1763 4013 1912 4054 aram
1942 3999 2136 4053 erexit.

800 4100 803 4102 ’
1071 4093 1301 4149 CAPUT
1344 4090 1588 4146 XXXIII.

624 4189 713 4244 56.
736 4187 923 4255 David,
939 4200 1036 4242 rex
1058 4186 1195 4239 idem
1223 4194 1382 4253 atque
1399 4183 1680 4252 propheta,
1698 4192 1847 4236 ortus
1864 4181 2142 4251 degenere

550 4281 714 4346 .luda,
747 4280 885 4334 filius
915 4278 1088 4341 Jesse,
1120 4285 1277 4330 natus
1308 4274 1361 4328 in
1395 4275 1730 4339 Bethlehem,
1780 4289 1913 4343 puer
1959 4281 2142 4342 pastor

546 4373 731 4428 ovium
761 4370 903 4425 inter
932 4371 1123 4424 fratres
1144 4377 1302 4422 aetate
1328 4365 1526 4430 minor,
1554 4364 1752 4419 virtu'e
1778 4366 2136 4433 prtestantior,

547 4480 576 4519 a
616 4463 848 4519 Domino
878 4464 930 4517 in
986 4475 1205 4531 regnum
1240 4467 1479 4522 vocatus,
1524 4470 1556 4510 a
1585 4455 1844 4526 propheta
1877 4457 1927 4509 in
1957 4470 2138 4523 regem

2227 1899 2329 1963 rio,
2365 1894 2606 1965 paternis
2641 1890 2844 1945 meritis
2875 1889 3065 1957 impar,
3109 1886 3335 1941 dilectus
3362 1898 3389 1937 a
3424 1883 3553 1946 Deo,
3597 1881 3814 1947 sai-ictu;

2226 1989 2279 2044 in
2303 1987 2527 2059 judicio,
2554 1984 2606 2038 in
2644 1980 2907 2036 sententia
2929 1979 3124 2048 justus,
3153 1976 3403 2046 pacificus
3431 1974 3482 2028 in
3509 1988 3694 2042 regno.
3719 1970 3822 2039 Qui

2226 2079 2466 2151 poposcit
2501 2077 2652 2148 167
2684 2071 3027 2144 sap'entiam,
3078 2082 3131 2123 et
3190 2067 3519 2136 impetravit,
3552 2073 3609 2119 ut
3657 2064 3824 2118 sciret

2226 2170 2632 2238 disiiositienem
2669 2164 2815 2219 orbis
2847 2170 3129 2225 terrarum,
3173 2168 3229 2213 et
3258 2158 3483 2212 virtutes
3523 2156 3824 2210 elemento-

2227 2278 2373 2328 rum,
2403 2272 2620 2314 naturas
2647 2255 2979 2319 animalium,
3026 2261 3081 2308 et
3127 2250 3480 2319 cogitationes
3518 2245 3820 2300 hominuui.

2297 2354 2387 2408 60.
2426 2351 2520 2407 llic
2551 2363 2761 2419 quoque
2806 2362 2984 2401 mores
3029 2343 3350 2413 composuit,
3394 2357 3574 2396 rerum
3606 2348 3828 2394 naturas

2230 2444 2450 2513 reperit,
2467 2448 2797 2497 sacramenta
2811 2436 3005 2491 Citriin
3025 2442 3078 2489 et
3097 2433 3347 2488 Ecclesize
3370 2430 3643 2487 revelavit.
3661 2427 3830 2500 Cujus

2233 2534 2487 2606 principia
2526 2533 2660 2586 bona
2705 2529 2940 2591 fuerunt,
2972 2525 3263 2579 novissima
3301 2537 3431 2577 vero
3461 2521 3623 2576 mala.
3665 2520 3825 2583 Nam,

2231 2634 2355 2698 post
2384 2625 2670 2690 multarum
2710 2621 2969 2674 virtutum
3000 2615 3224 2687 gloriam
3244 2654 3260 2680 ,
3293 2629 3476 2669 amore
3504 2613 3832 2681 deprautus

2231 2720 2485 2780 femineo,
2517 2726 2568 2771 et
2591 2721 2865 2782 acceptam
2897 2707 3218 2779 sapientiam
3251 2706 3503 2776 perdidit,
3540 2714 3595 2759 et
3627 2705 3679 2759 in
3706 2720 3832 2773 pro-

2233 2813 2452 2868 fundum
2489 2806 2802 2863 idololatria:
2832 2803 3003 2859 flenda
3036 2801 3190 2857 ruina
3219 2798 3498 2855 demersus
3536 2806 3637 2853 est.
3685 2796 3831 2863 Qua-

2229 2903 2471 2972 draginta
2502 2898 2656 2953 annis
2686 2897 2949 2966 regnavit,
2981 2892 3365 2965 quinquaginta
3388 2898 3443 2946 et
3468 2891 3674 2946 duobus
3700 2899 3836 2943 teta-

2237 3007 2345 3051 tem
2388 2992 2614 3063 peregit.
2668 2990 2870 3044 Dehinc
2918 2988 3074 3040 ﬁnem
3129 2985 3355 3055 imperio
3401 2992 3456 3039 et
3502 2983 3624 3037 vita
3660 2981 3831 3045 dedit,

2233 3086 2581 3156 sepultusque
2603 3092 2686 3136 est
2712 3080 2763 3134 in
2788 3080 3004 3133 civitate
3046 3077 3212 3145 patris
3233 3076 3314 3128 sui
3346 3073 3685 3129 Bethlehem.

2805 3168 3032 3225 CAPUT
3077 3164 3294 3222 xxxv.
3480 3240 3481 3243 γ

2311 3271 2401 3325 61.
2434 3267 2575 3323 Elias
2595 3265 2882 3320 Thesbites
2912 3262 3163 3316 sacerdos
3183 3271 3408 3327 magnus
3429 3265 3589 3325 atque
3608 3253 3838 3324 prephe-

2244 3375 2313 3429 ta,
2346 3362 2617 3417 habitator
2637 3354 2962 3419 solitudinis,
3003 3353 3107 3408 ﬁde
3140 3350 3348 3422 plenus,
3384 3349 3667 3403 devotione
3687 3361 3838 3401 sum-

2241 3471 2379 3520 mus,
2406 3453 2459 3508 in
2489 3451 2761 3507 laboribus
2809 3448 2987 3511 fortis,
3021 3443 3278 3500 industria
3312 3442 3507 3503 solers,
3540 3437 3831 3495 excellenti

2242 3548 2453 3612 itt,.enio
2476 3544 2753 3614 praeditus,
2778 3539 2830 3593 in
2849 3539 3235 3594 exercitatione
3252 3535 3551 3604 disciplinae
3574 3541 3839 3596 structus,

2243 3641 2295 3696 iu
2323 3650 2507 3695 sancta
2548 3634 2898 3691 meditatione
2932 3631 3204 3697 assiduus,
3238 3637 3491 3696 metuque
3525 3624 3711 3680 mortis
3750 3624 3839 3676 in-

2252 3732 2510 3800 trepidus,
2552 3723 2853 3782 verberavit
2899 3730 3175 3792 tyrannos,
3221 3719 3511 3786 sacrilegos
3543 3712 3838 3777 interfecit,

2242 3823 2525 3892 multisque
2547 3818 2718 3887 signis
2731 3815 2985 3869 virtutum
3003 3810 3221 3865 eﬁ'ulsit.
3238 3805 3475 3863 Trlennii
3492 3819 3720 3875 namque
3734 3806 3845 3859 sic-

2242 3918 2400 3969 citate
2417 3912 2610 3967 clausit
2624 3909 2883 3964 imbribus
2894 3906 3110 3961 cmlum.
3129 3902 3311 3958 Oravit
3327 3917 3560 3966 rursum,
3574 3910 3624 3955 et
3637 3898 3841 3955 ctelnm

2242 4006 2394 4061 dedit
2426 4006 2652 4074 pluvias,
2687 4015 2790 4055 mo:
2808 4006 3063 4068 tuumque
3087 3994 3332 4050 mulieris
3352 3992 3519 4047 ﬁlium
3542 3988 3840 4045 suscitavit.

2314 4095 2404 4149 62.
2432 4094 2596 4162 Cujus
2638 4094 2833 4145 virtute.
2876 4088 3062 4159 hydria
3113 4085 3301 4139 farina:
3351 4097 3457 4137 non
3497 4079 3714 4144 defecit,
3746 4094 3846 4133 vas

2243 4189 2346 4242 olei
2410 4192 2669 4256 perpetuo
2732 4181 2879 4235 fonte
2936 4177 3192 4233 manavit.
3239 4175 3404 4238 Cuius
3458 4174 3621 4229 verbo
3678 4188 3848 4242 super

2242 4276 2559 4333 sacriﬁcium
2588 4273 2722 4344 ignis
2747 4272 2816 4327 de
2867 4270 3006 4326 ctelo
3032 4268 3331 4324 descendit.
3388 4267 3483 4322 llic
3511 4266 3647 4320 duos
3685 4264 3850 4333 quin-

2243 4366 2598 4438 qnagenarios
2632 4378 2750 4418 cum
2801 4362 3059 4417 militibus
3101 4359 3310 4414 caelesti
3357 4359 3479 4428 igne
3520 4353 3844 4411 combussit.

2244 4466 2530 4520 .lordanem
2592 4460 2861 4516 transiens
2892 4501 2908 4524 ,
2964 4466 3109 4513 tactu
3161 4456 3375 4512 melotis
3423 4455 3655 4524 abrupit.
3715 4450 3855 4507 Post

554 4565 766 4619 unctus,
798 4553 1019 4622 belliger
1044 4551 1278 4621 juvenis,
1314 4550 1367 4603 in
1396 4549 1697 4604 certamine
1738 4546 2047 4616 singularis.
2084 4548 2131 4600 in

2246 4557 2399 4626 igneo
2424 4570 2583 4608 curru
2610 4554 2663 4606 in
2685 4552 2880 4607 caelum
2906 4560 3090 4619 raptus
3121 4549 3383 4611 ascendit,
3410 4555 3668 4600 venturus
3692 4546 3851 4612 juxta

559 4645 830 4714 triumpho
859 4644 1148 4714 gloriosus,
1185 4640 1452 4697 vincendo
1488 4651 1796 4704 veteranus,
1849 4639 2056 4709 patiens
2085 4640 2141 4694 iu

555 4737 819 4800 adversis,
850 4734 1084 4804 prudens
1130 4734 1183 4786 in
1235 4731 1510 4801 periculis,
1545 4731 1599 4784 in
1647 4738 1868 4798 peccato
1920 4735 2147 4800 proprio

560 4830 772 4893 dolens,
803 4829 858 4882 in
888 4826 1066 4880 alieno
1097 4825 1286 4881 funere
1313 4825 1523 4894 lugens,
1555 4837 1759 4892 pronus
1788 4823 1855 4876 ad
1886 4823 2150 4892 paeniten-

503 4968 509 4976 .
558 4921 710 4986 tiam,
746 4918 901 4974 velox
931 4916 996 4971 ad
1026 4918 1259 4971 veniam.
1290 4914 1345 4971 in
1390 4914 1636 4970 convicio
1680 4914 1856 4979 mitis,
1888 4913 1956 4968 ad
1986 4914 2149 4968 mise-

505 5004 509 5012 ’
559 5013 846 5067 ricordiam
877 5010 1066 5065 facilis.

628 5104 721 5160 57.
735 5103 837 5173 Qui
854 5102 1126 5159 inimicum
1146 5115 1347 5171 regem,
1364 5099 1486 5155 dum
1509 5108 1712 5168 posset,
1729 5096 2017 5153 innocuum
2036 5113 2140 5153 non

563 5203 766 5248 tantum
787 5193 1080 5251 reservavit
1103 5191 1378 5255 traditum,
1397 5190 1492 5245 sed
1512 5188 2138 5245 etvindicavitocrisum.

632 5304 723 5360 5f.
755 5304 962 5360 Laudat
985 5304 1243 5370 Isidorus,
1275 5301 1416 5372 quod
1450 5300 1641 5371 Jephte
1688 5301 1857 5355 ﬁdelis
1902 5301 1954 5355 in
2012 5316 2141 5370 pro-

565 5376 743 5430 missis
771 5375 929 5427 ﬁliam
962 5375 1335 5429 immolaverit.
1367 5374 1498 5438 Quae
1526 5372 1790 5426 sententia
1811 5385 1840 5425 a
1872 5372 2142 5424 nonnullis

564 5447 765 5499 sanctis
786 5442 1034 5500 Patribus
1065 5443 1555 5512 recentioribu~que
1597 5441 1859 5512 theologis
1893 5442 2135 5512 probata,

567 5516 878 5572 testimonio
896 5514 1066 5569 sancti
1096 5516 1263 5579 Pauli,
1302 5510 1567 5577 Hebrum,
1596 5512 1685 5577 5‘2,
1709 5510 1803 5577 55,
1837 5510 2141 5565 conﬁrmari

569 5594 762 5653 potest.
782 5585 882 5639 Alii
898 5584 949 5637 itt
963 5584 1095 5638 alias
1110 5586 1305 5641 abeunt
1324 5585 1645 5647 sententias,
1675 5598 1792 5653 qum
1804 5591 2145 5651 exponuntur

566 5650 813 5711 aCaImet
827 5658 876 5709 in
890 5655 1093 5708 erudita
1111 5655 1490 5709 Dissertatione
1504 5654 1571 5709 de
1591 5650 1943 5720 Vntth-phte.
1972 5655 2140 5705 Ansv.

756 5729 862 5794 ΑΙ..
893 5725 1025 5779 inter
1056 5722 1212 5798 Sara,
1235 5732 1282 5777 et
1304 5721 1539 5779 Eathaof.
1566 5720 1687 5778 .lud.
1720 5739 1823 5777 xvt.
1856 5728 2020 5777 ηδτ.

2248 4648 2564 4703 Malachlam
2604 4645 2919 4715 prophetam
2953 4643 3005 4697 in
3040 4643 3143 4697 ﬁne
3175 4642 3384 4704 mundi,
3430 4654 3493 4693 ac
3542 4651 3853 4708 praecesso—

2247 4752 2337 4792 rus
2374 4738 2673 4804 Christum,
2719 4737 3061 4789 nuntiaturus
3114 4719 3359 4785 ultimum
3390 4730 3507 4798 ejus
3555 4729 3853 4784 adventum

2245 4844 2367 4885 cum
2412 4829 2619 4898 magnis
2655 4826 2942 4881 virtutibus
2991 4824 3356 4894 prodigiisque
3403 4822 3719 4890 signorum:
3774 4820 3855 4872 ita

2248 4929 2305 4972 ut
2332 4918 2492 4973 etiam
2521 4921 2572 4971 in
2608 4928 2750 4972 terra
2778 4916 2977 4970 bellum
3008 4923 3159 4983 gerat
3188 4909 3550 4966 Antichristus
3578 4910 3851 4961 adversus

2249 5024 2391 5073 eum,
2423 5009 2504 5062 vel
2551 5007 2639 5076 qui
2675 5023 2794 5060 cum
2843 5021 2910 5061 eo
2949 5015 3209 5058 venturus
3257 5015 3360 5068 e5t,
3393 5009 3447 5054 et
3485 4999 3690 5054 occidet
3727 5012 3855 5064 eos,

2248 5102 2507 5156 cadavera
2533 5114 2744 5169 quoque
2770 5115 2956 5153 eorum
2987 5098 3039 5151 in
3064 5097 3256 5166 plateis
3279 5096 3549 5163 insepulta
3568 5090 3851 5161 jacebunt.

2319 5191 2409 5247 65.
2442 5190 2649 5245 Dehinc
2677 5189 2918 5245 suscitati
2960 5206 2987 5242 a
3023 5188 3246 5242 Domino
3277 5200 3499 5254 regnum
3534 5180 3856 5239 Antichristi

2318 5300 2406 5356 60.
2435 5300 2650 5354 Cantica
2676 5296 3018 5354 Canticorum
3068 5297 3278 5353 videtur
3320 5298 3544 5350 innuete
3587 5294 3857 5355 Isidorus.

2245 5373 2371 5426 dum
2423 5371 2497 5425 ait
2522 5371 2865 5426 Salomonem
2895 5382 3231 5422 sacramenta
3260 5366 3461 5421 Christi
3494 5377 3549 5421 et
3581 5367 3849 5420 Eccle~i;e

2247 5444 2539 5497 revelasse.
2563 5444 2731 5495 Ansv.

2318 5512 2409 5565 62.
2442 5509 2697 5565 Adversus
2727 5523 2863 5570 eum,
2896 5509 2973 5562 vel
2998 5508 3084 5575 qui
3110 5522 3228 5562 cum
3258 5522 3319 5561 eo
3340 5522 3361 5561 :
3392 5506 3493 5560 hoc
3521 5516 3623 5568 eat,
3654 5503 3863 5557 adver-

2249 5597 2485 5658 Sttsguttt
2514 5582 2670 5658 etqui
2689 5595 2925 5658 corneo;
2959 5596 3078 5658 nam
3103 5578 3179 5658 vel
3210 5592 3307 5647 pro
3337 5587 3382 5630 ct
3414 5577 3866 5658 poniturﬂnttv.~

2320 5650 2412 5705 65.
2457 5646 2829 5713 l‘ertulliauos,
2855 5652 2947 5704 lib.
2973 5650 3043 5702 tle
3076 5646 3286 5713 Anima,
3328 5663 3378 5701 c.
3435 5647 3502 5700 55
3552 5655 3605 5698 et
3647 5646 3863 5713 δίκαιε

2266 5722 2379 5787 Elia
2409 5733 2462 5777 et
2490 5722 2704 5777 llenoch
2753 5740 2765 5774 :
2811 5712 3051 5773 Morituri
3100 5728 3445 5784 rem-rantur,
3487 5724 3539 5769 ut
3591 5712 3861 5767 Antichri-
