4104 6172
328 328 427 381 ιιι

1505 320 1593 376 DE
1633 320 1815 377 ΟΠτο
1857 323 1945 377 ΕΤ
1982 324 2185 381 OBITU
2232 324 2536 381 PATRUM.

3506 336 3603 386 li?

325 440 485 504 placa
510 449 698 504 magna
731 434 890 506 168
909 432 1225 503 percutienl.
1254 431 1519 487 Posthac
1539 434 1715 488 veniet
1747 434 1925 490 Domt-
1955 442 1999 498 Α
2032 446 2218 503 terms,
2248 437 2334 505 qui
2362 438 2521 493 simili
2570 450 2903 505 nuncupatus
2933 451 3013 494 est
3063 446 3308 499 nomine:
3346 447 3432 499 ille
3459 452 3598 505 enim

324 543 453 594 nus,
485 536 539 580 et
566 525 850 579 interficiet
872 524 1255 579 Antichristuui
1284 523 1460 592 gladio
1483 524 1594 579 oris
1619 527 1725 591 sui,
1754 537 1808 580 et
1836 541 1930 581 eos

324 622 418 686 qui
467 620 833 673 aduraverunt
887 632 1031 672 eum.
1089 615 1156 670 Et
1214 617 1455 686 regnabit
1511 618 1765 673 Dominus
1806 634 1927 674 eum

324 712 589 764 oinnibus
618 712 821 763 sanctis
844 708 955 761 suis
983 709 1032 760 in
1061 708 1232 778 gloria
1263 708 1603 776 sempiterna.

398 800 492 855 64.
532 799 685 854 Item.
724 802 866 853 tilias
890 800 1168 853 Thesbitcs
1192 799 1259 853 de
1282 810 1421 851 terra
1454 799 1712 861 Arabum,
1740 798 1807 852 de
1830 809 1929 853 trt-

324 892 395 943 bu
434 893 640 956 Aaron,
685 907 808 947 cum
849 902 993 946 esset
1025 890 1076 944 iu
1124 901 1275 944 utero
1325 892 1505 943 matris
1538 906 1647 943 suae
1679 890 1925 955 Galaatb,

327 982 509 1036 Sobac
558 992 706 1050 pater
750 982 867 1049 ejus
914 981 1182 1034 somnium
1237 980 1387 1041 vidit,
1426 980 1568 1047 quod
1617 995 1926 1036 nasientem

325 1075 509 1130 Eliatu
545 1074 641 1127 viri
687 1073 929 1126 candidis
974 1073 1210 1125 vestibus
1260 1072 1554 1123 salutabant
1583 1111 1597 1135 ,
1652 1071 1927 1140 igneisque

321 1182 451 1219 eum
485 1165 821 1219 vestimentis
852 1164 958 1235 [AL
993 1161 1214 1233 institis]
1242 1164 1614 1223 nbvolwebant.
1642 1175 1799 1232 atque
1833 1180 1928 1233 pro

321 1258 646 1324 ciboignem
674 1258 720 1310 ei
746 1256 812 1308 ad
844 1255 1184 1308 nutriendum
1205 1254 1698 1308 subministrabant.
1720 1258 1830 1309 lloc
1856 1258 1929 1309 vi-

323 1364 447 1403 sum
500 1359 655 1418 pater
691 1347 810 1416 «jus
855 1348 1130 1415 prolibetis
1185 1346 1237 1399 in
1270 1346 1619 1417 ierosolymis
1651 1348 1925 1413 indicavit,

326 1440 544 1508 hocque
566 1440 633 1491 ab
658 1442 740 1493 eis
772 1439 975 1505 accepit
1025 1452 1336 1505 respnnsnm
1365 1455 1377 1488 :
1416 1437 1492 1490 Ne
1539 1439 1803 1503 timueris,
1844 1440 1926 1492 itt-

323 1532 547 1597 quiunt,
583 1532 685 1583 crit
726 1530 865 1583 enim
897 1531 1043 1583 natio
1084 1528 1200 1598 ejus
1234 1529 1432 1592 lumen,
1465 1531 1788 1599 Verbnmque
1811 1533 1930 1599 ejus

325 1625 452 1677 fixis
472 1623 770 1676 sententiis.
798 1621 1222 1677 .Iudimbitenim
1247 1620 1401 1675 Israel
1430 1621 1480 1675 in
1505 1621 1677 1691 gladio
1701 1630 1756 1676 et
1777 1625 1914 1693 igne.

863 1712 1093 1767 CAPUT
1147 1712 1386 1767 XXXVI.

2031 544 2096 585 ex
2120 544 2342 584 numero
2371 540 2646 599 pastorum
2676 531 2774 584 fuit
2794 532 2863 585 de
2894 533 3089 601 oppido
3115 534 3348 602 'I'heene,
3384 537 3470 592 hic
3511 555 3605 593 au-

2032 629 2137 672 tem
2167 633 2366 688 genere
2388 618 2555 673 nobili
2584 629 2735 675 ortus
2766 621 2818 673 in
2860 620 3156 677 Jt-rusalem
3184 641 3198 688 ;
3244 640 3400 694 quem
3444 629 3604 683 etiam

2029 710 2177 763 aiunt
2209 709 2416 764 Hebrzei
2444 724 2687 764 socerum
2720 708 2886 765 fuisse
2927 711 3186 768 Manasse.
3240 715 3293 768 In
3321 732 3429 786 quo
3461 727 3602 773 tanta

2033 801 2453 855 fuitsanelitatis
2478 810 2533 856 et
2570 802 2691 854 vita:
2722 803 3066 869 excellentia,
3101 814 3157 857 ut
3199 822 3358 861 unam
3404 820 3605 865 tantum

2031 892 2238 946 dicatur
2267 892 2517 946 habuisse
2546 895 2777 946 tunTCam
2798 934 2813 957 ,
2845 906 2895 945 et
2927 897 3061 948 bane
3087 897 3372 962 cilicinam,
3401 917 3609 971 quaque

2032 984 2189 1036 etiam
2226 983 2561 1050 postmodum
2587 997 2681 1051 pro
2709 983 2907 1037 delicto
2956 985 3133 1052 populi
3174 986 3403 1055 objecta,
3449 1004 3608 1047 sacco

2032 1073 2267 1124 membra
2307 1073 2603 1140 cooperuit.

2103 1164 2191 1217 70.
2220 1163 2348 1227 Sed,
2371 1172 2423 1217 et
2451 1165 2549 1217 hoc
2569 1164 2632 1217 ad
2656 1174 2950 1219 extremum
2967 1165 3229 1235 deposito,
3250 1168 3401 1236 juxta
3429 1171 3610 1227 Domi-

2033 1257 2085 1308 ni
2124 1254 2399 1323 imperium
2446 1256 2589 1309 nudo
2624 1270 2851 1324 corpore
2882 1258 3123 1327 nudoque
3149 1263 3373 1331 vestigio
3403 1262 3458 1316 in
3480 1279 3605 1317 eou-

2032 1355 2190 1399 ventu
2225 1346 2536 1412 pepnlorum
2567 1356 2809 1400 versatus
2832 1356 2934 1408 est.
2954 1348 3136 1417 sicque
3165 1352 3426 1407 fervorem
3458 1357 3603 1409 testi-

2030 1454 2155 1491 vum
2200 1437 2494 1507 hiemisque
2534 1438 2749 1506 pruinas
2788 1448 2946 1508 atque
2992 1441 3237 1495 imbrium
3271 1452 3609 1513 tempestates

2030 1528 2301 1593 sustinuit,
2343 1536 2421 1591 ut,
2470 1537 2523 1582 et
2575 1529 2665 1582 Dei
2721 1533 2998 1598 prazceptis
3028 1532 3288 1599 obediret,
3340 1544 3394 1588 et
3430 1538 3606 1603 pepuli

2030 1619 2332 1687 deploraret
2359 1619 2571 1674 delicta.

2102 1713 2191 1766 7|.
2228 1713 2323 1766 Ilie
2353 1713 2654 1783 quindecim
2682 1712 2934 1782 gradibus
2963 1715 3335 1771 ascendentem
3365 1718 3604 1773 umbram

396 1808 488 1862 65.
518 1806 743 1861 Elisaeus
771 1807 902 1862 Elia:
923 1808 1230 1875 discipulus,
1255 1824 1319 1860 ex
1349 1807 1476 1862 Abel
1517 1808 1680 1862 Meula
1700 1808 1917 1876 oppido,
1955 1817 2000 1876 Β
2030 1805 2502 1859 retrodescendere
2545 1804 2721 1872 jus~.it.
2762 1804 2929 1873 Hujus
2968 1808 3184 1859 oracqu
3216 1823 3305 1862 rex
3354 1810 3609 1864 Ezechias

321 1915 390 1950 ev
423 1899 563 1953 tribu
595 1899 804 1964 Ruben,
836 1900 890 1951 in
915 1898 1067 1968 cojus
1102 1909 1219 1952 ortu
1243 1914 1401 1953 aurea
1421 1900 1579 1953 vitula
1614 1902 1664 1953 in
1688 1899 1922 1969 Ga'galis

323 2002 591 2059 nmgltum
610 1993 782 2057 dedit,
803 1993 1027 2062 ejusque
1059 2008 1159 2047 vox
1197 1995 1247 2048 in
1274 1993 1568 2048 Jerusalem
1596 1997 1915 2063 personavit.

324 2082 477 2135 Tunc
502 2081 717 2149 quidam
745 2096 1012 2151 prtesagus
1038 2084 1657 2151 vatespraedixitzllodie
1688 2085 1736 2137 in
1759 2084 1917 2140 Israel

323 2184 484 2228 natus
507 2186 588 2229 est
628 2176 905 2243 propheta.
939 2176 1023 2241 qtti
1056 2186 1245 2228 cuneta
1275 2189 1461 2228 eorum
1493 2176 1731 2230 deSIruet
1756 2175 1912 2231 idola.

400 2265 491 2320 G6.
550 2266 647 2319 llic
703 2266 916 2332 gemino
971 2262 1099 2319 Elite
1157 2264 1481 2333 glorificatus
1535 2265 1747 2333 spiritu,
1799 2265 1917 2333 plu-

321 2356 477 2408 rimis
517 2363 677 2425 atque
737 2357 940 2424 magnis
980 2356 1227 2409 virtutum
1285 2355 1451 2424 signis
1503 2357 1738 2411 emicuit.
1796 2356 1917 2412 Jur-

320 2449 519 2500 daucm
554 2450 774 2501 transitu
804 2463 902 2501 suo
931 2446 1174 2510 divisum,
1211 2445 1494 2501 refrenatis
1529 2447 1708 2512 undis,
1761 2457 1909 2502 retro

314 2540 627 2602 convertit;
659 2553 825 2608 aquas
859 2538 1073 2593 lcritbo
1106 2538 1335 2603 steriles,
1374 2539 1622 2593 demerso
1675 2539 1912 2600 vasculo,

318 2631 391 2683 ad
428 2632 807 2685 fecunditatem
849 2630 1139 2699 perduxit;
1187 2645 1382 2697 pueros
1438 2632 1753 2687 insultantes
1797 2632 1906 2687 sibi

318 2723 491 2777 verbo
521 2723 736 2777 tradidit
767 2725 950 2777 besziis
993 2734 1211 2791 repente
1247 2724 1513 2778 vorandos
1539 2741 1553 2789 ;
1583 2727 1905 2795 sanguineas

317 2828 492 2879 aquas
526 2820 576 2866 in
608 2830 790 2868 necem
819 2814 1051 2868 hostium
1082 2815 1369 2869 decurrere
1412 2814 1537 2869 fecit
1564 2833 1577 2869 :
1623 2816 1760 2871 inter
1787 2817 1902 2871 hzcc

316 2909 564 2961 s'erilem
594 2911 996 2975 conceptionem
1025 2907 1186 2961 verbo
1216 2905 1537 2973 fecundavit,
1592 2908 1816 2976 ejusque
1845 2908 1906 2962 li-

318 2999 453 3050 lium
480 2998 1351 3064 rnortuumsu~citavit;eiborutn
1396 3007 1659 3065 temperat
1704 3000 1908 3053 amari-

320 3091 595 3157 tudinem,
628 3091 784 3161 169
812 3091 1041 3155 denique
1072 3106 1138 3144 ex
1167 3089 1351 3145 decem
1387 3091 1611 3158 panibus
1644 3090 1795 3156 plebe
1826 3107 1912 3145 rc-

317 3180 463 3235 I'ecta
498 3180 748 3248 reliquias
774 3182 1003 3248 collegit.

394 3274 489 3325 σῖ.
524 3273 589 3325 Et
633 3272 862 3325 Naaman
896 3271 1054 3337 lepra:
1088 3269 1652 3339 stigmatibuslavaero
1670 3269 1914 3327 Iordanis

318 3365 613 3428 purgavit;
648 3363 789 3428 Ir-pra
822 3377 1031 3430 quoque
1063 3361 1400 3415 maledictum
1429 3365 1657 3431 aspersit
1684 3363 1915 3431 discipu-

318 3458 434 3508 lum
454 3473 467 3508 :
486 3454 685 3508 ferrum
706 3456 907 3509 securis
932 3456 981 3506 in
995 3453 1227 3509 Iordane
1244 3470 1495 3513 mersum.
1513 3456 1655 3523 ligno
1676 3455 1727 3510 in
1752 3471 1915 3526 aquas

320 3552 513 3611 misso,
527 3557 872 3614 supernalare
889 3548 1028 3600 fecit.
1054 3547 1422 3617 llostcsSyria:
1441 3550 1680 3602 caecitate
1695 3565 1912 3617 percus-

317 3641 414 3702 sit,
446 3653 674 3694 mortem
703 3639 978 3693 incrednlo
1010 3638 1271 3709 przrdixit,
1306 3638 1515 3709 fragore
1538 3643 1909 3710 quadrigarum

318 3732 526 3801 fugavit
556 3732 788 3795 hostem,
814 3731 1145 3785 obsidionem
1173 3731 1447 3800 dispersit,
1482 3733 1675 3786 famem
1699 3734 1909 3800 repulit.

395 3824 488 3878 68.
524 3824 804 3877 Postremo
834 3833 952 3890 post
981 3831 1205 3877 mortem
1241 3823 1504 3878 exanimis
1542 3824 1787 3876 cadaveri
1836 3824 1914 3877 vi-

324 3925 434 3968 tam
459 3913 628 3967 dedit.
661 3912 823 3980 Cujus
855 3912 1155 3981 sepulcrum
1188 3927 1354 3982 usque
1390 3912 1550 3966 hodie
1582 3913 1633 3965 in
1669 3912 1912 3966 Sebastia

322 4007 542 4057 cit-irate
573 4004 873 4059 ostenditur
898 4004 1097 4059 honore
1133 4005 1263 4058 satis
1293 4003 1532 4073 dignum,
1557 4002 1787 4071 etdigna
1820 4001 1914 4056 ha.

325 4099 491 4152 bitum
523 4095 885 4151 veneratione.

857 4188 1084 4243 CAPUT
1125 4186 1383 4243 XXXVII.

395 4279 487 4333 69.
518 4278 683 4333 Isaias
708 4279 848 4334 filius
870 4280 1055 4343 Amos,
1084 4294 1187 4332 nou
1214 4280 1375 4332 Amos
1399 4277 1691 4347 prophetae,
1717 4278 1809 4333 sed
1826 4278 1907 4332 al-

2029 1894 2215 1948 mortis
2260 1894 2569 1947 dilationem
2606 1897 2922 1963 promeruit.
2953 1897 3101 1950 Ilunc
3131 1908 3304 1952 autem
3336 1901 3605 1956 Manasscs

2021 1995 2299 2038 extensum
2357 1999 2387 2037 a
2436 1984 2638 2039 vertice
2688 2000 2782 2054 per
2830 1986 3063 2041 medium
3099 1987 3290 2051 secuit,
3333 1993 3605 2060 atroeique

2018 2076 2282 2142 supplicio
2312 2075 2672 2129 excruciatum
2699 2075 2971 2129 exstinxit.

2091 2170 2179 2222 72.
2203 2167 2443 2222 Tradunt
2467 2178 2641 2223 autent
2683 2169 2885 2223 Hebraei
2918 2169 3121 2224 duabus
3142 2186 3205 2225 ex
3240 2172 3414 2225 causis
3441 2172 3607 2227 inter-

2018 2260 2215 2316 fectum
2240 2259 2403 2315 fuisse
2424 2259 2778 2330 170lsaiam
2802 2277 2814 2313 :
2835 2274 2959 2326 una,
2976 2262 3115 2330 quod
3138 2275 3233 2315 eos
3257 2264 3605 2331 appellaverit

2018 2350 2289 2420 principes
2309 2352 2663 2405 Sodomorum
2694 2359 2749 2404 et
2793 2352 3045 2418 populum
3090 2352 3433 2421 Gomorrbze;
3465 2355 3605 2410 alte-

2018 2458 2095 2504 ra.
2128 2444 2289 2511 quod,
2324 2451 2553 2498 testante
2596 2443 2818 2497 Domino
2840 2444 2906 2497 ad
2945 2443 3179 2516 Moysem
3207 2462 3221 2499 :
3249 2445 3370 2500 Non
3413 2446 3602 2512 poteris

2016 2535 2185 2588 videre
2219 2534 2402 2604 {aciem
2441 2549 2622 2599 meam,
2665 2534 2765 2586 iste
2791 2548 2952 2589 ausus
2987 2545 3069 2590 est
3105 2538 3443 2591 exclamare:
3487 2534 3606 2591 Vidi

2021 2623 2294 2676 Dominum
2348 2623 2603 2678 sedentem
2637 2638 2791 2690 super
2826 2624 3013 2676 solium
3062 2626 3316 2678 excelsum
3354 2635 3400 2678 et
3430 2626 3607 2679 eleua—

2016 2722 2159 2778 tum;
2214 2728 2323 2768 non
2379 2713 2869 2791 animadvertentes
2915 2716 3098 2770 czecati
3157 2724 3336 2770 mente
3387 2715 3599 2779 Judaei,

2016 2803 2158 2872 quod
2213 2803 2266 2857 in
2320 2806 2663 2871 sequentibus
2731 2804 2917 2859 faciem
2968 2814 3021 2861 et
3074 2806 3238 2875 pedes
3290 2806 3382 2862 Dei
3435 2806 3597 2862 Sera-

2016 2897 2164 2965 pbim
2206 2898 2403 2950 texisse
2432 2906 2771 2961 narraverat,
2803 2910 2866 2950 ac
2912 2896 3089 2951 media
3128 2906 3332 2950 tantum
3368 2896 3484 2966 ejus
3516 2898 3600 2950 vi-

2016 2988 2163 3044 disse
2209 2988 2467 3057 propheta
2515 2987 2764 3041 ascribat.
2820 2986 2970 3042 Jacet
3023 2987 3124 3041 sub
3154 3003 3351 3056 quercu
3408 2988 3593 3057 ﬂagel,

2010 3078 2161 3148 juxta
2216 3079 2474 3132 decursus
2526 3093 2803 3146 aquarum,
2835 3093 2967 3147 quas
3014 3079 3267 3133 Ezechias
3318 3095 3409 3135 rex
3458 3078 3598 3135 Juda

1939 3172 1984 3233 C
2020 3172 2161 3227 mole
2186 3180 2488 3227 consuueta
2521 3181 2677 3224 terrae
2705 3183 3045 3241 exposuerat.

2522 3286 2747 3341 CAPUT
2790 3286 3076 3343 XXXVIII.

2091 3376 2177 3431 75.
2206 3378 2467 3433 Jeremias
2490 3392 2553 3430 ex
2576 3378 2716 3432 tribu
2736 3378 3046 3431 sacerdotali
3066 3388 3232 3441 ortus,
3254 3378 3307 3431 in
3324 3379 3443 3433 vico
3460 3382 3603 3433 Ana-

2022 3470 2158 3530 llIt-t,
2182 3469 2265 3538 qui
2290 3479 2372 3524 e~t
2400 3470 2566 3522 tribus
2587 3468 2820 3523 millibus
2842 3469 2909 3522 ab
2929 3468 3247 3532 Jerusalem,
3271 3470 3519 3523 sacerdos
3548 3469 3601 3523 in

2019 3559 2202 3614 Judara
2250 3559 2492 3626 positus,
2536 3559 2799 3626 propheta
2848 3561 2899 3611 in
2947 3558 3196 3628 gentibus
3237 3564 3604 3625 consecratus,

2017 3657 2301 3715 antequam
2335 3648 2691 3713 plasmaretur
2718 3646 2950 3714 agnitus,
2975 3658 3256 3713 antequam
3289 3645 3604 3713 procederet

2017 3738 2398 3803 sanctificatus,
2429 3746 2479 3789 et
2509 3747 2564 3787 ut
2586 3737 2735 3803 virgo
2763 3745 3122 3803 permaneret,
3151 3736 3471 3788 admonitus.
3506 3735 3603 3789 llic

2019 3825 2310 3892 prmdicare
2350 3839 2481 3891 puer
2509 3825 2691 3890 C(Bpi',
2736 3838 2968 3891 arguens
2997 3824 3244 3892 pepulutn
3280 3824 3350 3878 ob
3380 3823 3594 3890 delicta,

2015 3923 2071 3966 et
2098 3914 2293 3981 st-pius
2319 3915 2606 3967 cohortms
2633 3914 2697 3965 ad
2729 3914 3116 3979 paenitentiam,
3149 3914 3241 3966 sed
3272 3913 3443 3983 plebis
3474 3929 3595 3981 per-

2022 4006 2138 4059 fida:
2168 4006 2435 4059 saevientis
2467 4006 2782 4060 crudelitate
2832 4006 3063 4060 afficitur
3102 4020 3245 4074 szepe
3283 4016 3441 4075 atque
3470 4008 3603 4077 liga-

2022 4104 2124 4157 tur,
2160 4095 2209 4147 in
2240 4108 2508 4147 carcerem
2538 4096 2697 4147 etiam
2728 4094 2974 4159 mittitur,
3007 4095 3283 4163 projicitur
3310 4096 3363 4150 in
3397 4097 3595 4162 laeum,

2019 4189 2225 4239 catenis
2253 4184 2510 4253 cingitur,
2540 4185 2604 4238 ad
2633 4186 2873 4241 ultimum
2902 4186 3041 4256 apud
3071 4186 3323 4257 Tapbnas
3350 4188 3401 4241 in
3433 4185 3600 4259 Egy-

2018 4287 2106 4347 pto
2133 4293 2160 4329 a
2211 4277 2403 4345 popqu
2445 4276 2728 4346 lapidatur.

320 4433 462 4478 stant
492 4420 744 4490 sanguine
772 4435 864 4472 suo
890 4419 1234 4489 exstinguunt.
1290 4418 1437 4485 Quod
1490 4419 1684 4472 dehinc
1734 4419 1903 4473 susci-
1933 4422 1984 4482 D
2082 4418 2169 4472 69.
2198 4416 2406 4490 IIebrrri
2438 4427 2683 4490 asserunt
2717 4420 2876 4472 Amos
2900 4430 3102 4487 patrem
3123 4420 3272 4477 Isaia:
3303 4421 3465 4478 fuisse
3488 4423 3595 4479 fra-

324 4494 473 4547 t~ndi
503 4502 662 4544 erunt
686 4507 715 4544 a
751 4490 997 4552 Domino,
1028 4502 1085 4542 ut
1115 4505 1331 4552 regnum
1366 4490 1676 4543 Anticbri-ti
1711 4505 1901 4556 magna

323 4569 478 4629 plaga
507 4565 828 4629 percutiant,
864 4560 1087 4613 fortasse
1124 4576 1225 4610 non
1268 4558 1375 4611 alio
1424 4560 1664 4612 innititur
1716 4559 1903 4613 funda-

324 4628 531 4694 mento,
560 4631 659 4685 nisi
697 4634 775 4683 bis
796 4629 977 4685 verbis
996 4628 1198 4682 Tertull
1223 4629 1329 4680 ani.
1357 4630 1571 4681 Certum
1600 4641 1773 4681 tamen
1798 4638 1901 4695 est,

322 4703 471 4775 quod
504 4712 779 4775 resurgent
799 4700 877 4775 _ad
908 4699 1092 4775 gloriae
1124 4699 1592 4775 immortilitateut.
1626 4698 1796 4775 Διὶ-εγ.

396 4776 486 4824 b‘t.
506 4773 632 4825 llaec
659 4767 990 4823 addebantur
1018 4771 1065 4822 in
1088 4768 1257 4821 trilms
1276 4772 1675 4839 exeinplaribus
1701 4767 1906 4832 lsidori,

324 4856 380 4897 et
414 4844 569 4895 habet
602 4841 863 4907 Epipltan.
889 4841 941 4893 in
970 4840 1083 4891 Vita
1118 4839 1266 4891 Elite.

400 4914 490 4966 65.
533 4912 659 4964 Abel
692 4910 885 4970 illailla,
921 4910 985 4963 Ill
1021 4910 1148 4978 Ileg.
1183 4924 1295 4962 ιιι.
1347 4908 1473 4962 Abel
1501 4908 1672 4977 Mulir,
1701 4909 1755 4965 in
1789 4908 1914 4980 Epi-

326 4986 541 5051 plianin.
581 4983 702 5034 Abel
724 4981 873 5043 Bnel,
905 4982 954 5031 in
984 4980 1272 5033 Dorotheo.

402 5054 541 5108 Ibid.
572 5053 625 5102 In
658 5052 878 5119 Vulgata
898 5051 1146 5104 scribitur
1170 5047 1290 5101 Abel
1314 5049 1539 5104 meltula.
1563 5049 1617 5103 In
1643 5050 1913 5106 Dorotheo

322 5126 490 5193 Tyrio
516 5123 767 5174 mendum
799 5135 874 5193 est
894 5119 1108 5193 _terra_ll
1131 5122 1247 5171 ibim
1282 5135 1389 5193 Apro
1424 5137 1502 5193 ex,
1537 5122 1669 5172 tribu
1717 5122 1910 5174 Ruben.

321 5190 657 5255 opusculum
689 5190 997 5245 inscribitur
1033 5190 1105 5243 De
1132 5190 1321 5243 sanctis
1354 5192 1630 5257 prophetis,
1669 5192 1914 5250 apostolis

320 5278 371 5320 ει
398 5282 496 5319 ικι
528 5264 721 5316 Christi
751 5262 1035 5328 discipulis,
1064 5276 1124 5311 ae
1154 5261 1288 5313 fuso
1326 5261 1593 5313 Dorotheo
1620 5264 1911 5329 ast-riptum

326 5336 591 5389 creditur.
625 5336 835 5384 tntillum
867 5334 961 5384 fuit
990 5334 1056 5384 ab
1088 5331 1306 5384 Alberto
1339 5329 1585 5386 Fabricio
1614 5332 1771 5384 simul
1794 5348 1913 5385 cum

326 5408 514 5460 Liuor:
546 5414 601 5454 υι
631 5404 860 5456 aliorum
908 5403 977 5453 de
1026 5402 1185 5454 simili
1246 5416 1562 5469 argumenm
1618 5404 1792 5468 libris,
1825 5404 1913 5467 qui

322 5479 486 5528 enim"
516 5476 661 5527 aliud
688 5487 1007 5542 .inOnyutum
1045 5474 1360 5542 opusculum
1376 5471 1451 5542 Ade
1481 5487 1551 5525 xu
1587 5483 1771 5539 :tpnsto
1796 5473 1839 5525 is
1864 5474 1912 5542 iu

329 5548 663 5601 Ribb-uitem
690 5540 1050 5595 eet-lesiusuca
1077 5545 1318 5595 Inseruit.
1350 5540 1663 5595 Vaticiniuiu
1691 5541 1913 5609 pra-sagi

331 5628 484 5678 vatis,
516 5618 657 5684 quod
697 5614 931 5665 Isidorus
955 5614 1133 5672 refert,
1169 5614 1218 5664 in
1248 5627 1313 5664 eo
1340 5612 1592 5667 Dorotbei
1641 5628 1806 5683 opere
1837 5613 1912 5665 si-

330 5688 532 5743 [niller
567 5695 841 5737 narratur.
875 5697 1043 5735 Μιεν.

404 5760 490 5813 68.
519 5756 849 5824 Sebastopoli
881 5753 1153 5817 Samaria,
1187 5750 1258 5805 ait
1291 5752 1632 5821 Epiphanius.

2010 4500 2143 4543 trem
2172 4488 2750 4561 AMDSlmArt‘ngdttla.
2782 4489 2849 4561 de
2877 4506 2983 4559 quo
3014 4491 3075 4544 lV
3107 4492 3237 4561 Reg.
3281 4508 3388 4546 xlv.

2081 4562 2275 4613 7tI.An
2323 4557 2535 4611 nuditas
2574 4560 2718 4612 Isaize
2744 4560 2808 4613 ad
2863 4557 3090 4613 litteram
3136 4557 3445 4629 accipienda
3498 4565 3588 4627 sit,

2009 4629 2275 4684 dissident
2300 4630 2635 4693 interpretes,
2664 4630 2728 4681 ad
2752 4646 2869 4694 cap.
2904 4646 2969 4684 xx
3005 4631 3171 4693 Isaiae.
3196 4634 3249 4685 9.
3281 4641 3447 4688 Ancv.

2080 4700 2170 4753 7|.
2225 4700 2412 4751 Isaiam
2453 4713 2599 4753 serra
2652 4715 2744 4766 per
2797 4700 3025 4753 medium
3083 4714 3309 4764 sectum,
3342 4712 3591 4757 constans

2012 4770 2230 4824 traditio
2258 4780 2496 4823 veterum
2526 4778 2629 4821 est.
2686 4769 2817 4824 Vide
2859 4771 3154 4824 (Ialmetum
3207 4774 3257 4825 in
3309 4772 3589 4826 Dissertat.

2011 4843 2077 4896 de
2108 4839 2379 4907 suppliciis
2408 4839 2750 4894 Hebraeorum
2794 4841 2860 4893 ad
2905 4841 3374 4907 Deuterononium,
3433 4857 3486 4896 et
3538 4845 3590 4893 iu

2011 4908 2410 4977 Prolegumt-nis
2433 4910 2497 4963 ad
2523 4910 2729 4963 Isaiam.
2767 4913 2936 4965 Alter.

2085 4981 2172 5033 72.
2205 4980 2464 5035 Tradunt.
2506 4982 2719 5047 Urigen.
2762 4980 2813 5032 in
2846 4979 3054 5041 Isaiam.
3089 4993 3135 5033 et
3174 4982 3481 5048 Ilieronym.

2094 5051 2120 5121 ι
2129 5053 2231 5103 bid.
2270 5050 2614 5118 Exposuerat.
2633 5078 2705 5121 τ·-
2720 5050 3076 5115 Obstrua‘erat,
3097 5055 3165 5104 ait
3184 5053 3492 5121 Hieronym.

2088 5120 2226 5175 Ibid.
2258 5121 2556 5174 Notandum
2587 5120 2744 5172 etiam
2779 5121 2877 5173 hoc
2903 5125 3048 5182 loco,
3082 5123 3220 5187 quod
3266 5120 3411 5187 szepe
3459 5121 3584 5171 alibi

2016 5192 2215 5253 notavi,
2246 5192 2501 5243 Isidoi-um
2530 5190 2798 5243 interdum
2827 5192 3209 5244 nominativum
3239 5206 3332 5256 pro
3357 5194 3473 5244 abla
3499 5190 3588 5244 ivo

2016 5262 2259 5315 absoluto
2306 5258 2633 5320 adhibuisse,
2663 5270 2717 5312 ut
2766 5276 2866 5312 non
2912 5262 3370 5314 anmmduertenles
3419 5259 3592 5315 Iudici

2017 5348 2114 5402 pro
2155 5347 2257 5382 non
2306 5328 2823 5402 aninmdverteutibus
2856 5328 3091 5392 Judmir,
3123 5332 3226 5402 nisi
3271 5332 3473 5385 referas
3522 5333 3587 5383 ad

2017 5400 2401 5467 tradunt.quod
2433 5403 2717 5464 priecc-ssit.
2747 5401 2822 5453 De
2843 5406 3088 5465 sepulcro
3120 5400 3268 5455 Isaite
3289 5402 3587 5456 Dorotbeus

2018 5486 2096 5523 se
2127 5469 2290 5524 refert
2323 5486 2335 5523 :
2370 5468 2709 5537 Conditusqtte
2737 5471 2829 5522 sub
2873 5486 3058 5536 quercu
3096 5486 3168 5524 est
3194 5474 3354 5541 prope
3400 5475 3593 5539 [autem

2022 5541 2208 5607 lingel,
2229 5545 2385 5611 juxta
2415 5542 2679 5592 transitum
2719 5556 2990 5607 aquarum,
3036 5558 3163 5610 quos
3213 5541 3458 5596 Ezechias
3501 5556 3594 5594 rex.

2022 5610 2237 5679 pulvere
2264 5616 2600 5663 obstrurerat.
2646 5610 2746 5665 Alii
2783 5622 2992 5663 narrant
3037 5615 3351 5664 translatum
3395 5626 3591 5677 corpus

2023 5686 2296 5751 propheta:
2328 5681 2489 5751 fuisse
2534 5680 2827 5736 Paneadem
2875 5685 2940 5737 ad
2967 5682 3143 5738 Fontes
3177 5682 3429 5737 Jordauis
3466 5680 3591 5735 inde

2022 5750 2553 5818 Constantinopolim.
2587 5750 2753 5804 Anev.
