4108 6178
499 300 601 358 H5

1558 290 1615 344 S.
1660 288 1907 346 ISIDOliI
1950 281 2388 343 HISPALENSIS
2431 278 2731 337 EPISCOI’I

3652 275 3754 329 IH

565 409 652 463 74.
679 408 928 478 Sepultus
954 415 1033 460 est
1062 403 1112 458 in
1135 416 1198 456 eo
1223 400 1360 467 loco,
1392 400 1479 452 ubi
1501 398 1709 454 Pharao
1736 416 1825 455 rex
1857 396 2067 468 [Egypti
2098 399 2143 455 Α
2174 410 2313 459 cem,
2355 392 2701 461 sepultusque
2736 399 2818 445 est
2859 389 2971 461 jam
3010 402 3173 446 senex
3215 389 3266 444 in
3309 390 3562 460 spelunca
3598 388 3761 458 regia,

493 501 769 558 habitavit.
822 498 1216 558 Verumtamen,
1257 491 1377 558 quia
1421 491 1667 559 precibus
1695 489 1805 544 suis
1850 504 2071 557 serpen-

493 598 634 649 tibus
663 592 730 645 ab
751 594 815 644 e’o
847 590 964 642 loco
988 583 1257 653 ell‘ugatis,
1282 579 1561 650 .‘Egyptios
1589 597 1617 635 a
1646 582 1804 635 noxio
1826 582 2070 649 aSpitIum

490 698 672 739 morsu
702 680 917 749 eripuit,
960 675 1149 743 insigni
1191 689 1310 727 cum
1341 673 1687 727 veneratione
1717 674 2074 741 amplissimo-

491 791 595 848 que
644 775 844 828 honore
892 768 1055 822 iidem
1112 763 1352 834 IEgyptii
1406 763 1609 827 colunt,
1664 764 2075 833 sepulcrumque

433 929 437 934 ,
493 868 610 939 ejus
631 862 823 932 insigni
848 860 996 915 cultu
1020 858 1276 911 hactenus
1305 865 1649 910 venerantur.

1026 948 1252 1003 CAPUT
1292 946 1537 1000 XXXIX.

562 1046 651 1100 75.
687 1041 929 1098 Ezechiel
966 1038 1237 1101 sacerdos,
1272 1038 1410 1091 ﬁlius
1438 1035 1584 1102 Buzi,
1617 1035 1824 1105 genitus
1852 1035 1905 1089 in
1937 1044 2075 1090 terra

490 1136 694 1201 Sarira,
718 1134 770 1187 in
797 1142 920 1204 typo
943 1128 1137 1184 Christi
1178 1128 1314 1182 Iilius
1348 1126 1578 1181 hominis
1601 1132 1949 1193 nuncupatur.
1986 1126 2081 1179 IIic

492 1229 734 1298 captivus
750 1242 867 1279 cum
882 1222 1123 1278 Joachim
1149 1221 1200 1274 in
1229 1220 1570 1290 Babyloniam
1584 1219 1797 1283 ductus,
1811 1219 1874 1271 ad
1889 1234 2081 1273 cenca-

492 1323 666 1392 ptivos
682 1317 1034 1389 prophetavit,
1051 1312 1347 1382 corripiens
1362 1326 1546 1366 eorum
1567 1313 1661 1380 17
1674 1314 1717 1381 ι
1735 1309 2079 1372 oﬂ‘ensiones,

494 1426 547 1470 et
572 1414 690 1469 zelo
715 1412 807 1467 Dei
833 1418 1007 1465 motus
1036 1417 1225 1461 cuneta
1247 1420 1432 1459 eorum
1456 1403 1676 1456 crimina
1703 1400 2081 1469 turpitudines-

493 1523 599 1577 que
626 1518 873 1577 arguens.
907 1503 1073 1568 Quem
1102 1498 1205 1555 dux
1242 1496 1415 1566 populi
1461 1493 1622 1548 Israel
1668 1492 1955 1556 interfecit,
1989 1507 2083 1560 pro

494 1616 559 1654 eo
590 1598 728 1666 quod
758 1595 1043 1650 severitate
1071 1598 1127 1644 et
1155 1587 1471 1642 auctoritate
1505 1584 1798 1654 pontilicali
1846 1583 2086 1648 corripe-

494 1701 642 1747 retur
670 1689 736 1742 ab
764 1702 829 1742 eo
875 1685 943 1739 ob
974 1683 1298 1752 impietatem
1329 1677 1617 1747 sacrilegii.
1664 1676 1916 1746 Sepultus
1946 1684 2027 1730 est
2055 1689 2084 1727 a

2175 487 2321 544 solus
2345 487 2396 540 in
2428 486 2736 555 captivitate
2762 499 2881 538 cum
2914 482 3102 552 gloria.

2763 594 2991 651 CAPUT
3031 594 3165 650 XLI.

2248 692 2336 746 79.
2369 690 2506 745 Osee
2535 689 2600 744 de
2634 689 2770 742 trihu
2795 686 3056 750 lssachar,
3088 694 3236 740 ortus
3266 685 3316 738 in
3345 684 3647 748 Belemoth;
3683 681 3768 736 hic

2180 783 2545 852 praenuntians
2574 780 2722 835 dedit
2768 780 2973 849 signum
3006 797 3018 833 :
3060 776 3252 833 Veniet
3277 777 3531 831 Dominus
3571 775 3625 829 in
3656 783 3767 829 ter-

2183 893 2291 933 ram
2323 890 2494 940 suam,
2528 876 2570 927 si
2622 887 2868 943 quercus,
2907 886 3027 941 quae
3060 879 3143 925 est
3184 870 3235 923 in
3266 869 3401 933 Silo,
3452 883 3516 923 ex
3570 876 3769 921 semet-

2183 970 2297 1038 ipsa
2352 969 2405 1023 in
2449 966 2727 1021 duodecim
2772 964 2937 1019 divisa
2995 962 3150 1016 fuerit
3200 970 3411 1032 partes,
3447 959 3771 1027 totidemque

2183 1076 2410 1130 quercus
2456 1057 2715 1113 eIl'ecerit.
2748 1056 2844 1111 Ilic
2873 1057 2922 1109 in
2956 1063 3101 1109 terra
3133 1068 3227 1109 sua
3258 1053 3531 1122 sepultus,
3563 1047 3769 1119 placida

2182 1154 2360 1222 quiete
2386 1148 2660 1203 dormivit.

2766 1234 2992 1290 CAPUT
3034 1233 3216 1289 XLIL

2255 1330 2501 1391 80.Joel,
2538 1328 2624 1382 hic
2656 1324 2753 1381 fuit
2780 1325 2847 1379 de
2875 1324 3015 1379 tribu
3033 1322 3411 1385 Ruben,natus
3439 1319 3490 1373 in
3521 1333 3646 1387 agro
3677 1316 3775 1372 Be-

2190 1422 2403 1486 tIteron,
2436 1421 2521 1473 ubi
2556 1420 2716 1473 etiam
2757 1417 2808 1470 in
2839 1430 2969 1486 pace
3000 1424 3243 1469 mortuus
3272 1421 3356 1467 est
3383 1420 3541 1480 atque
3589 1409 3773 1479 sepul-

2197 1522 2299 1566 tus,

2761 1597 2985 1653 CAPUT
3027 1594 3211 1650 XLIII.

2263 1693 2345 1746 8t.
2380 1694 2561 1755 Amos,
2597 1698 2795 1756 pastor,
2825 1698 2878 1743 et
2909 1689 3157 1752 rusticus,
3183 1692 3238 1740 et
3257 1684 3507 1738 ruborum
3535 1696 3681 1737 mora
3698 1682 3778 1736 di-

496 1782 692 1853 populo
716 1780 767 1834 in
791 1795 917 1849 agro
947 1776 1193 1842 Maurim,
1225 1773 1277 1828 in
1301 1772 1550 1843 sepulcro
1569 1770 1692 1826 Scm
1716 1779 1771 1825 et
1793 1767 2086 1836 Arpltaxat.

2197 1783 2482 1849 stringens,
2516 1778 2777 1847 propheta
2812 1794 2912 1831 non
2945 1792 3160 1845 genere,
3194 1774 3287 1829 sed
3316 1774 3504 1844 gratiae
3536 1774 3776 1827 vocatio-

1094 1885 1318 1943 CAPUT
1360 1885 1471 1940 XL.

566 1987 654 2041 76.
674 1984 879 2052 Daniel,
907 1982 972 2037 de
1004 1979 1143 2035 tribu
1172 1977 1307 2033 Juda
1332 1978 1382 2030 in
1401 1977 1666 2030 Betheron
1690 1972 1966 2043 superiore
1994 1986 2086 2023 na-

500 2089 612 2144 tus,
645 2090 841 2147 genere
885 2072 1106 2135 nobilis,
1141 2068 1385 2138 princeps
1414 2066 1653 2121 omnium
1684 2063 2084 2125 Chaldaeorum,

497 2185 788 2243 regumque
833 2164 1079 2236 prosapia
1110 2172 1163 2218 et
1192 2162 1389 2217 ﬂorens
1421 2159 1606 2229 patria
1653 2157 1951 2212 nobilitate.
1992 2156 2087 2210 llic

495 2264 595 2317 sub
624 2260 865 2316 Joacltim
916 2270 1043 2326 rege
1074 2253 1229 2317 Iuda,
1288 2259 1408 2321 post
1453 2248 1717 2304 excidium
1764 2246 2082 2311 Jerusalem,

496 2367 619 2407 cum
640 2350 809 2404 tribus
826 2346 1007 2417 pueris
1021 2342 1305 2397 admodum
1333 2354 1466 2409 puer
1485 2340 1535 2394 in
1561 2339 1885 2407 Babylonem
1912 2348 2086 2391 trans-

498 2445 659 2506 latus,
715 2449 766 2495 et
808 2438 1055 2508 princeps
1086 2432 1455 2488 Chaldaeorum
1486 2429 1704 2484 eti‘ectus
1726 2438 1829 2495 est,
1863 2432 1945 2484 vir
1972 2430 2087 2500 glo-

500 2535 694 2599 riosus,
728 2540 781 2586 et
808 2536 1026 2597 aspectu
1069 2523 1327 2587 decorus,
1351 2527 1537 2575 mente
1571 2518 1817 2588 humilis,
1860 2535 2087 2591 corpore

506 2638 707 2693 castus,
743 2624 1007 2694 perfectus
1038 2619 1090 2673 in
1117 2617 1242 2682 ﬁde,
1267 2616 1513 2687 egregius
1532 2615 1586 2669 in
1609 2629 1792 2685 opere,
1817 2615 1868 2669 in
1894 2614 2086 2670 virtute

500 2733 761 2782 summus,
793 2716 846 2768 in
877 2710 1136 2784 prodigiis
1164 2708 1370 2775 clarus,
1403 2706 1658 2763 terribilis
1696 2706 1749 2760 in
1778 2704 1963 2775 signis,
1996 2720 2087 2760 co-

500 2811 677 2881 gnitor
719 2819 1050 2865 secretorum
1080 2805 1400 2869 caelestium,
1448 2802 1708 2872 praescius
1756 2801 2079 2869 futurorum,

502 2902 765 2955 visionum
789 2901 1075 2969 interpres,
1101 2897 1295 2953 vindex
1318 2894 1680 2960 castimonim;
1703 2894 1790 2965 qui
1812 2896 2089 2950 continua-

505 2997 573 3050 tis
600 2994 814 3064 jejtlniis
858 3003 913 3048 et
941 2990 1200 3048 orationis
1242 2987 1495 3047 instantia
1540 2987 1712 3043 futura
1750 3002 2087 3059 przenoscere

507 3092 698 3147 meruit
734 3099 1088 3144 sacramenta.

576 3185 663 3236 77.
700 3183 795 3237 Itic
820 3182 962 3236 inter
984 3188 1177 3233 caetera
1200 3177 1464 3232 visionum
1498 3177 1775 3247 mysteria,
1809 3175 1892 3229 his
1923 3174 2089 3229 virtu-

506 3284 616 3329 tum
633 3274 795 3343 gestis
817 3282 974 3341 atque
996 3272 1163 3339 sign's
1185 3268 1399 3323 eII'ulsit.
1419 3268 1683 3339 Principio
1709 3266 2087 3322 sceleratorum

508 3379 693 3420 senum
726 3361 1061 3417 mendacium
1101 3358 1521 3430 reprehendens,
1550 3360 1848 3412 castitatem
1883 3356 2092 3413 feminae

506 3456 798 3518 revelavit;
830 3453 999 3507 tribus
1045 3450 1467 3508 hebdomadibus
1506 3449 1711 3504 dierum
1742 3462 1969 3503 exorans
1999 3463 2095 3515 pro

508 3547 703 3617 populo
720 3545 1008 3614 jejunavit;
1042 3544 1382 3598 simulacrum
1416 3541 1506 3594 Bel
1530 3540 1726 3594 divinae
1757 3537 2097 3606 aspirationis

510 3637 838 3707 argumentis
868 3636 1005 3690 elisit
1040 3652 1053 3688 :
1082 3636 1367 3689 draconem
1393 3632 1697 3702 Babylonia:
1720 3644 1917 3684 numen
1946 3630 2094 3698 ejus-

509 3729 630 3783 dcm
654 3728 845 3797 gentis,
872 3725 975 3781 otl'a
1001 3724 1136 3793 pice,
1161 3730 1214 3777 et
1233 3721 1411 3790 adipe,
1433 3729 1487 3774 et
1506 3721 1711 3789 capillis
1732 3720 1994 3787 confecta,
2021 3720 2101 3772 di-

510 3822 650 3874 vina:
680 3819 876 3874 mentis
902 3815 1173 3878 instinctu,
1210 3812 1504 3867 incredibili
1534 3811 1885 3865 admiratione
1925 3810 2101 3863 disru-

512 3912 626 3981 pit;
659 3911 709 3964 in
754 3910 925 3964 lacum
955 3919 1164 3975 quoque
1191 3904 1406 3965 missus,
1440 3902 1640 3956 rabiem
1666 3900 1923 3969 mitigavit
1953 3899 2097 3953 fera-

514 4020 655 4068 rum,
688 4013 842 4070 atque
885 4000 1078 4053 virtute
1106 3997 1265 4051 animi
1302 3995 1453 4049 furtis
1493 3996 1637 4050 inter
1677 3993 1965 4048 frementes
2005 4005 2102 4046 se-

519 4108 681 4149 curus
710 4091 953 4160 epulatur
976 4090 1178 4144 leones.

588 4183 679 4239 78.
714 4184 866 4238 Hunc
908 4180 1113 4246 Darius,
1149 4191 1427 4249 postquam
1461 4176 1807 4247 Babylonium
1841 4177 2103 4231 subvertit

523 4275 827 4343 imperium,
882 4271 1087 4327 honore
1127 4269 1360 4324 maximo
1403 4268 1663 4331 habitum,
1696 4281 1874 4321 secum
1910 4268 2028 4321 tulit
2054 4274 2109 4322 et

522 4368 578 4421 in
608 4363 787 4420 Medos
815 4362 1056 4417 abduxit.
1085 4359 1182 4427 Qui
1209 4359 1370 4413 etiam
1403 4357 1569 4411 fertur
1599 4356 1812 4412 dedisse
1858 4357 2006 4425 signa
2055 4356 2106 4410 in

522 4457 796 4513 montibus
815 4468 977 4523 super
1009 4451 1375 4522 Babyloniam,
1417 4450 1603 4505 dicens
1630 4466 1643 4502 :
1679 4450 1811 4502 Dum
1844 4457 2053 4503 montes
2079 4464 2108 4502 a

2194 1887 2279 1927 ne.
2318 1871 2412 1925 IIic
2437 1878 2614 1923 autem
2649 1867 2745 1922 fuit
2774 1882 2836 1921 ex
2887 1866 3084 1934 oppido
3107 1864 3497 1933 Thecue,quod
3528 1864 3687 1917 distat
3713 1863 3779 1916 ad

2189 1966 2478 2022 australem
2526 1964 2733 2035 plagam
2785 1978 2875 2017 sex
2925 1960 3163 2015 millibus
3211 1969 3397 2015 contra
3447 1957 3776 2013 Bethlehem.

2194 2061 2339 2116 Ultra
2385 2069 2564 2113 autem
2603 2056 2743 2111 nulla
2775 2064 2858 2111 est
2889 2053 3066 2108 habita
3094 2054 3167 2117 io,
3201 2052 3295 2107 sed
3342 2052 3453 2106 sola
3482 2052 3652 2107 eremi
3683 2050 3782 2104 dii-

2190 2150 2307 2205 fusa
2338 2151 2556 2203 vastitas
2587 2155 2793 2215 patens,
2825 2159 2993 2211 usque
3034 2142 3098 2197 ad
3130 2158 3275 2197 mare
3318 2142 3577 2205 Rubrum,
3623 2149 3784 2209 atque

2189 2241 2493 2298 Jttdznorutn
2524 2239 2656 2312 [Al.,
2690 2235 2963 2305 Indorum]
2994 2236 3149 2309 lines,
3181 2234 3310 2290 solis
3353 2243 3559 2288 tantum
3595 2241 3785 2304 pasto-

2191 2334 2337 2389 ribus
2387 2310 2602 2387 conscia
2624 2370 2640 2395 ,
2670 2338 2725 2384 et
2766 2327 2870 2382 late
2901 2310 3199 2397 vagantium
3234 2341 3508 2395 pecorum.

2259 2425 2351 2481 εἳ.
2377 2425 2451 2477 Ex
2480 2423 2578 2476 hac
2626 2422 2806 2489 itaque
2830 2418 3080 2488 pastorali
3103 2417 3319 2489 regione
3335 2416 3429 2471 I'uit
3449 2420 3786 2482 Amos,unus

2189 2511 2257 2565 de
2271 2523 2491 2565 numero
2509 2514 2800 2577 pastorum,
2817 2520 2973 2573 quem
2994 2503 3247 2557 Dominus
3262 2503 3492 2558 ablatum
3510 2502 3631 2557 inde
3644 2502 3787 2556 misit

2189 2602 2255 2656 ad
2273 2616 2339 2670 po
2348 2599 2527 2666 pulutn
2552 2596 2739 2660 Israel,
2761 2595 3074 2664 prmcipiens
3089 2593 3137 2649 ei
3158 2604 3211 2647 ut
3225 2594 3275 2647 in
3296 2592 3588 2648 Samariam
3604 2606 3788 2661 perge-

2190 2701 2296 2756 ret,
2326 2699 2381 2745 et
2409 2688 2481 2744 ibi
2496 2703 2612 2754 qua:
2626 2693 2848 2741 ventura
2873 2694 3025 2738 erant
3053 2683 3415 2753 praphetaret,
3445 2697 3602 2753 quem
3629 2690 3789 2735 Ama-

2189 2785 2296 2839 sias
2316 2798 2408 2838 rex
2430 2784 2733 2849 frequenter
2758 2776 2921 2847 plagis
2940 2776 3144 2841 ail‘ecit;
3169 2774 3452 2829 novissime
3469 2772 3624 2828 Ozias
3649 2771 3787 2825 ﬁlius

2188 2877 2324 2945 ejus,
2357 2882 2511 2929 vecte
2541 2886 2632 2942 per
2663 2881 2901 2937 tempora
2930 2866 3211 2932 transﬁxo,
3242 2865 3449 2920 crudeli
3479 2875 3652 2919 morte
3683 2879 3779 2919 ne-

2188 2966 2349 3021 cavit.
2382 2964 2510 3018 Post
2537 2963 2651 3016 Itaec
2674 2960 2991 3022 semivivus,
3022 2967 3239 3013 evectas
3270 2957 3321 3011 in
3356 2966 3550 3012 terram
3589 2971 3740 3012 suam
3766 2998 3783 3022 ,

2192 3070 2310 3128 post
2336 3056 2539 3123 aliquot
2569 3053 2685 3108 dies
2722 3052 2910 3106 dolore
2938 3049 3101 3105 nimio
3133 3050 3370 3104 vulneris
3390 3046 3623 3103 animam
3652 3062 3786 3102 cun-

2118 3136 2164 3199 C
2196 3159 2405 3206 ctanter
2429 3148 2562 3220 [Al.,
2577 3140 2939 3214 cunctantem]
2957 3142 3176 3208 efﬂavit,
3195 3142 3541 3211 sepultusque
3560 3148 3641 3196 est
3662 3154 3783 3196 cum

2204 3240 2443 3311 patribus
2473 3239 2604 3292 suis.

2687 3327 2842 3400 173
2880 3323 3105 3380 CAPUT
3146 3322 3332 3377 XLIV.

2268 3419 2359 3474 83.
2384 3418 2599 3484 Abdias,
2624 3417 2691 3473 de
2713 3428 2853 3497 terra
2877 3416 3113 3477 Sichem,
3133 3423 3285 3467 ortus
3312 3413 3363 3467 in
3381 3427 3507 3483 agro
3529 3412 3790 3467 Bethaca-

2200 3529 2336 3568 ram.
2356 3513 2460 3567 Iste
2471 3520 2552 3565 est
2569 3509 2677 3575 ille,
2693 3508 2778 3578 qui
2793 3508 2892 3560 sub
2904 3505 3133 3561 Ochozia
3150 3519 3275 3573 rege
3287 3504 3560 3570 Samarite,
3574 3514 3792 3558 centum

2204 3605 2349 3674 pavit
2379 3599 2687 3672 prophetas.
2722 3598 2825 3652 Iste
2851 3604 2934 3651 est
2964 3596 3153 3650 tertius
3180 3596 3269 3651 ille
3298 3595 3404 3648 dux
3435 3596 3520 3650 cui
3554 3595 3795 3664 pepercit

2204 3697 2364 3759 Elias,
2397 3692 2487 3762 qui
2516 3690 2875 3760 postmodum,
2907 3688 3094 3743 relicto
3116 3688 3363 3743 Ochoziaa
3386 3687 3525 3757 regis
3548 3687 3796 3740 ministe-

2204 3788 2303 3849 rio,
2331 3786 2459 3840 Elia).
2490 3784 2660 3838 factus
2692 3781 2986 3853 discipulus
3009 3782 3364 3851 prOpbetavit.
3398 3782 3603 3851 Quique
3631 3781 3795 3835 etiam

2207 3886 2381 3934 morte
2411 3876 2623 3946 propria
2655 3874 2818 3941 obiit,
2852 3874 3093 3942 sepultus
3131 3888 3251 3927 cum
3300 3872 3542 3942 patribus
3588 3870 3702 3924 suis
3742 3871 3797 3926 in

2207 3975 2449 4028 Sehastia
2479 3971 2713 4033 civitate,
2742 3967 2832 4022 ubi
2864 3977 2918 4021 et
2941 3967 3164 4021 Elisteus
3194 3965 3449 4035 prapheta
3481 3972 3536 4020 et
3565 3965 3799 4019 Joannes

2209 4064 2443 4134 Baptista
2486 4060 2863 4116 venerabiliter
2894 4058 3259 4127 requiescunt.

2782 4168 3009 4225 CAPUT
3050 4167 3211 4223 XLV.

2284 4270 2376 4325 8i.
2426 4267 2610 4333 Jonas,
2645 4265 2914 4331 columba,
2958 4272 3013 4317 et
3037 4262 3248 4325 dolens,
3282 4260 3417 4315 ﬁlius
3446 4256 3681 4323 Amathi,
3714 4258 3803 4325 qui

2215 4359 2312 4414 fuit
2340 4359 2405 4413 de
2427 4357 2588 4417 Geth,
2615 4370 2735 4425 quae
2772 4364 2854 4409 est
2887 4354 2938 4407 in
2963 4352 3164 4422 Opher,
3187 4353 3252 4405 ad
3274 4352 3509 4422 gentium
3536 4348 3805 4419 praeconia

2220 4450 2463 4512 mittitur,
2490 4447 2689 4501 missus
2710 4444 3026 4510 contemnit,
3050 4451 3401 4496 contemnens
3424 4438 3574 4509 Ittgit,
3602 4439 3810 4506 fugiens

524 4554 694 4607 Borea
726 4548 1243 4613 fumaverint,tinem
1269 4545 1467 4599 instare
1490 4542 1829 4613 Babyloniae;
1860 4542 1986 4596 dum
2015 4543 2109 4596 visi
2142 4507 2193 4567 θ
2219 4544 2414 4598 dormit
2447 4560 2458 4593 :
2495 4549 2712 4610 propter
2743 4553 2898 4608 quem
2933 4507 3335 4606 periclitabatur
3368 4507 3537 4597 navis,
3566 4531 3659 4585 sed
3691 4545 3811 4584 rna-

525 4643 725 4696 fuerint
756 4640 1013 4694 incendiis
1035 4637 1387 4706 conﬂagrare,
1422 4637 1538 4688 linis
1569 4634 1674 4688 erit
1724 4633 1887 4688 totius
1911 4634 2112 4688 mundi.

526 4736 656 4789 Item
689 4734 815 4786 dum
844 4732 907 4785 ad
932 4738 1135 4801 partem
1166 4727 1287 4782 Noti
1323 4725 1592 4783 reﬂuxerit
1621 4724 1818 4794 Tigris,
1853 4726 2119 4793 regressio

529 4827 633 4880 erit
664 4824 841 4896 pepuli
885 4823 950 4877 ad
994 4820 1311 4876 Jerusalem.
1365 4818 1518 4888 172
1552 4817 1696 4870 Vixit
1743 4828 1921 4871 autem
1954 4831 2120 4884 usque

530 4916 595 4969 ad
630 4925 839 4985 tempus
872 4913 1009 4967 Darii
1034 4914 1173 4982 regis
1199 4912 1503 4975 Persarum,
1532 4909 1685 4962 annis
1712 4917 1921 4963 centum
1952 4919 2005 4962 et
2031 4908 2123 4962 de-

606 5051 695 5104 74.
721 5050 985 5120 Asp’dnm.
1017 5048 1351 5116 Ilieronym.,
1372 5042 1748 5095 crocodilorum
1771 5042 1843 5095 ait
1861 5039 2120 5109 Epiphan.

536 5131 591 5177 et
623 5122 841 5174 Doroth.

610 5189 748 5245 Ibid.
779 5190 1066 5243 Jcremiam
1095 5185 1359 5254 lapidibus
1388 5199 1415 5237 a
1441 5181 1641 5254 Judaeis
1665 5181 1917 5254 obrutum
1938 5179 2124 5254 fuisse,

542 5264 811 5313 consentit
839 5262 1000 5313 etiam
1032 5249 1413 5317 Tertullianus,
1435 5253 1704 5314 Scorpiac.
1732 5265 1849 5316 cap.
1876 5249 1929 5303 8.
1952 5250 2123 5304 Ansv.

612 5330 700 5381 76.
730 5328 804 5381 De
831 5331 962 5381 tribu
988 5326 1149 5381 Juda.
1173 5325 1289 5379 \‘itf.
1309 5323 1520 5391 Epipb.,
1556 5319 2127 5389 Ilieronytn.,JnsepIt.

616 5397 751 5451 Ibid.
796 5398 895 5451 Pro
925 5410 1238 5466 prwnoscerc
1257 5395 1349 5466 alii
1370 5393 1565 5446 habent
1588 5391 2126 5466 prrrnotescrre,qtiml

542 5470 890 5525 Isitlorianum
917 5460 1039 5536 puto
1070 5481 1165 5535 pro
1190 5465 1419 5535 praedicet
1436 5478 1484 5521 ε.
1510 5472 1685 5515 notum
1719 5460 1862 5536 prius
1883 5463 2129 5536 r_ed_dcre;

547 5555 666 5593 nam
695 5552 852 5606 supra
877 5529 986 5606 jam
1008 5529 1089 5591 esi
1117 5529 1354 5603 prmscius
1388 5536 1693 5602 futurorum.
1719 5530 1773 5583 In
1811 5529 1940 5584 Cod.
1960 5530 2127 5606 Palat.

544 5619 627 5664 est
657 5603 931 5674 promeruit
961 5621 1055 5674 pro
1078 5616 1455 5673 prmttotescere,
1482 5613 1573 5656 aut
1594 5615 1921 5674 praenoscere.
1959 5603 2126 5652 Aasv.

575 5705 579 5709 υ
619 5670 707 5731 77.
744 5680 920 5741 Forte,
953 5670 1274 5733 mendacium
1316 5673 1715 5743 deprehendens.
1748 5670 2018 5743 Consonat
2050 5672 2130 5722 IIIS

556 5752 867 5807 Dorotheus.
906 5748 1032 5805 Vide
1075 5747 1235 5800 etiam
1286 5741 1596 5811 Josephuttt,
1645 5743 1717 5796 De
1752 5741 1953 5808 Atttiq.,
2007 5757 2133 5809 (κιρ.

2219 4636 2379 4706 gister
2422 4635 2573 4687 navis
2614 4633 2863 4686 latentem
2908 4630 3128 4697 reperit.
3162 4635 3313 4680 cetus
3353 4625 3617 4693 abjectum
3641 4622 3815 4677 devo.

2224 4727 2381 4792 ravit,
2406 4733 2647 4780 orantem
2675 4721 2967 4782 revotnuit;
3000 4717 3231 4788 reiectus
3258 4715 3565 4786 praedicavit
3583 4714 3814 4767 subver-

2223 4832 2449 4873 sronem.

2295 4910 2384 4967 8i}.
2422 4906 2525 4963 Sed
2574 4904 2914 4960 contristatus
2968 4904 3022 4957 in
3066 4897 3376 4971 prenitentia
3410 4896 3585 4960 urbis,
3638 4904 3689 4949 et
3730 4910 3817 4946 sa-

2228 5044 2322 5099 ult.
2354 5044 2388 5097 ι.
2425 5042 2509 5095 It).
2543 5044 2709 5093 Anc“.

2301 5115 2389 5166 79.
2423 5110 2684 5164 Belemoth
2715 5111 2874 5163 etiam
2911 5106 3169 5173 Epiphan.
3203 5112 3258 5159 et
3290 5104 3510 5158 Doroth.

2295 5182 2429 5238 —-Si
2456 5196 2687 5251 quercus.
2732 5180 2814 5234 Al.
2864 5169 3022 5242 Quasi
3058 5192 3291 5246 quercus,
3333 5190 3447 5244 qua
3483 5180 3557 5227 est
3596 5171 3648 5225 in
3675 5169 3817 5236 Silo,

2228 5270 2344 5310 cum
2366 5268 2427 5307 ea:
2453 5257 2742 5317 semetipsa.

2299 5324 2389 5379 80.
2426 5321 2502 5374 De
2533 5313 2669 5372 tribu
2701 5318 2895 5371 Ruben.
2930 5316 3239 5376 IIieronym.
3280 5313 3544 5382 Epiphan.

2303 5392 2390 5446 85.
2443 5391 2558 5457 Quo
2603 5400 2843 5457 tempore
2894 5386 3290 5457 propltetaverit
3330 5379 3558 5445 'Ahdias,
3594 5379 3821 5457 inquirit

2236 5452 2555 5519 Mariana'in
2589 5452 2798 5512 notfad
2841 5452 3033 5509 librum
3066 5453 3471 5516 Protemiorum,
3513 5467 3565 5504 n.
3599 5452 3690 5514 67,
3723 5452 3822 5517 qui

2235 5534 2393 5588 etiam
2425 5530 2629 5584 similes
2654 5529 2722 5581 de
2749 5528 2869 5580 aliis
2897 5525 3169 5594 prophetis
3218 5524 3541 5593 quaestiones
3583 5521 3821 5594 explicat

2236 5603 2287 5657 itt
2322 5603 2463 5656 notis
2498 5600 2561 5651 ad
2590 5599 2832 5651 eumdem
2867 5591 3080 5660 librum,
3111 5613 3136 5647 a
3163 5591 3313 5649 nobis
3340 5610 3437 5648 suo
3466 5595 3582 5647 loco
3612 5591 3821 5643 descri-

2238 5673 2442 5729 bendis.
2486 5675 2655 5724 Ausv.
3239 5675 3243 5679 '
