4104 6172
424 213 529 267 1ιῖ

1564 209 1648 263 DE
1688 206 1869 262 ORTU
1917 206 2005 260 ET
2045 205 2250 260 OBITU
2297 206 2601 260 PATItUlI.

3598 210 3694 263 I'ob'

420 331 517 384 Ιηιί
549 336 783 398 gentium
826 325 1011 379 invidit
1040 343 1054 389 ;
1086 323 1281 391 gaudet
1321 324 1482 376 etiam
1533 322 1631 375 sub
1671 322 1879 375 hedera:
1935 320 2012 372 vi—
2043 326 2086 378 Α
2117 318 2353 372 Mortuus
2374 326 2602 386 estergo
2626 320 3422 395 Achias,atquesepnltusjuxta
3444 342 3699 397 quercum

418 423 588 477 rentis
622 418 953 481 umbraculo,
999 427 1054 470 et
1075 415 1221 469 dolet
1249 412 1423 468 subito
1446 422 1745 468 areSCente.
1773 412 2013 465 Tradunt

418 511 658 573 Ilebrzci,
683 510 825 562 hunc
843 521 961 561 esse
978 506 1149 560 viduae
1178 506 1338 559 filium
1362 519 1516 574 quem
1546 520 1574 557 a
1600 504 1820 557 mortuis
1842 504 2011 556 susri-

417 603 552 654 tavit
581 601 742 653 Elias.
774 599 937 667 Cujus
965 599 1270 667 sepulcrum
1298 597 1349 650 in
1379 596 1607 665 quodam
1638 595 1844 648 urbium
1871 594 2010 648 Geth

416 693 597 746 viculo
628 691 1051 755 demonstratur,
1084 691 1225 759 quod
1254 698 1338 743 est
1366 688 1417 741 in
1450 687 1684 741 secundo
1712 686 1959 740 milliario
1979 700 2009 740 a

413 781 703 851 Sephorim
734 779 787 835 in
820 781 1007 834 itinere
1033 795 1138 849 quo
1171 780 1406 847 pergitur
1435 777 1794 833 Tiberiadem.

996 868 1223 923 CAPUT
1263 868 1443 923 XLVI.

489 962 579 1019 86.
600 961 871 1027 Michaeas,
886 961 951 1015 de
975 960 1114 1015 tribu
1145 959 1377 1029 Ephrem
1396 959 1445 1013 in
1464 960 1718 1014 Morasthi
1740 971 1887 1014 ortus
1905 968 2005 1013 est.

412 1056 516 1111 Hic
544 1057 796 1125 quoniam
832 1064 1135 1122 peccantem
1168 1053 1355 1107 Achab
1384 1054 1579 1120 saepius
1602 1052 1879 1121 arguebat,
1909 1052 2009 1105 sub

412 1146 600 1200 Joram
634 1144 742 1199 ﬁlio
764 1145 880 1214 ejus
907 1144 974 1199 de
1005 1143 1299 1212 praecipitio
1324 1157 1518 1211 magno
1554 1142 1818 1209 proiectus
1846 1156 2008 1195 occu-

410 1239 551 1292 buit.
586 1238 841 1306 Sepultus
883 1246 966 1291 est
1009 1238 1233 1291 interra
1283 1251 1378 1289 sua
1418 1235 1570 1304 juxta
1620 1234 2003 1305 Polyandrum,

408 1329 557 1399 quod
588 1340 667 1385 est
698 1344 863 1398 prope
894 1327 1067 1381 Naim.

883 1416 1042 1489 174
1078 1418 1301 1472 carur
1341 1417 1547 1472 XLVII.

481 1510 571 1566 87.
596 1510 822 1572 Nahum.
843 1511 910 1565 de
932 1513 1069 1565 tribu
1092 1509 1331 1575 Simeon,
1349 1513 1400 1562 in
1427 1507 1631 1564 llelcesi
1650 1518 1793 1562 trans
1814 1508 2006 1562 Betha-

405 1602 513 1657 rim
544 1611 722 1667 natos,
753 1602 933 1672 ibique
962 1611 1222 1665 mortuus,
1256 1614 1357 1653 suo
1380 1598 1523 1669 jacet
1548 1599 1601 1653 in
1634 1598 1855 1653 tumulo.

954 1688 1177 1744 CAPUT
1220 1687 1449 1742 XLVIII.

478 1778 571 1831 88.
602 1779 872 1844 liabacuc,
899 1778 967 1834 de
997 1778 1134 1832 tribu
1165 1779 1401 1842 Simeon,
1430 1778 1483 1832 in
1508 1792 1635 1848 agro
1667 1777 1998 1832 Betbsachar

399 1880 555 1925 ortus
585 1879 697 1935 est;
731 1868 817 1924 hic
842 1878 964 1923 ante
994 1870 1260 1924 biennium
1285 1868 1633 1937 regressionis
1656 1866 1882 1921 ﬁliorum
1918 1865 1995 1920 ls-

401 1960 515 2014 rael
544 1959 613 2014 de
641 1958 971 2028 captivitate,
999 1959 1052 2013 in
1076 1974 1203 2029 agro
1228 1957 1496 2023 Sabarith,
1520 1957 1611 2027 qui
1640 1966 1720 2012 cst
1751 1957 1801 2011 in
1828 1956 1993 2024 Ceila,

399 2066 433 2104 ι
464 2051 570 2105 vita
597 2050 851 2106 deceasit.

973 2140 1204 2202 CAPUT.
1240 2140 1429 2195 XLIX.

474 2232 567 2286 89.
582 2230 904 2301 Sophonias,
928 2229 995 2284 de
1012 2230 1149 2284 tribu
1166 2229 1404 2293 Simeon,
1424 2228 1562 2283 ﬁlius
1579 2227 1762 2295 Chusi,
1792 2229 1842 2282 in
1865 2243 1993 2298 agro

399 2320 668 2375 Sarabatb
699 2333 878 2387 ortus,
912 2330 964 2374 et
1009 2319 1235 2389 gloriosa
1285 2322 1542 2387 majorum
1574 2334 1791 2373 suorum
1822 2319 1990 2387 stirpe

400 2415 735 2482 progenitus,
765 2411 1126 2480 prophetavit,
1149 2419 1491 2481 mortuusque
1514 2419 1595 2467 est
1621 2418 1784 2482 atque
1808 2414 1989 2482 sepul-

402 2512 491 2555 tus
522 2502 575 2555 in
607 2516 734 2570 agro
763 2515 881 2554 suo.

1047 2590 1274 2645 CAPUT
1302 2590 1363 2645 L.

456 2679 804 2751 90.Agg:eus,
821 2690 975 2736 natus
987 2682 1039 2737 in
1054 2683 1360 2753 Babylonia,
1372 2683 1684 2754 jnvenculus
1696 2684 1985 2739 JeruSalem

393 2774 567 2834 venit,
594 2774 997 2828 aedificationem
1022 2774 1203 2843 templi
1225 2790 1291 2830 ex
1322 2783 1467 2843 parte
1494 2774 1724 2844 aspexit,
1749 2790 1811 2829 ac
1834 2776 1983 2844 juxta

393 2866 734 2922 sacerdotum
766 2876 1109 2923 monumenta
1151 2868 1382 2936 gloriose
1411 2869 1650 2938 sepultus
1678 2869 1983 2940 requiescit.

1008 2977 1235 3033 CAPUT
1276 2978 1366 3035 LI.

466 3068 557 3125 91.
588 3069 879 3125 Zacharias
900 3070 967 3126 de
997 3072 1213 3139 regione
1243 3073 1615 3129 Chaldaeorum
1640 3076 1791 3131 valde
1816 3091 1979 3132 senex
2008 3058 2056 3121 ο

392 3159 449 3214 in
473 3170 669 3215 terram
692 3176 841 3215 suam
867 3177 1111 3218 reversus
1139 3174 1240 3229 est,
1271 3165 1322 3218 in
1352 3180 1452 3235 qua
1472 3175 1526 3221 et
1549 3177 1789 3222 mortuus
1810 3177 1891 3225 est
1921 3185 1984 3224 ac

391 3253 635 3323 sepultus
656 3254 805 3324 juxta
835 3256 1108 3326 Aggaeum,
1140 3257 1362 3326 quiescit
1396 3260 1445 3312 in
1478 3274 1627 3330 pace.

1006 3345 1231 3403 CAPUT
1273 3348 1379 3404 LII.

467 3435 555 3489 92.
572 3435 856 3490 Malachias
876 3448 991 3504 post
1008 3442 1366 3509 egressionem
1392 3442 1590 3511 populi,
1615 3443 1665 3497 in
1682 3442 1875 3512 Sophia
1899 3456 1980 3500 est

390 3526 603 3597 genitus
628 3546 643 3593 ;
671 3531 749 3583 vir
772 3529 947 3599 justus
972 3539 1028 3585 et
1065 3543 1283 3600 aspectu
1324 3532 1569 3597 decorus,
1601 3550 1756 3605 quem
1807 3536 1977 3592 Judaei

391 3617 728 3684 Ilalacbiam,
758 3620 810 3674 id
840 3630 924 3674 est
951 3621 1197 3691 angelum
1231 3622 1438 3678 Domini
1471 3623 1592 3679 ideo
1620 3637 1866 3680 asserunt
1888 3643 1979 3680 vo-

389 3714 636 3779 citatum,
670 3715 793 3783 quia
824 3730 1152 3786 quaecunque
1187 3718 1506 3785 prirdicebit
1528 3760 1542 3783 ,
1602 3720 1753 3789 175
1796 3720 1978 3775 confe-

389 3804 540 3869 stim,
582 3806 776 3874 angelo
810 3806 879 3860 de
906 3806 1059 3861 cmlis
1098 3808 1341 3862 veniente
1378 3809 1846 3865 confirmabantur.
1883 3810 1977 3865 llic

391 3906 565 3949 autem
588 3895 879 3950 admodum
904 3896 1114 3966 juvenis
1146 3900 1388 3968 moritur,
1421 3910 1578 3968 atque
1609 3902 1660 3953 in
1690 3915 1816 3969 agro
1848 3916 1973 3969 pro-

390 3986 507 4054 prio
524 3987 803 4055 sepelitur.

991 4076 1216 4134 CAPUT
1250 4080 1374 4134 LIII.

461 4166 773 4223 95.Nathan
801 4168 1080 4238 propheta,
1118 4185 1184 4224 ex
1206 4168 1536 4236 Gabaonitis,
1570 4169 1657 4239 qui
1687 4168 1847 4223 David
1890 4186 1973 4224 re-

383 4277 505 4330 gem
531 4265 702 4330 legem
728 4260 820 4314 Dei
841 4260 1103 4324 docuit,et
1118 4270 1387 4330 peccatum
1406 4261 1545 4330 quod
1569 4270 1709 4316 esset
1734 4261 1784 4315 in
1806 4262 1968 4315 Beth-

380 4354 547 4407 sahee
570 4353 952 4423 prmvaricatus
983 4353 1357 4407 manifestavit.
1384 4353 1480 4407 llic
1505 4354 1664 4407 etiam
1690 4353 1829 4419 quod
1862 4368 1965 4406 non

384 4442 678 4497 mditicaret
709 4442 873 4497 David
905 4443 1129 4499 Domino
1160 4444 1409 4513 templum
1444 4444 1704 4511 praedixit.
1739 4444 1833 4497 llic
1861 4444 1969 4497 Sa-
1997 4430 2046 4488 υ

384 4536 659 4589 lomonem
688 4550 913 4603 ungens,
945 4536 995 4589 in
1020 4536 1307 4605 principem
1331 4536 1685 4589 consecravit.
1708 4535 1851 4589 Obiit
1875 4550 1969 4589 au-

384 4632 490 4677 tem
513 4639 686 4679 senex
708 4625 761 4678 in
789 4634 925 4679 terra
947 4640 1065 4692 sua,
1085 4625 1424 4693 sepultusque
1444 4631 1528 4679 est
1549 4639 1668 4678 cum
1691 4624 1965 4694 dignitate.

974 4716 1199 4772 CAPUT
1238 4717 1371 4771 LIV.

455 4812 543 4865 91.
578 4810 775 4865 Acbias
793 4809 1046 4864 Silonites
1068 4809 1134 4863 de
1154 4809 1367 4862 civitate
1396 4806 1508 4861 Heli
1539 4805 1851 4870 sacerdotis,
1875 4805 1961 4859 ubi

381 4902 612 4970 primum
638 4900 1035 4955 tabernaculum
1062 4906 1115 4953 ct
1144 4912 1263 4951 arca
1288 4898 1377 4952 Dei
1402 4905 1536 4964 erat,
1559 4896 1827 4951 Salomoni
1853 4893 1962 4964 regi

382 4995 655 5065 praedixit,
688 4993 827 5062 quod
862 5008 956 5062 per
986 4990 1237 5045 mulieres
1264 4990 1497 5058 gentium
1527 5004 1555 5041 a
1588 4988 1851 5042 mandatis
1872 4988 1963 5041 Dei

380 5089 704 5152 declinaret,
736 5095 790 5140 et
817 5085 1127 5140 divisionem
1162 5084 1339 5152 populi
1372 5082 1422 5134 in
1455 5082 1602 5151 prole
1642 5095 1748 5135 non
1777 5082 1957 5135 tacuit.

450 5277 540 5329 87.
575 5272 873 5326 Dorotheus
905 5289 916 5322 :
950 5271 1017 5323 Et
1047 5276 1097 5322 tn
1128 5278 1260 5323 terra
1279 5284 1371 5322 sua
1390 5268 1638 5332 sepultus.
1671 5266 1840 5319 Aaev.

449 5347 543 5400 91.
576 5344 689 5397 Hoc
717 5352 875 5407 caput
903 5341 1055 5394 deest
1087 5342 1141 5393 in
1169 5340 1306 5392 aliis.
1342 5337 1493 5399 Vide,
1524 5336 1680 5398 infra,
1709 5351 1822 5403 cap.
1859 5334 1948 5387 97.

450 5414 542 5468 95.
578 5412 845 5479 PrOpheta
894 5425 922 5461 a
975 5408 1131 5464 leone
1176 5407 1593 5479 strangulatus,
1617 5408 1694 5479 ge
1745 5421 1850 5479 quo
1879 5419 1950 5479 Am

381 5487 514 5553 Reg.
548 5497 670 5544 xm,
690 5472 729 5534 ’τι
762 5479 1026 5553 Dorotheo
1054 5486 1269 5533 vocatur
1288 5472 1444 5553 Jﬁath
1465 5472 1954 5553 ;_itt_C0ttSiIltllio-_-

381 5544 539 5609 nilqu
567 5550 1024 5619 Apostolicis,_lib.
1059 5563 1129 5613 tv,
1160 5547 1344 5619 cap.6
1363 5544 1673 5619 ,JAdouias,
1706 5561 1862 5612 quem
1887 5546 1951 5597 ad

386 5629 564 5682 locum
595 5617 857 5677 videndus
894 5617 1207 5675 Cotclerius.
1242 5617 1342 5671 Alii
1384 5617 1629 5670 Semcam
1668 5630 1787 5671 eum
1832 5630 1954 5685 νιος

2117 411 2168 463 in
2198 410 2330 466 Silo.

2721 503 2947 559 CAPUT
2979 504 3089 560 LV.

2184 591 2274 647 95.
2298 593 2447 646 Addo
2466 596 2515 646 in
2539 595 2773 648 Samaria
2802 598 2932 668 [.›1ι.,
2957 597 3112 651 Sama
3130 598 3254 653 Sam
3277 598 3404 671 riae]
3429 611 3575 655 natus
3595 613 3694 657 est.

2116 683 2208 736 llic
2227 686 2412 751 estqui
2438 686 2502 738 ad
2527 687 2807 739 Jeroboam
2842 688 3202 743 immolantem
3229 691 3446 745 vitulum
3475 696 3694 759 missus,

2114 771 2164 823 in
2182 788 2426 827 sermone
2452 774 2657 828 Domini
2681 776 2842 841 venit,
2869 792 3096 846 etnuque
3112 778 3284 847 arguit
3308 778 3693 834 iunnolantcm.

2116 861 2264 915 llunc
2294 863 2358 915 ad
2395 865 2602 932 propria
2647 875 3002 921 revertentem
3036 881 3251 937 propter
3282 872 3693 928 inobedientiam

2113 952 2196 1007 leo
2228 954 2278 1006 in
2311 958 2392 1006 via
2420 956 2808 1025 Straugulavit,
2841 959 3214 1027 sepultumque
3247 970 3389 1017 tenet
3422 964 3606 1021 Bethel
3640 977 3694 1021 et

2114 1044 2423 1111 prophetam
2454 1045 2599 1100 illum
2623 1046 2710 1115 qui
2740 1060 2861 1102 eum
2896 1048 3171 1105 fefellerat.

2693 1160 2917 1215 CAPUT
2954 1162 3087 1216 LVI.

2183 1250 2271 1303 96.
2308 1249 2527 1303 Azarias
2568 1253 2617 1304 in
2652 1262 2789 1306 terra
2831 1254 2999 1307 oritur
3046 1254 3298 1323 Sabatha,
3348 1270 3693 1331 mortuusque

2111 1350 2192 1393 est
2215 1356 2277 1395 ac
2298 1346 2536 1411 sepultus
2556 1344 2604 1397 in
2633 1347 2802 1413 agello
2828 1360 2946 1401 suo.

2685 1439 2913 1493 CAPUT
2958 1440 3111 1495 LVII.
3440 1446 3469 1465 ⁰

2179 1527 2240 1578 97
2256 1568 2269 1579 .
2285 1527 2566 1581 Zacharias
2586 1531 2838 1597 propheta
2858 1542 3017 1601 atque
3036 1540 3304 1600 sacerdos,
3328 1537 3465 1592 ﬁlius
3484 1539 3691 1594 Joiadae

2108 1620 2423 1684 sacerdotis,
2462 1623 2618 1692 176
2644 1623 2729 1689 qui
2759 1632 2811 1677 et
2840 1624 3122 1680 Barachias
3150 1629 3552 1698 cognominatus
3584 1646 3687 1696 esu

2030 1696 2076 1754 Β
2102 1728 2255 1782 quem
2272 1726 2619 1784 congregatus
2634 1716 2683 1768 in
2698 1718 2831 1770 atrio
2849 1717 3036 1772 domus
3055 1696 3258 1773 Domini
3277 1723 3520 1791 populus,
3536 1722 3690 1792 juxta

2103 1807 2227 1861 .Ioas
2260 1808 2400 1875 regis
2426 1807 2728 1875 imperium,
2764 1811 2942 1864 missis
2974 1812 3025 1864 in
3052 1827 3173 1865 eum
3204 1814 3466 1882 lapidibus
3489 1819 3690 1871 cxstiu.

2110 1898 2208 1951 xit.
2240 1898 2389 1951 lluuc
2418 1900 2748 1953 sublevatum
2794 1903 3049 1975 continuo
3078 1905 3380 1961 sacerdotes
3411 1908 3562 1976 juxta
3593 1926 3682 1977 pa-

2101 2000 2233 2044 trem
2266 2006 2421 2044 suutu
2453 1991 2779 2058 sepelierunt
2810 1993 2858 2046 iu
2887 1994 3200 2050 Jerusalem.

2669 2104 2896 2160 CAPUT
2935 2106 3115 2163 LVIII.

2165 2198 2181 2250 ξ
2201 2196 2253 2250 8.
2275 2196 2469 2251 Tobias
2488 2197 2626 2252 filius
2644 2199 2890 2266 Auaniel,
2909 2216 2969 2254 ex
2991 2202 3129 2255 tribu
3160 2201 3494 2272 Nephthalim
3516 2206 3581 2261 de
3601 2208 3683 2260 ci-

2094 2290 2255 2345 vitate
2283 2290 2460 2353 Cibel,
2485 2305 2601 2360 qua:
2628 2300 2711 2345 est
2733 2292 2783 2345 in
2804 2293 3021 2361 regione
3047 2291 3299 2349 Galilazzn.
3321 2296 3418 2350 llic
3434 2297 3678 2365 captivus

2093 2381 2284 2437 ductus
2314 2391 2395 2436 est
2420 2398 2448 2437 a
2477 2383 2816 2438 Salmanasar
2847 2400 2972 2453 rege
2998 2385 3339 2455 Assyriorum
3371 2388 3422 2441 in
3463 2386 3672 2455 Niniv‘e.

2097 2474 2190 2529 Vir
2217 2476 2268 2529 in
2300 2475 2490 2532 timore
2522 2476 2612 2532 Dei
2651 2491 2925 2544 summus,
2960 2478 3011 2532 in
3043 2492 3203 2546 oj‘rere
3248 2481 3590 2550 magniﬁcus,
3625 2482 3675 2536 in

2093 2568 2458 2624 misericordia
2480 2568 2762 2639 gloriosus.
2790 2571 2840 2624 in
2862 2573 3230 2641 exsequiarum
3256 2574 3399 2629 curis
3417 2558 3674 2643 devotus;

2091 2660 2179 2725 qui
2212 2658 2338 2713 dum
2367 2668 2606 2715 mortuos
2631 2663 2908 2730 sepeliret,
2937 2670 2991 2717 et
3018 2664 3203 2732 inopes
3228 2675 3490 2733 pasceret,
3522 2670 3675 2722 cmci-

2093 2758 2200 2803 tate
2230 2750 2430 2806 lumine
2458 2754 2645 2819 caruit,
2679 2763 2733 2808 et
2767 2763 2885 2823 post
2909 2754 3156 2810 tenebras
3199 2759 3448 2813 reseratis
3479 2760 3670 2827 oculis,

2089 2840 2269 2898 lumen
2300 2843 2555 2898 claritatis
2586 2845 2893 2913 promeruit.
2940 2844 3088 2901 Jacct
3120 2847 3171 2901 in
3219 2848 3409 2905 Ninive
3457 2850 3672 2907 civitate

2084 2934 2323 3004 sepultus
2351 2936 2402 2990 in
2436 2950 2583 3005 pace.

2675 3027 2901 3083 CAPUT
2938 3027 3073 3082 LIX.

2159 3136 2249 3193 93.
2266 3136 2397 3193 Tres
2421 3138 2665 3208 pueri,ex
2684 3139 2849 3208 Stirpc
2864 3139 3003 3208 regia
3027 3139 3177 3208 cfari,
3200 3143 3455 3197 memoria
3467 3143 3666 3213 glorio-

2086 3228 2155 3293 εἰ,
2177 3227 2394 3282 scientia
2416 3229 2631 3293 eruditi,
2666 3227 2767 3282 ﬁde
2791 3242 2965 3297 pares,
2996 3229 3277 3285 devotione
3307 3232 3549 3300 stabiles,
3581 3236 3658 3288 in-

2085 3318 2321 3387 corrupti
2343 3321 2764 3389 corpore,sobrii
2793 3329 2994 3387 mente,
3013 3319 3222 3390 judices
3245 3324 3659 3390 provinciarum,

2084 3418 2138 3462 et
2162 3408 2435 3477 regionqu
2470 3410 2756 3478 principes,
2788 3421 3125 3480 paternarum
3157 3429 3367 3483 quoque
3397 3430 3663 3472 memores

2084 3497 2283 3567 legum,
2311 3508 2367 3553 et
2393 3512 2423 3551 a
2446 3499 2577 3553 cibis
2602 3499 2876 3568 gentilium
2908 3501 2989 3555 vel
3016 3501 3296 3557 immolatis
3330 3518 3662 3574 nequaquam

2083 3588 2291 3657 polluti,
2324 3587 2676 3657 leguminibus
2704 3590 2867 3643 vitam
2896 3589 3150 3660 degentes
3179 3603 3233 3647 et
3259 3593 3514 3649 oleribus.

2135 3682 2258 3736 100.
2275 3680 2336 3734 Hi
2354 3682 2528 3750 vigore
2546 3681 2755 3735 virtutis
2767 3690 3205 3751 contempserunt
3220 3696 3466 3749 mortem,
3484 3685 3657 3740 idolo-

2080 3788 2195 3826 rum
2225 3787 2330 3825 non
2356 3773 2712 3827 adoraverunt
2735 3773 2915 3838 ritum,
2946 3790 3122 3842 regem
3146 3777 3496 3831 smvissimum
3536 3779 3656 3831 ﬁdei

2080 3863 2273 3915 virtute
2320 3863 2581 3926 vicerunt,
2613 3862 3214 3931 restinxeruntqwoque
3266 3866 3459 3918 camini
3505 3866 3657 3919 flatu-

2079 3954 2271 4006 mantis
2309 3952 2573 4016 incendia,
2619 3963 2674 4006 et
2700 3952 2840 4006 inter
2883 3953 3177 4007 horrendas
3216 3955 3386 4014 suissa
3433 3956 3656 4025 caligine

2079 4044 2317 4097 flammas
2347 4043 2602 4114 hymnum
2634 4044 2832 4112 apertis
2869 4043 3084 4098 vocibus
3111 4045 3439 4100 cecinerunt.
3471 4047 3656 4102 Jaccnt

2078 4137 2130 4191 in
2161 4136 2447 4207 Babylonia
2479 4139 2677 4205 pariter
2720 4138 2819 4193 sub
2866 4153 2969 4193 uno
3014 4153 3174 4210 specu
3218 4140 3402 4208 positi,
3437 4148 3489 4195 et
3533 4155 3652 4195 cum

2077 4244 2265 4298 magna
2290 4229 2629 4284 veneratione
2658 4229 2873 4296 sepulti.

2665 4339 2892 4395 CAPUT
2932 4339 3017 4394 LX
3030 4379 3046 4393 .

2148 4431 2267 4486 101.
2288 4431 2483 4486 Esdras
2497 4430 2750 4485 sacerdos
2772 4430 2885 4496 Dei,
2905 4431 3038 4498 quia
3055 4431 3320 4500 plerisque
3342 4431 3648 4496 Malacliias.

2070 4523 2122 4576 id
2146 4535 2228 4577 eat
2255 4523 2477 4590 angelus
2506 4522 2598 4576 Dei
2632 4529 2870 4575 vocatur.
2893 4520 2987 4574 IIic
3006 4535 3174 4574 sacrze
3197 4522 3425 4590 scriptor
3447 4524 3650 4577 exstitit
3726 4539 3733 4546 ·

2069 4616 2306 4670 historiae
2326 4658 2339 4679 ,
2374 4625 2532 4683 atque
2560 4617 2695 4668 alter
2724 4615 2858 4668 lator
2889 4612 3021 4682 legis
3054 4622 3170 4680 post
3203 4613 3456 4682 Moysem,
3490 4629 3644 4668 nam-

2066 4727 2168 4779 que
2217 4720 2335 4778 post
2362 4710 2725 4778 captivitatem
2766 4707 2935 4774 legem
2987 4708 3254 4761 incensam
3301 4722 3365 4760 ex
3396 4707 3644 4775 gentibus

2064 4802 2380 4865 renovavit,
2456 4800 2939 4867 Ilebraicarumque
3010 4799 3304 4853 litterarqu
3377 4802 3640 4855 elementa

2072 4895 2222 4963 177
2249 4893 2466 4946 invenit.
2498 4892 2592 4944 llic
2619 4891 2837 4946 reduxit
2875 4890 3056 4953 Israel,
3087 4900 3140 4944 et
3170 4891 3492 4943 remdiﬁcare
3517 4891 3643 4942 fecit

2064 4985 2380 5040 Jerusalem.
2418 4985 2649 5038 Mortuus
2676 4992 2758 5037 est
2782 4993 2957 5037 autem
2980 5000 3041 5038 ac
3073 4982 3312 5052 sepultus
3332 4996 3453 5036 cum
3480 4979 3640 5049 patri-

2065 5077 2165 5131 bus
2194 5078 2305 5131 suis
2336 5078 2581 5129 humatus
2611 5076 2662 5129 iu
2694 5074 3014 5130 Jerusalem.

2056 5264 2269 5329 phetam
2320 5257 2753 5330 appellant,_alii
2788 5256 3062 5330 _Jo_a_mum.
3112 5254 3355 5330 Nonnulli
3409 5257 3631 5313 Achiam

2056 5324 2219 5387 fuisse
2247 5324 2604 5399 suspicantur.
2637 5327 2747 5399 Non
2782 5326 2933 5380 facile
2963 5336 3065 5390 est,
3096 5340 3192 5379 nec
3218 5324 3402 5393 refert,
3444 5343 3626 5384 verum

2058 5418 2248 5457 nomen
2276 5398 2616 5469 investigare.
2645 5398 2814 5469 Ansv.

2130 5473 2251 5526 101.
2276 5464 2569 5524 ΝοηηηΠος
2597 5466 2935 5521 existimasse
2966 5464 3274 5519 Malncltiam
3321 5466 3482 5520 fuisse
3531 5467 3629 5521 EN-

2059 5543 2230 5603 dram,
2263 5542 2452 5609 legitur
2484 5539 2642 5592 etiam
2674 5537 2724 5589 in
2759 5535 3058 5601 Prommiis,
3091 5538 3174 5591 ubi
3218 5537 3459 5606 quaedam
3511 5536 3624 5593 Ila-

2060 5615 2205 5667 riana
2233 5613 2525 5665 annotavit.
2561 5610 2726 5661 Ansr.
