4104 6172
298 262 330 312 1
343 261 415 311 ξιδ

304 446 583 501 conditur.

861 526 1092 585 CAPUT
1144 523 1377 581 LXXVI.

388 627 515 681 I3I.
570 625 847 681 Matthreus
878 621 1151 689 apostolus
1179 628 1233 672 et
1254 614 1601 685 evangelista,
1633 612 1719 680 qui
1753 611 1911 664 etiam

310 740 374 776 ex
413 721 556 774 tribu
582 733 678 772 sua
711 715 836 770 Levi
873 714 1098 780 sumpsit
1124 724 1455 779 cognomen,
1483 723 1544 760 ex
1573 704 1854 772 pnh'icano
1884 717 1912 754 a

310 814 538 865 ChriSto
568 810 799 871 elecms,
830 820 892 859 ex
928 812 1182 872 peccante
1204 800 1515 854 translatus.
1565 796 1660 849 llic
1683 795 1913 863 primum

313 902 536 971 quidem
568 902 620 953 in
652 898 837 952 Judaza
876 893 1227 964 evangelizat,
1265 891 1598 961 postmodmu
1645 892 1695 944 in
1746 892 1915 946 Mace-

316 995 481 1049 donia
516 991 789 1061 praedicat,
817 986 1104 1057 requiescit
1134 999 1183 1035 tn
1208 983 1479 1036 montibus
1503 981 1842 1036 Parthorum.

851 1099 1079 1153 CAPUT
1136 1094 1391 1151 LXXVII.

402 1196 523 1252 135.
547 1194 778 1250 Iacobus
796 1191 1025 1259 Alphaei,
1044 1190 1325 1258 episcopus
1342 1188 1796 1258 Jerosolymorum
1820 1188 1920 1256 pri-

320 1294 842 1357 mugeognomento
866 1284 1072 1347 Justus,
1091 1282 1292 1336 sororis
1317 1281 1502 1335 matris
1528 1280 1733 1347 Domini
1758 1280 1917 1345 filius,

325 1386 475 1437 unde
505 1393 559 1435 et
587 1380 751 1433 frater
784 1377 993 1432 Domini
1030 1388 1271 1440 vocatus,
1304 1373 1463 1428 homo
1495 1373 1625 1426 lucis
1654 1382 1706 1425 et
1734 1386 1918 1440 opera-

324 1478 441 1528 rius
464 1471 731 1531 veritatis,
759 1475 1025 1535 tantaeque
1048 1468 1206 1517 etiam
1233 1463 1551 1529 sanctitatis,
1577 1473 1633 1516 ut
1660 1463 1920 1516 fimbriam

327 1565 641 1622 vestimenti
687 1563 805 1632 ejus
844 1561 1088 1615 certatim
1127 1568 1385 1627 cuperent
1424 1557 1686 1626 attingere
1718 1555 1917 1624 populi.

405 1655 530 1713 1⁵56.
559 1655 673 1718 llic,
705 1654 831 1706 dum
880 1652 930 1705 in
976 1648 1277 1704 Jerusalem
1310 1648 1581 1703 Christum
1614 1646 1708 1701 Dei
1733 1645 1868 1699 Filiu
1892 1663 1922 1699 ιι

329 1747 673 1818 praedicaret,
693 1744 759 1797 de
777 1742 976 1812 templo
993 1757 1021 1794 a
1044 1740 1244 1795 Judazis
1267 1740 1642 1809 prtecipitatns,
1667 1739 1925 1807 lapidibus
1964 1742 2003 1798 Β

327 1839 677 1910 opprimitur,
724 1837 900 1905 ibique
944 1836 1092 1901 juxta
1139 1832 1392 1900 templum
1441 1831 1710 1899 humatur.
1758 1831 1926 1896 Quem

330 1931 608 1997 Jnsephus
654 1936 815 1982 tantae
857 1924 1159 1980 sanctitatis
1187 1931 1240 1977 et
1271 1921 1629 1975 venerationis
1662 1919 1715 1972 in
1745 1919 1926 1973 .Iudara

333 2022 588 2087 perhibet
635 2018 817 2073 exstiti
850 2032 929 2084 se,
977 2025 1032 2069 ut
1077 2022 1293 2082 propter
1332 2013 1451 2082 ejus
1504 2013 1928 2066 interfectionem

328 2110 675 2179 Jerosolyma
710 2107 959 2162 credatur
986 2120 1107 2159 esse
1138 2103 1333 2157 diruta.

772 2219 931 2290 136
965 2216 1193 2273 canor
1238 2215 1489 2269 Lxxvm

412 2313 539 2367 157.
562 2310 728 2367 Judas
748 2309 931 2365 Jacobi
964 2309 1130 2362 frater
1154 2306 1205 2361 in
1233 2306 1637 2374 MeSOpotamia,
1664 2314 1824 2374 atque
1854 2305 1935 2359 in-

338 2406 632 2459 terioribus
657 2404 809 2457 Ponti
837 2400 1228 2471 evangelizans,
1248 2398 1388 2455 feras
1415 2408 1469 2453 et
1496 2398 1784 2453 indomitas
1805 2414 1933 2469 gen-

340 2511 447 2563 tes,
474 2498 629 2565 quasi
661 2495 957 2550 helluarum
986 2504 1201 2548 naturas
1227 2508 1328 2545 suo
1356 2492 1604 2560 dogmate
1635 2492 1858 2559 mitigat,
1882 2499 1938 2544 et

339 2591 466 2644 Iidei
499 2587 785 2642 dominica:
836 2585 1104 2655 subjugat,
1158 2584 1402 2653 sepultus
1432 2594 1515 2639 est
1543 2593 1720 2638 autem
1772 2583 1909 2653 Bery

341 2685 438 2734 the
469 2678 737 2733 Armenim
769 2678 918 2731 urbe.

892 2772 1118 2842 CAPUT
1158 2783 1400 2842 LXXIX.

417 2881 542 2937 138.
560 2880 825 2943 Matthias,
853 2879 920 2933 de
940 2880 1270 2947 septuaginta
1288 2877 1561 2948 discipulis
1586 2894 1741 2945 unus,
1768 2889 1821 2933 et
1845 2893 1939 2946 pro

339 2976 479 3032 Juda
508 2974 768 3029 Isearioth
801 2971 1079 3027 duodecim
1117 2973 1256 3026 inter
1284 2973 1558 3041 apostolos
1595 2973 1935 3042 subrogatus,

338 3070 547 3122 electus
570 3075 653 3121 est
680 3073 847 3127 sorte,
875 3074 928 3118 et
950 3064 1098 3118 solus
1124 3064 1240 3117 sine
1261 3063 1600 3133 cognomine.
1627 3063 1762 3118 IIuic
1783 3063 1941 3118 datur

348 3159 624 3231 l-Lvaiigelii
658 3155 960 3227 praedicatio
992 3156 1041 3210 in
1070 3154 1275 3209 Judaea.

911 3247 1139 3302 CAPUT
1170 3244 1387 3301 LXXX.

424 3343 550 3399 139.
567 3342 755 3397 Simon
773 3338 1005 3404 Zefotes,
1026 3338 1112 3406 qui
1132 3338 1278 3407 prius
1298 3338 1470 3392 dictus
1484 3348 1564 3392 est
1580 3336 1936 3407 Chananarus,

346 3440 467 3495 zelo
514 3434 723 3491 Domini
773 3434 1005 3496 fervens,
1054 3446 1150 3500 par
1190 3432 1239 3484 in
1292 3441 1649 3500 cognomento
1682 3432 1845 3496 Petri,
1888 3441 1942 3486 et

346 3536 544 3590 similis
590 3534 640 3587 in
687 3532 912 3597 honore,
955 3530 1159 3598 aceep't
1208 3527 1424 3597 Aigypti
1469 3526 1849 3595 principatum,
1889 3535 1943 3581 et

350 3636 472 3695 post
529 3624 789 3680 Jaeohum
834 3620 1043 3675 Iustum
1088 3618 1396 3672 cathedram
1462 3620 1632 3673 tenuit
1670 3619 1942 3689 Jerosoly-

349 3732 585 3771 morum.
625 3715 750 3768 Post
774 3726 946 3767 annos
975 3719 1154 3764 autem
1177 3721 1390 3765 centum
1417 3710 1599 3779 viginti
1628 3712 1821 3765 meruit
1844 3713 1943 3766 sub

348 3809 585 3876 Trojano
632 3822 726 3874 per
768 3817 984 3858 crucem
1030 3804 1298 3858 su:tinere
1339 3802 1581 3873 martyrii
1610 3805 1937 3871 passionem.

348 3904 501 3954 Jacet
526 3900 580 3953 iu
612 3897 914 3965 Bosphom.

426 3995 551 4049 15$.
585 3994 642 4049 In
676 3990 812 4045 Cod.
856 3991 1001 4044 Flor.
1031 3988 1201 4042 sancti
1234 3988 1393 4041 Marci
1429 3990 1498 4040 ita
1530 3988 1813 4042 exhibetur
1844 3992 1945 4047 hoc

347 4070 505 4133 caput
536 4082 550 4118 ;
580 4064 855 4117 Martha'us
880 4063 931 4113 in
962 4061 1176 4133 Ifebrwo
1203 4059 1429 4111 donatus
1447 4059 1946 4133 empi°iniitur._ldem

346 4130 639 4205 appellatur
670 4133 785 4186 Levi
811 4148 885 4205 ex,
910 4132 1066 4205 tribu,
1114 4146 1144 4181 a
1185 4145 1283 4195 qua
1315 4140 1453 4205 ortus
1486 4131 1623 4205 fuit;
1673 4131 1725 4181 in
1764 4130 1948 4205 Latino

344 4200 519 4259 auiam
542 4220 608 4259 ex
630 4219 781 4270 apere
798 4201 1052 4270 publicani
1070 4216 1249 4252 nomen
1262 4201 1475 4266 accepit,
1490 4200 1610 4267 quia
1629 4216 1691 4253 ea:
1713 4204 1947 4268 publica-

343 4281 433 4331 ui:
458 4276 555 4343 fuit
576 4269 868 4338 (terrunci
898 4273 951 4343 in
978 4269 1263 4339 apostolum
1293 4271 1596 4343 translatus,
1624 4279 1729 4325 etc.
1770 4276 1941 4327 Ant-2v.

430 4340 555 4400 1⁷57.
592 4345 822 4397 Beritho.
857 4342 946 4397 Sic
972 4343 1265 4403 Dorotheus
1287 4356 1300 4403 ;
1326 4340 1436 4401 alii,
1474 4340 1670 4394 Nerito.

1460 245 1546 297 DE
1587 239 1769 297 ()IITU
1816 237 1902 291 ET
1941 230 2146 287 OBITU
2192 226 2473 283 ΡΑτιιωι

304 353 533 410 Iissimis
580 347 828 421 gentibus
864 343 1111 401 barbaris
1149 341 1475 403 decuriatur,
1520 339 1704 407 sicque
1749 344 1909 387 terra:
1941 330 1985 387 A

3499 228 3600 282 IN

2559 317 2782 371 CAPUT
2833 317 3066 371 LXXXI.

2090 418 2209 470 Htl.
2241 415 2299 468 Ili
2328 413 2754 467 fueruntChristi
2781 412 3045 481 discipuli,
3068 412 3602 481 prmdicatoreslidei,

2017 520 2067 564 et
2087 508 2336 561 doctores
2359 506 2617 573 gentium,
2635 503 2722 569 qui
2748 519 2867 556 cum
2886 518 3072 557 omnes
3088 518 3249 555 unum
3265 503 3392 567 sint,
3409 502 3607 573 singuli

2020 610 2194 652 tamen
2244 612 2431 651 eorum
2476 595 2706 666 prOpriis
2734 595 2999 662 certisque
3034 594 3162 648 locis
3203 596 3257 648 in
3301 596 3501 651 mundo
3543 597 3610 650 ad

2019 689 2417 760 praadicandum
2450 698 2623 743 sortes
2654 686 2898 755 proprias
2927 695 3270 752 acceperunt.

2093 781 2214 835 141.
2272 783 2459 835 Petrus
2514 794 2741 846 namque
2788 778 3013 831 Romam
3070 779 3305 848 accepit,
3364 781 3613 835 Andreas

2019 875 2297 936 Achaiam,
2315 872 2543 927 Jacuhus
2561 870 2889 937 IIISpaniam,
2910 870 3140 924 Joannes
3153 872 3357 939 Asiam,
3374 873 3610 929 Thomas

2022 972 2243 1037 Indiam,
2268 970 2542 1023 Matth-.eus
2572 966 2929 1020 Macedoniam
2949 1005 2964 1029 ,
3004 965 3161 1034 187
3189 965 3461 1035 Philippus
3485 968 3613 1022 Gal-

2023 1067 2179 1129 liam,
2235 1065 2653 1118 lhrtholouuens
2721 1061 3082 1131 Lycaoniam,
3153 1061 3334 1115 Simon
3397 1062 3611 1116 Zelotes

2024 1158 2338 1228 A'Igyptmu,
2378 1156 2603 1210 Mathias
2648 1154 2909 1218 Ind-mam,
2941 1153 3171 1208 Jac-obus
3212 1156 3372 1209 frater
3400 1155 3612 1210 Domini

2024 1248 2435 1317 Jerosolymam,
2463 1245 2628 1300 Judas
2671 1245 2832 1298 frater
2860 1243 3040 1298 Jacobi
3075 1245 3528 1313 Mesopotamiam.

2104 1338 2223 1392 149..
2256 1338 2421 1391 Paulo
2452 1346 2629 1391 autem
2671 1351 2791 1388 cum
2815 1335 3025 1389 caeteris
3047 1336 3305 1402 apostolis
3332 1336 3470 1389 nulla
3496 1350 3613 1391 sors

2029 1432 2252 1498 prOpria
2283 1429 2531 1494 traditur,
2571 1428 2691 1496 quia
2714 1426 2965 1480 omnibus
2993 1427 3239 1496 gentibus
3286 1428 3535 1496 magister
3563 1437 3619 1482 et

2030 1522 2351 1592 prtedicator
2380 1520 2612 1589 eligitur.
2661 1518 2794 1571 Nam
2828 1518 2967 1571 sicut
2994 1517 3152 1571 Petro
3188 1526 3241 1571 et
3268 1518 3487 1587 reliquis
3512 1519 3617 1572 cir-

2030 1612 2382 1666 cumcisionis
2413 1622 2491 1665 eSt
2518 1609 2849 1677 apostolatus
2878 1607 3055 1673 datus,
3085 1608 3156 1661 ita
3180 1607 3343 1662 Paulo
3374 1610 3619 1678 pricputii

2031 1705 2083 1757 in
2115 1704 2379 1771 gentibus.
2428 1702 2523 1756 llic
2568 1711 2745 1755 autem
2791 1707 2999 1773 septem
3050 1699 3306 1756 Ecclesiis
3357 1712 3408 1757 et
3451 1701 3619 1757 tribus

2034 1795 2362 1864 evangelizat
2390 1791 2691 1862 discipulis.

2160 1942 2171 1952 ,
2550 1884 2777 1939 CAPUT
2839 1883 3103 1939 LXXXII.

2109 1974 2231 2030 145.
2254 1974 2425 2029 Lucas
2450 1974 2841 2044 Antiuchenus,
2866 1974 3221 2044 evangelista,
3242 1975 3624 2044 ctapostolicze

2033 2070 2374 2138 conscriptor
2414 2068 2679 2133 IlilelI:I‘,
2714 2068 2934 2123 natione
2972 2069 3162 2137 Syrus,
3206 2078 3319 2123 arte
3362 2070 3622 2134 medicus,

2035 2162 2223 2217 Cra-co
2245 2160 2460 2227 eloquio
2488 2160 2757 2227 eruditus,
2782 2176 2941 2229 quem
2983 2161 3226 2230 plerique
3254 2161 3469 2215 tradunt
3497 2177 3622 2230 pro-

2035 2250 2266 2319 selytum
2314 2248 2495 2313 fuisse,
2529 2257 2585 2304 et
2633 2249 2885 2303 Hebrrcas
2935 2250 3140 2304 litteras
3187 2249 3482 2319 ignotasse.
3532 2252 3628 2306 llic

2037 2351 2217 2396 tamen
2249 2339 2347 2393 fuit
2376 2339 2524 2394 Pauli
2556 2338 2849 2409 discipulus
2900 2348 2955 2395 et
2983 2340 3287 2394 individuus
3316 2355 3500 2395 eomes
3532 2356 3625 2410 pe-

2039 2431 2419 2502 regrinationis
2448 2430 2588 2500 ejus.

2115 2524 2237 2581 HI.
2270 2525 2477 2594 Quique
2507 2525 2573 2579 ab
2608 2524 2825 2579 ineunte
2854 2524 3078 2595 pueritia
3123 2524 3454 2580 comissimus
3503 2525 3623 2591 fuit,

2041 2628 2095 2675 et
2144 2618 2466 2689 evangelica:
2508 2617 2905 2688 pratdicationis
2970 2632 3107 2687 opus
3170 2619 3427 2673 exercuit.
3488 2618 3631 2674 Obiit

2040 2711 2435 2781 septuagesimo
2465 2719 2654 2779 quarto
2684 2712 2807 2765 vitm
2835 2725 2948 2765 sua:
2976 2724 3137 2764 anno.
3173 2710 3424 2777 Sepultus
3454 2710 3503 2763 in
3536 2711 3628 2764 Bi-

2043 2804 2127 2873 th)
2143 2803 2251 2869 uia,
2280 2802 2433 2870 cujus
2456 2801 2671 2870 quidem
2701 2816 2823 2855 ossa
2846 2808 3106 2871 regnante
3121 2800 3467 2856 Constantino
3486 2800 3630 2871 Cong

2044 2894 2453 2965 stantinOpOIim
2483 2894 2695 2948 fuerunt
2729 2894 3000 2947 translata.

2562 2982 2789 3039 CAPUT
2831 2983 3117 3038 LXXXIII.

2116 3075 2241 3131 145.
2264 3076 2470 3131 Marcus
2488 3074 2830 3144 evangelista,
2850 3074 2988 3129 Petri
3006 3074 3321 3144 discipulus,
3342 3076 3561 3146 ejusque
3580 3074 3634 3132 in

1965 3139 2011 3202 Ο
2042 3170 2526 3240 haptismatelss
2540 3139 2697 3223 filius.
2711 3139 2875 3237 Cujus
2889 3170 3102 3238 quidem
3128 3139 3637 3241 I'ivanchium-non-

2046 3264 2172 3318 nulli
2195 3278 2223 3315 a
2256 3262 2413 3316 Petro
2433 3262 2615 3315 Roma:
2642 3260 2895 3315 dictatum
2918 3260 3114 3315 ferunt.
3138 3262 3255 3325 llic,
3282 3278 3348 3317 ne
3367 3265 3431 3316 ad
3457 3277 3636 3318 sacer-

2043 3354 2247 3409 dotium
2274 3362 2703 3422 promoveretur,
2727 3350 3021 3406 abscidisse
3042 3353 3139 3407 sibi
3169 3354 3411 3421 pollicem
3440 3355 3635 3409 fertur.

2119 3445 2241 3501 146.
2279 3445 2486 3499 Primus
2529 3452 2703 3497 autem
2746 3443 3085 3498 Alexandria:
3112 3444 3420 3499 cathedram
3447 3448 3634 3510 tenuit,

2046 3538 2355 3608 primusque
2413 3534 2685 3588 Ecclesias
2734 3533 3110 3604 Aigyptiormn
3165 3536 3424 3603 fundavit,
3479 3540 3638 3591 tantis

2046 3628 2309 3684 doctrina:
2340 3635 2394 3680 et
2423 3624 2766 3680 continentiae
2809 3625 3093 3679 virtutibus
3122 3625 3342 3691 ﬂorens,
3374 3639 3427 3680 ut
3450 3642 3637 3683 omnes

2045 3720 2287 3786 discipuli
2315 3718 2511 3772 Christi
2539 3717 2653 3787 ejus
2700 3718 3050 3771 imitationem
3091 3729 3463 3787 sequerentur.
3498 3721 3637 3773 Mor-

2046 3821 2166 3865 tuns
2190 3818 2272 3865 est
2303 3818 2492 3864 octavo
2534 3808 2760 3863 Neronis
2801 3822 2939 3862 anno
2970 3808 3021 3862 in
3055 3809 3396 3874 Alexandria,
3430 3810 3636 3879 placida

2047 3905 2223 3970 quiete
2252 3900 2515 3965 sepultus.

2049 3993 2437 4054 COllSIalIIIIIO,
2491 3991 2584 4043 sed
2633 3990 2946 4044 Constantio
2992 3991 3345 4057 imperatore,
3384 3993 3637 4046 trans‘atc.

2054 4065 2214 4117 fuisse
2244 4104 2258 4128 ,
2318 4061 2607 4116 multorum
2657 4070 2740 4115 est
2783 4061 2982 4129 opinio.
3037 4060 3237 4127 Quibus
3283 4062 3639 4117 fundamentis

2052 4144 2273 4202 utraque
2295 4136 2559 4185 sententia
2595 4132 2882 4202 innitatur,
2930 4132 3103 4202 videri
3152 4141 3327 4197 potest
3354 4136 3404 4187 in
3446 4134 3640 4187 Biblio-

2052 4200 2201 4258 theca
2225 4202 2587 4273 ecclesiastica
2618 4201 2844 4255 Fabricii
2876 4200 2940 4273 ad
2972 4213 3131 4269 caput
3164 4206 3333 4257 sancti
3370 4205 3634 4273 Hierony-

2051 4275 2121 4344 mi
2174 4273 2241 4327 de
2287 4272 2701 4344 satieto_Luca,
2758 4272 2897 4344 apud
2953 4287 3109 4339 quem
3172 4274 3409 4344 plerique
3457 4272 3641 4343 legunt

2050 4342 2385 4407 Constantio,
2432 4340 2520 4395 alii
2567 4351 2829 4408 reponunt
2872 4341 3225 4395 Constantino.
3282 4340 3337 4398 In
3390 4340 3640 4401 Iidttioue

428 4416 552 4470 139.
618 4416 695 4467 Ex
748 4413 985 4482 adjectis,
1014 4402 1627 4482 Ilicronytni‘Catalogo
1653 4428 1680 4464 a
1714 4413 1940 4481 Graecis,
1974 4416 2020 4473 υ
2053 4414 2209 4482 hujus
2236 4414 2353 4466 libri
2374 4402 2557 4466 sancti
2610 4402 2823 4473 lsitlori,
2867 4412 2934 4465 de
2966 4423 3084 4464 ortu
3129 4422 3179 4465 et
3210 4414 3355 4468 obitu
3395 4415 3636 4481 Patrum,

347 4504 473 4558 qum
492 4496 672 4538 tamen
701 4479 952 4558 nonhuic
968 4481 1192 4558 Simoni,
1220 4481 1311 4558 sed
1339 4479 1572 4558 Simeoui
1596 4479 1939 4558 eonvitniunt.

431 4556 572 4611 Ibid.
606 4556 758 4620 Quod
812 4554 996 4606 Simon
1030 4551 1315 4622 Apostolus
1367 4550 1416 4601 iu
1462 4552 1734 4622 Bosphoro
1760 4553 1943 4622 jacue-

346 4632 451 4688 rit,
487 4628 751 4681 incertum
801 4622 1016 4677 al.unde
1064 4632 1166 4673 cst.
1221 4620 1348 4672 Eum
1392 4621 1443 4672 in
1478 4620 1708 4690 Egypto
1758 4620 1944 4689 puniti.

349 4712 532 4760 casse,
563 4705 619 4751 et
647 4697 701 4749 in
728 4696 945 4748 Perside
977 4692 1234 4760 martyrio
1256 4701 1594 4759 coronatum,
1622 4694 1944 4748 certioribus

348 4768 700 4822 documentis
728 4772 957 4819 Constat.
996 4765 1073 4815 Att
1085 4777 1163 4813 ’τ’-ν.

432 4839 555 4891 140.
613 4838 689 4889 De
738 4834 1071 4903 septuaginta
1121 4831 1417 4903 discipulis,
1468 4838 1561 4883 aut
1614 4834 1944 4902 septuaginta

351 4910 567 4962 duobus
611 4906 825 4973 scripsit
876 4902 1176 4956 Durothcus
1211 4902 1444 4973 Tyrius.
1500 4903 1586 4969 qui
1636 4905 1945 4970 singillatim

349 4998 446 5033 (:03
507 4972 776 5033 recenset.
834 4973 997 5027 David
1060 4972 1365 5043 Blontlellus
1430 4986 1584 5024 notas
1632 4974 1851 5043 adjec’tt,
1896 4985 1951 5029 et.

349 5050 651 5104 crassiores
685 5043 938 5099 Dorothci
968 5058 1148 5096 timvos
1178 5042 1395 5096 indcat.
1429 5044 1599 5097 AltEV.

426 5120 555 5175 144.
590 5116 896 5171 Dorotheus
938 5129 1215 5182 perperam
1265 5114 1457 5168 asst-rit
1498 5113 1691 5169 Lucam
1751 5115 1948 5180 Ephesi

350 5191 575 5244 ohiisse.
636 5186 889 5240 Nonnulli
937 5185 1073 5253 apud
1124 5183 1304 5235 Patras
1363 5183 1577 5237 Aeliaire
1637 5185 1947 5239 defunctum

355 5262 595 5320 tradunt,
629 5257 720 5309 alii
751 5256 952 5309 Thebis
981 5254 1244 5308 Achaicis.
1274 5254 1377 5307 Sed
1412 5255 1585 5308 verior
1622 5266 1706 5309 est
1732 5266 1950 5310 sentcn-

355 5333 429 5386 tia
470 5329 681 5384 Isidori.
713 5326 1059 5393 Evangelium
1092 5324 1261 5377 sancti
1296 5325 1449 5376 Lucze
1482 5325 1670 5379 Grieco
1699 5342 1947 5381 sermone

360 5406 625 5471 scriptum
656 5412 800 5459 esse,
833 5398 907 5471 uti
934 5396 1233 5471 bvangelia
1248 5394 1417 5471 sancti
1442 5394 1661 5449 Joannis
1690 5408 1741 5451 et
1764 5397 1945 5471 Marci,

352 5466 659 5525 com-munis
688 5478 770 5521 est
800 5467 1003 5533 opinio,
1031 5482 1189 5533 quam
1220 5466 1452 5518 Isidorus
1476 5481 1690 5534 quoque
1718 5476 1861 5521 tenet
1892 5469 1944 5520 in

359 5542 755 5597 I‘touamiorum
790 5538 941 5601 libro,
987 5551 1131 5588 nuin.
1180 5534 1272 5598 ‘JI,
1301 5536 1386 5587 ubi
1422 5536 1665 5605 qumdam
1694 5546 1944 5592 annotatt

355 5623 480 5667 sum
504 5616 553 5665 iu
581 5612 719 5663 huic
748 5608 1092 5663 sententiam.
1127 5609 1296 5659 Auuv.

427 5684 568 5739 Ibid.
621 5683 753 5737 Uis:
809 5678 980 5734 sancti
1025 5676 1184 5732 Lucae
1230 5676 1741 5750 Constantinopolim
1771 5720 1785 5747 ,
1838 5693 1944 5736 non

2047 4500 2206 4552 quam
2251 4482 2527 4537 Fabricius
2573 4498 2693 4535 cum
2725 4483 2843 4535 aliis
2888 4482 3123 4550 ejusdem
3158 4482 3452 4552 argumenti
3478 4485 3636 4538 ador-

2049 4556 2211 4617 navit,
2246 4564 2462 4607 notatur
2489 4561 2730 4606 sanctum
2759 4551 3137 4622 lIierouymum
3161 4551 3448 4621 iri’prarfat.
3474 4570 3635 4621 super

2051 4625 2247 4678 Lucam
2295 4625 2569 4691 assignare
2597 4638 2809 4691 quoque
2839 4623 3041 4675 ohimm
3078 4627 3246 4676 sancti
3294 4624 3446 4678 Luca:
3496 4640 3636 4679 anim

2048 4694 2137 4760 7i,
2172 4694 2286 4757 sed,
2322 4695 2373 4746 in
2414 4694 2659 4762 catalogo
2713 4694 3042 4760 Scriptorum
3076 4694 3406 4757 cecle~iast.,
3458 4696 3636 4751 dicere

2050 4781 2169 4819 eum
2202 4778 2371 4817 annos
2396 4763 2595 4816 vixisse
2626 4779 2825 4817 Luxiv
2859 4764 2973 4817 sine
3002 4778 3197 4826 uxore;
3226 4767 3481 4819 eredibiie
3514 4781 3638 4820 vero

2052 4851 2172 4888 eSSt:
2200 4836 2313 4887 haec
2338 4834 2499 4886 verba
2527 4834 2705 4886 addita
2740 4833 2926 4895 fui~se,
2974 4849 3094 4885 IUIII
3143 4834 3191 4886 in
3225 4838 3453 4903 antiquis
3481 4836 3638 4889 Codi-

2056 4908 2204 4957 cibus
2253 4920 2355 4956 non
2390 4904 2718 4968 habeantur;
2762 4904 3004 4957 GIoSsam
3051 4904 3373 4959 ordinariatn
3424 4907 3549 4959 vitio
3584 4907 3643 4960 li-

2055 4978 2356 5029 brat-iurum
2391 4974 2651 5029 accidisse
2678 4974 3005 5028 existimare.
3040 4974 3209 5028 Ant-2v.

2128 5045 2250 5098 H5.
2280 5044 2331 5097 In
2367 5044 2611 5097 Editione
2655 5044 2864 5099 laudata
2899 5044 3120 5096 Fabricii
3164 5044 3280 5097 hzcc
3310 5054 3392 5099 e~t
3422 5056 3541 5100 uota
3572 5047 3639 5102 ad

2054 5117 2275 5169 verbum
2307 5114 2613 5181 abscidisse,
2656 5124 2758 5169 etc.
2793 5131 2810 5163 ι
2847 5114 2977 5166 Dist.
3009 5115 3077 5167 55
3108 5131 3119 5163 :
3152 5114 3203 5167 Si
3236 5116 3355 5181 quis
3394 5117 3639 5182 abscidit,

2055 5189 2108 5240 in
2139 5187 2311 5252 glossa
2353 5200 2511 5253 super
2551 5186 2703 5239 verb.
2746 5183 2989 5238 Clericus.
3040 5183 3099 5236 Et
3136 5184 3356 5237 habetur
3395 5188 3554 5241 etiam
3588 5191 3639 5243 in

2057 5268 2277 5324 prozogo
2306 5255 2574 5323 Evangelii
2608 5256 2773 5324 ipsius
2796 5258 2963 5307 sancti
2994 5253 3177 5306 Marci.
3205 5255 3308 5309 Sed
3342 5256 3439 5310 hoc
3461 5274 3639 5321 emus-

2055 5328 2177 5380 dam
2235 5325 2392 5379 Marci
2444 5326 2783 5379 anachoreta:
2832 5324 3026 5378 factum
3080 5326 3211 5377 falso
3262 5326 3419 5380 tribui
3463 5328 3642 5382 Marco

2055 5397 2397 5462 evangelista:
2421 5396 2577 5449 docet
2602 5396 2879 5457 Baronius,
2918 5404 3045 5446 tom.
3081 5394 3097 5446 l
3136 5395 3352 5463 Anual.,
3383 5400 3480 5452 sub
3510 5415 3638 5453 anu.

2053 5468 2250 5519 Lhristi
2277 5465 2368 5532 45,
2402 5482 2547 5519 num.
2575 5481 2741 5534 marg.
2768 5465 2856 5517 415.
2900 5480 2919 5514 ι
2956 5465 3130 5520 Anev.

2127 5535 2249 5589 HG.
2279 5535 2353 5590 De
2389 5536 2741 5590 translatione
2770 5536 3010 5602 corporis
3054 5539 3221 5593 sancti
3274 5539 3431 5594 Marci
3459 5540 3637 5594 Veno-

2054 5608 2154 5660 tias
2202 5606 2492 5679 videndus,
2540 5614 2734 5679 prater
2773 5605 2940 5667 alios,
3002 5606 3290 5666 Flaminius
3320 5612 3637 5679 (ἐοιιιυιιυς,

2058 5687 2186 5742 tum.
2224 5676 2338 5731 Xlll
2370 5677 2660 5734 Ecclesiar.
2698 5677 2945 5733 \‘euctar.
2979 5679 3145 5736 suav.

3660 1234 3676 1304 ἱ
