4108 6178
460 260 559 315 IS?)

1494 259 1551 317 S.
1593 257 1836 314 lSlDURI
1878 255 2320 312 IIISPALENSIS
2359 255 2667 309 EPiSCOPl

3630 258 3729 311 1Γο

460 377 556 429 bus
586 383 813 445 quatuor
842 384 984 445 sunt,
1018 377 1106 446 qui
1142 375 1343 445 majora
1376 374 1644 428 volumina
1672 375 2041 438 condiderunt,
2077 377 2123 433 Α
2229 370 2388 443 194,
2446 373 2533 426 l3.
2584 374 2749 426 Actus
2785 372 2943 425 etiam
2984 372 3382 439 apostolorum,
3426 384 3478 427 et
3526 374 3729 443 Apoca-

460 466 511 518 id
538 476 639 530 est,
673 466 852 530 lsaias,
882 466 1162 531 Jeremias,
1194 464 1442 519 Ezechiel
1471 474 1525 518 et
1551 465 1757 518 Daniel.

534 553 621 604 10.
651 552 856 621 Reliqui
879 567 1008 607 vero
1025 551 1307 606 duodecim
1334 553 1524 607 breves
1547 562 1692 619 sunt,
1719 562 1769 606 et
1794 553 2046 620 contigui,

462 653 516 699 et
543 645 611 698 ob
655 646 754 699 hoc
786 661 891 698 uno
930 645 1198 697 volumine
1232 645 1485 698 coarctati
1508 685 1523 709 ,
1557 661 1781 712 quorum
1834 644 2049 697 nomina

463 736 577 788 hare
607 733 932 797 suntzOsee,
959 732 1095 797 Joel,
1125 734 1307 798 Amos,
1328 732 1547 798 Abdias,
1569 732 1752 801 Jonas,
1781 734 2047 796 Micbteas,

461 825 699 887 Nahnm,
738 824 1017 886 Habacnc,
1085 822 1419 892 SOphonias,
1453 822 1711 893 Aggmus,
1760 822 2047 875 Zacharias

461 926 515 970 ct
557 914 860 968 Malaehias.
904 912 1134 977 Quidam
1174 924 1351 967 autem
1388 912 1633 968 Jeremia:
1687 914 1939 966 Lamenta
1966 927 2049 966 se-

464 1015 767 1075 gregantes,
799 1005 866 1058 de
891 1005 1161 1059 volumine
1181 1005 1296 1075 ejus
1315 1013 1681 1069 resecuerunt,
1707 1006 1890 1073 sicque
1916 1020 2050 1072 qua-

461 1095 701 1163 draginta
750 1094 981 1164 quinque
1034 1095 1199 1149 libros
1249 1095 1453 1150 Veteris
1501 1095 1832 1150 Testamenti
1881 1094 2049 1149 susci-

463 1184 632 1252 piunt.

534 1276 619 1329 ll.
649 1276 781 1330 llinc
811 1276 1045 1331 occurrit
1075 1277 1474 1331 Testamentum
1502 1276 1727 1345 Novum,
1761 1277 1915 1346 cujus
1940 1278 2050 1346 pri-

462 1384 605 1421 mum
638 1368 1044 1437 Evangeliorurn
1079 1369 1195 1422 libri
1227 1380 1351 1423 sunt
1378 1378 1626 1436 quatuor,
1652 1369 1879 1435 scilicet,
1916 1370 2050 1421 Mat-

460 1460 653 1525 tharus,
690 1460 917 1527 Marcus,
955 1459 1126 1514 Lucas
1154 1471 1209 1515 et
1237 1462 1494 1518 Joannes.
1520 1462 1830 1530 Sequuntur
1851 1461 2048 1515 deinde

462 1550 713 1618 Epistolm
738 1551 884 1603 Pauli
917 1552 1143 1619 apostoli
1172 1555 1600 1620 quatuorileeim,
1632 1554 1681 1607 id
1712 1562 1815 1619 est,
1844 1553 1908 1605 ad
1940 1552 2047 1604 Ro-

459 1656 665 1703 manos,
699 1643 763 1696 ad
788 1642 1095 1697 Corinthios
1120 1644 1237 1696 dua:
1258 1684 1271 1710 ,
1296 1644 1359 1697 ad
1387 1644 1601 1699 Galatas
1623 1685 1636 1708 ,
1667 1645 1735 1698 ad
1762 1644 2041 1714 Ephesios,

2156 462 2317 532 lypsis
2346 460 2587 515 Joannis.
2622 460 2780 514 Fiunt
2808 476 2934 529 ergo
2966 462 3017 514 in
3049 462 3240 517 ordine
3286 463 3559 532 utriusque
3601 463 3729 518 Tes-

2154 552 2371 605 tamenti
2404 551 2525 605 libri
2551 551 2882 619 septuaginta
2906 560 2958 605 et
2979 551 3108 605 duo.

2226 643 2311 696 M.
2356 644 2481 697 llmc
2515 651 2639 697 sunt
2674 644 2814 697 enim
2864 658 2999 697 nova
3041 656 3095 698 et
3124 652 3303 698 vetera
3327 685 3342 710 ,
3373 660 3489 713 qua:
3521 645 3584 700 de
3616 647 3729 701 the-

2154 751 2312 791 sauro
2343 737 2552 792 Domini
2595 736 2966 806 proferuntur,
3021 751 3051 792 e
3110 736 3304 806 quibus
3335 748 3522 792 cuncta
3552 755 3729 792 sacra-

2154 838 2454 883 mentorum
2506 829 2758 898 mysteria
2792 829 3114 883 revelantur.
3164 830 3226 883 lli
3277 840 3401 884 sunt
3443 830 3543 886 duo
3572 833 3729 888 Scra-

2153 921 2334 990 phim,
2382 923 2470 991 qui
2515 923 2566 976 in
2598 920 2940 976 confessione
2984 930 3185 975 sanctae
3215 922 3494 978 Trinitatis
3534 924 3728 994 jugiter

2153 1014 2493 1067 decantantes
2513 1017 2631 1091 Τρίς
2662 1016 2802 1087 abte;
2833 1013 3085 1084 hymnum
3116 1012 3421 1082 erumpunt.

2226 1101 2311 1157 15.
2352 1118 2397 1157 ›-‹
2438 1103 2559 1157 llaec
2587 1101 2801 1175 [Forte-
2826 1101 2931 1174 hac]
2969 1107 3126 1156 etiam
3175 1105 3293 1159 duae
3334 1106 3486 1161 oliva:
3530 1107 3581 1161 in
3632 1109 3728 1162 Za-

2151 1195 2364 1260 charia,
2399 1210 2517 1263 qua:
2546 1210 2574 1247 a
2606 1194 2841 1260 dextris,
2874 1205 2925 1249 et
2957 1197 3187 1250 sinistris
3217 1197 3475 1264 lampadis
3515 1209 3723 1265 astant,

2152 1296 2310 1355 atque
2352 1285 2671 1355 pinguedine
2707 1294 2760 1341 et
2788 1286 3075 1356 splendore
3104 1288 3331 1357 Spiritus
3360 1292 3527 1348 sancti
3560 1300 3726 1347 totum

2153 1381 2336 1432 orbem
2362 1378 2623 1431 doctrinas
2646 1379 2892 1433 claritate
2924 1380 3240 1433 illnm'tnant.

2228 1471 2310 1524 lG.
2357 1470 2444 1523 lla:
2474 1471 2664 1523 litterae
2695 1484 2883 1534 sacrae,
2913 1470 2965 1523 hi
3023 1472 3141 1524 libri
3202 1473 3391 1541 integri
3434 1488 3653 1527 numero
3676 1484 3730 1527 et

2151 1562 2503 1617 auctoritate:
2546 1562 2687 1615 aliud
2722 1577 2841 1615 cum
2872 1562 2985 1616 istis
3024 1563 3154 1616 nihil
3187 1575 3266 1617 εει
3290 1564 3725 1632 comparandum.

2154 1655 2419 1724 Quidquid
2454 1664 2602 1709 extra
2632 1655 2728 1708 hos
2758 1653 2937 1717 luerit,
2964 1654 3102 1708 inter
3135 1653 3247 1708 haec
3276 1662 3454 1709 sancta
3479 1665 3530 1708 et
3552 1655 3730 1709 divina

459 1732 527 1799 ad
560 1732 964 1804 Philippenses,
1011 1735 1078 1789 ad
1114 1735 1620 1790 Thessalonicenses
1649 1737 1798 1801 duas,
1843 1735 1909 1791 ad
1941 1736 2043 1790 CO-
2079 1750 2121 1809 Β
2152 1747 2452 1801 nullatenus
2482 1753 2563 1800 est
2586 1744 2972 1814 recipiendum.

458 1824 749 1893 lussenses,
800 1831 863 1885 ad
917 1832 1257 1886 Timotheum
1297 1834 1436 1899 dum,
1474 1834 1537 1887 ad
1570 1834 1748 1887 Titum
1793 1847 1942 1893 vero,
1993 1841 2047 1887 et

460 1915 525 1969 ad
561 1918 948 1988 Philemonem,
983 1933 1036 1976 ct
1064 1925 1129 1976 ad
1159 1924 1413 1978 Hebraeos
1443 1924 1688 1994 singula}.

530 2012 617 2069 l2.
655 2011 907 2081 Epistola:
938 2032 1148 2086 quoque
1174 2017 1398 2073 Joannis
1442 2019 1674 2088 apostoli
1709 2028 1815 2076 tres
1841 2060 1856 2084 ,
1904 2017 2045 2075 Petri

456 2100 596 2169 duaz,
626 2100 798 2174 Judte,
831 2115 885 2161 et
909 2107 1097 2163 Jacobi
1121 2110 1363 2179 singulm.

2223 1840 2309 1893 17.
2354 1837 2620 1906 Disposito
2668 1836 2829 1906 igitur
2873 1836 3076 1890 Veteris
3117 1850 3179 1889 ac
3227 1836 3357 1890 Novi
3404 1835 3726 1892 Tcstamenti

2150 1934 2335 1989 ordine
2369 1932 2623 1987 librorum
2651 1939 2704 1985 et
2732 1945 2977 1993 numero,
3010 1945 3147 1984 nunc
3170 1932 3365 1984 cursim
3390 1930 3728 2002 breviterque

2152 2026 2204 2081 in
2235 2038 2328 2080 eos
2358 2038 2518 2095 parva
2550 2021 2811 2093 prooemia
2840 2024 3200 2076 narrationum
3227 2022 3595 2092 subjiciamus.

1416 2234 2030 2318 INCIPIUNT
2106 2232 2750 2317 PROOEMIA.

1099 2388 1176 2445 De
1201 2390 1404 2448 Genesi.

528 2476 619 2532 18.
659 2477 906 2545 Genesis,
933 2480 1082 2549 juxta
1118 2482 1272 2539 ﬁdem
1303 2485 1559 2551 historiaz,
1592 2486 1848 2542 describit
1875 2485 2041 2541 fabri-

456 2582 575 2622 cam
618 2571 831 2637 mundi,
862 2580 916 2626 et
961 2572 1192 2629 hominis
1219 2578 1599 2641 conditionem,
1635 2578 2039 2649 cataclysmum,

451 2670 507 2715 ct
534 2661 848 2717 divisionem
877 2674 1053 2731 terrm,
1085 2668 1451 2723 confusionem
1480 2685 1687 2739 quoque
1709 2670 2033 2739 linguarum,

451 2764 704 2823 gestaque
736 2757 974 2810 omnium
1002 2759 1448 2827 patriarcharum,
1474 2775 1639 2831 usque
1660 2761 1726 2815 ad
1752 2759 2035 2830 ingressio-

452 2862 571 2901 nem
601 2847 758 2902 lsrael
789 2849 838 2902 in
870 2848 1158 2920 (Egyptum

1096 2947 1170 2998 De
1205 2945 1407 3001 Exodo.

526 3032 611 3086 19.
655 3032 872 3088 Exodns
911 3033 1146 3089 continet
1190 3036 1535 3091 llebrwornm
1580 3034 1887 3089 servitutem
1913 3075 1927 3098 ,
1973 3048 2036 3088 ac

448 3122 632 3178 decem
669 3125 848 3193 plagas
876 3126 1030 3195 195
1056 3125 1292 3196 Aigypti,
1326 3141 1597 3195 egressura
1624 3125 1825 3192 pepuli.
1857 3132 1911 3178 et
1937 3140 2035 3177 nu-

2153 2409 2378 2463 rumque
2404 2394 2706 2461 diversitas,
2741 2394 3056 2449 indumenta
3089 2398 3394 2464 pontiﬁcum
3415 2445 3429 2469 ,
3458 2410 3517 2456 et
3540 2401 3726 2457 levita-

2150 2499 2267 2537 rum
2310 2481 2601 2538 ministeria
2651 2485 3029 2538 describuntur
3068 2504 3082 2539 :
3125 2487 3360 2543 ciborum
3409 2491 3567 2544 etiam
3615 2494 3724 2545 dis-

2147 2574 2316 2628 cretio
2349 2615 2364 2640 ,
2428 2585 2480 2627 et
2540 2574 2765 2630 diversa:
2814 2588 3152 2644 peccatorum
3205 2579 3587 2648 purgationes,
3637 2582 3721 2636 vel

2148 2665 2336 2721 hostia:
2365 2664 2551 2719 ordina
2594 2674 2695 2719 tur.

2752 2757 2827 2811 De
2856 2758 3112 2814 Numeris.

2212 2847 2304 2903 2|.
2335 2846 2391 2901 In
2422 2847 2671 2902 Numeris
2711 2864 2841 2903 vero
2888 2865 3124 2920 egressa:
3170 2849 3237 2905 de
3278 2850 3511 2921 Egypto
3554 2852 3720 2909 tribus

2145 2948 2557 3005 enumerantur,
2600 2940 3064 3010 profectionesque
3109 2957 3324 3007 eorum,
3366 2942 3716 3011 perfectortnn

2139 3040 2296 3086 astate
2324 3032 2592 3098 virorum,
2618 3034 2705 3101 qui
2745 3034 2943 3102 egre‘si
2976 3043 3099 3087 sunt
3140 3034 3206 3088 de
3236 3032 3465 3104 Egypto
3489 3074 3505 3101 ,
3555 3050 3706 3089 com-

2141 3124 2344 3193 putatio
2378 3132 2587 3178 tenetur
2615 3123 2837 3186 inserta,
2882 3122 3161 3190 Prophetia
3194 3124 3434 3188 Balaam,
3470 3125 3704 3193 quadra-

450 3216 567 3269 liem
620 3225 1018 3284 protegentem,
1072 3219 1350 3271 transitum
1405 3218 1568 3271 etiam
1629 3218 1790 3269 ltubri
1848 3214 2106 3278 maris,C
2141 3216 2282 3285 ginta
2355 3230 2566 3284 quoque
2619 3214 2843 3267 duarum
2915 3229 3009 3283 per
3071 3228 3306 3271 eremum
3374 3216 3704 3271 mansionem

448 3318 788 3373 mersumque
812 3318 932 3358 cum
964 3306 1211 3360 curribus
1240 3305 1609 3367 Pharaonem,
1640 3314 1694 3357 ct
1723 3304 1904 3373 glori-.e
1935 3302 2029 3356 de-

445 3396 825 3464 cantatiunem,
878 3397 1175 3466 ingressum
1208 3412 1418 3467 quoque
1449 3397 1636 3462 eremi,
1662 3397 1838 3450 cibtnn
1873 3412 2033 3449 man-

446 3500 551 3547 une,
593 3496 637 3533 με
678 3502 783 3555 quo
810 3488 923 3541 aliti
950 3497 1094 3552 sunt,
1126 3490 1519 3555 percussionem
1551 3504 1762 3556 quoque
1804 3490 1967 3555 rupis,
1999 3500 2029 3546 ’τ

445 3586 496 3630 ct
547 3578 741 3632 ﬂuenta
796 3580 846 3632 in
896 3580 1233 3633 dulcedinem
1284 3596 1459 3647 versa,
1512 3595 1738 3647 pugnam
1792 3581 2027 3645 Amalec,

446 3667 691 3719 mandata
716 3668 875 3720 etiam
904 3667 1169 3736 Decalogi,
1208 3677 1259 3721 et
1288 3683 1467 3721 arcan:
1497 3667 1848 3734 Testainenti,
1882 3668 2031 3722 dedi-

444 3759 817 3828 cationemque
849 3760 1171 3814 tabernaculi
1203 3768 1255 3814 et
1285 3760 1634 3814 oblationem.

668 3858 671 3861 ⁷
1061 3850 1139 3905 De
1171 3851 1412 3904 Leuitico.

514 3944 603 3997 20.
638 3946 691 3999 lu
738 3945 975 3999 Levitico
1009 3953 1184 3999 autem
1234 3946 1317 3999 lex
1350 3945 1735 4000 sacriﬁciorum
1760 3984 1775 4006 ,
1828 3945 2028 3997 hostia-

446 4104 562 4143 rum
593 4089 875 4141 sententia.
907 4086 1076 4140 Rahbi
1112 4088 1259 4140 Isaae
1303 4086 1526 4138 llarania
1554 4126 1569 4146 ,
1616 4082 1930 4151 prmfatione
1976 4082 2028 4137 in

446 4156 659 4211 Cantica
681 4197 695 4219 ,
728 4168 779 4209 et
809 4158 972 4209 Ilabbi
1007 4158 1213 4224 Moyses
1244 4156 1441 4219 Kinihi,
1490 4154 1581 4224 lih.
1614 4155 1680 4206 de
1708 4154 2031 4224 Ancmrihns

447 4242 721 4281 Sacrorum
755 4228 766 4277 Ι
794 4227 1006 4279 brorum
1062 4222 1204 4277 viros
1251 4222 1708 4294 congregationis
1730 4239 1933 4294 magna:
1965 4222 2029 4274 li-

451 4300 603 4350 hrnm
645 4296 914 4358 Ezechiel,
945 4295 1223 4349 duodecim
1259 4291 1656 4362 prophetarum,
1692 4291 1947 4358 Danielis,
1979 4300 2026 4344 et

450 4366 644 4421 Esther
669 4368 946 4433 scripsisse
974 4366 1140 4417 ainnt.
1175 4366 1290 4429 Quo
1322 4366 1487 4431 magis
1514 4364 1677 4415 miror
1707 4377 1771 4433 ex
1802 4362 1901 4415 hoc
1931 4376 2029 4433 nu-

450 4451 599 4492 mero
631 4432 899 4489 Danielem
946 4436 1115 4489 solum
1166 4434 1304 4489 inter
1330 4434 1672 4497 Chethubim,
1704 4432 1752 4484 id
1783 4442 1885 4495 est,
1938 4432 2029 4484 ha-

453 4505 740 4575 giographa
774 4506 841 4558 ab
873 4504 1107 4558 llehra-is
1139 4504 1279 4573 poni.
1316 4504 1689 4575 Hieronymus,
1721 4502 1943 4575 prologo
1976 4502 2028 4553 in

453 4571 746 4633 Danielem.
776 4585 829 4629 et
860 4571 1165 4641 praefatione
1190 4583 1481 4628 comment.
1510 4571 1574 4626 ad
1618 4571 1863 4626 eumdem
1898 4585 2031 4641 pro-

453 4645 1055 4715 phemm,l’orphyrium
1073 4646 1144 4697 ait
1164 4650 1500 4697 occasionem
1521 4640 2032 4715 arripuisse_ca|urn-

453 4709 631 4771 niandi
674 4709 979 4783 religionem
1012 4725 1269 4777 nostram,
1314 4716 1454 4782 quod
1507 4720 1747 4777 negaret,
1796 4709 2032 4783 Danielis

453 4780 791 4856 prophetiam
810 4799 843 4856 a_
865 4788 1117 4851 propheta
1148 4786 1262 4851 ipso
1284 4780 1479 4837 editam
1510 4783 1691 4856 fuisse,
1723 4780 1816 4856 sed
1848 4793 2028 4856 aquo-

453 4848 597 4922 dam,
625 4857 711 4924 qtti
742 4856 792 4907 in
820 4848 1001 4908 Judaia
1023 4848 1414 4921 vixit'tentporc
1441 4852 1688 4907 Antiochi
1720 4848 2028 4918 Epiphanis,

453 4928 717 4980 ailimarct
752 4927 1025 4991 scriptam.
1064 4926 1203 4978 Man.

528 4998 613 5053 10.
646 4999 729 5050 A‘.
761 4994 1166 5048 Lamentationes
1185 5035 1200 5060 ,
1233 5008 1327 5063 pro
1353 4992 1635 5057 Lamenta;
1664 4998 1717 5046 et
1743 4998 2031 5053 secernunt,

451 5082 549 5138 pro
574 5073 915 5138 resecuerunt.
943 5064 1080 5138 illan.

528 5136 613 5191 M.
640 5137 824 5191 Matth.
858 5150 974 5202 xm,
1003 5136 1093 5200 52,
1129 5135 1245 5188 lsai.
1268 5150 1340 5199 vr,
1371 5132 1425 5185 5.
1459 5128 2032 5202 Ττὶειιηῃὶοενιιῃιηηηῃι

455 5216 749 5273 erumpunt.
780 5207 871 5261 Sic
898 5199 1024 5272 legit
1056 5199 1381 5270 llispalensis
1408 5204 1458 5256 in
1482 5200 1828 5273 membranis.
1854 5199 2032 5273 septi-

457 5267 758 5332 triaricetisis
782 5295 795 5331 :
820 5276 920 5331 Ter
941 5267 1119 5345 Iiagios
1141 5267 1383 5343 hymnum
1413 5279 1705 5345 erumpunt.
1742 5269 1859 5345 Dur!
1878 5267 2033 5345 char-

456 5346 589 5400 tacei
620 5347 979 5409 llisnalvnses,
1006 5336 1490 5400 etTar'raconensis
1515 5358 1527 5394 :
1554 5340 1773 5407 llagios,
1807 5336 2031 5406 Hagios,

456 5416 674 5488 Hagios
687 5417 905 5488 dicentes
938 5417 1496 5488 Ityninitnterunipunt.
1533 5411 1743 5488 A’lludit
1756 5418 1931 5488 autem
1946 5409 2029 5488 .ad

456 5478 746 5541 illavverha.
781 5486 904 5539 lsai.
935 5478 1004 5551 vi,
1038 5486 1090 5547 5,
1117 5485 1202 5537 ubi
1231 5483 1298 5539 de
1323 5482 1529 5535 duobus
1560 5478 1872 5551 Seraphinis
1910 5478 1985 5529 ait
2014 5492 2029 5529 :

454 5556 752 5610 clamabant
797 5556 924 5608 alter
952 5546 1019 5606 ad
1045 5546 1284 5619 alterum,
1334 5562 1379 5606 et
1430 5552 1661 5605 dicebant
1702 5546 1734 5601 7:
1787 5546 2027 5619 Sanctus,

458 5629 699 5689 Sanctus,
725 5625 970 5687 Sanctus,
1016 5615 1281 5677 Dominus
1312 5625 1444 5676 lleus
1488 5621 1820 5675 exercituum.
1866 5615 2030 5668 Porro

456 5699 699 5764 hymnum
719 5705 988 5766 erumpunt
1010 5694 1142 5750 dixit
1164 5704 1257 5765 pro
1280 5696 1330 5749 in
1354 5693 1599 5764 hymnum
1622 5695 1910 5759 erumpunt,
1926 5701 2024 5755 qua

2137 3315 2475 3361 sacramenta
2519 3306 2819 3375 signantur.

2662 3393 2740 3449 De
2773 3395 3184 3449 Deuteronomio.

2207 3487 2296 3545 92.
2331 3487 2383 3541 In
2419 3487 2828 3541 Deuteronomio
2854 3497 3054 3553 autem,
3084 3503 3201 3557 quae
3228 3496 3313 3542 est
3340 3488 3571 3543 secunda
3603 3488 3707 3554 les,

2138 3585 2420 3631 narrantur
2445 3592 2505 3630 ea
2533 3592 2650 3644 qua!
2673 3577 2813 3631 inter
2845 3574 3073 3640 Pharan,
3097 3586 3151 3629 ct
3180 3576 3405 3643 Tophel,
3430 3585 3480 3630 et
3509 3577 3708 3641 Laban,

2135 3680 2187 3724 et
2220 3669 2509 3736 Nascroth,
2564 3686 2733 3741 nsque
2764 3671 2829 3724 ad
2860 3668 3030 3723 Cades
3058 3668 3233 3725 Barac
3274 3668 3481 3723 fuerunt
3517 3671 3716 3739 popqu

2135 3759 2272 3814 dicta
2297 3774 2324 3812 a
2358 3760 2537 3829 Moyse
2568 3776 2581 3812 :
2617 3760 2863 3813 mandata
2890 3800 2906 3825 ,
2938 3759 3204 3826 videlicet,
3231 3769 3386 3823 atque
3416 3761 3673 3827 promissa
3693 3801 3710 3824 ,

2136 3853 2544 3907 maledictiones
2575 3862 2937 3923 peccatorum,
2982 3861 3036 3905 et
3076 3851 3459 3918 promissiones
3486 3851 3712 3904 beatitu-

2134 3943 2297 3998 dinis.
2331 3944 2403 3999 lbi
2432 3944 2575 3999 canit
2616 3943 2879 3999 canticum
2911 3942 3139 4012 Moyses.
3170 3941 3243 3995 lbi
3274 3942 3362 3994 dat
3384 3940 3708 3995 benedictio-

2137 4084 2420 4166 locutionis
2450 4085 2620 4139 forma
2655 4082 2903 4150 Virgilius
2931 4090 3015 4137 est
3042 4093 3192 4147 usus,
3221 4094 3363 4145 cum,
3391 4095 3443 4133 ιιι
3466 4077 3709 4145 ιΕιιθίᾶ.,

2134 4164 2211 4287 ait
2239 4195 2608 4287 .Interdumque
2636 4227 2783 4271 atram
2818 4221 3084 4283 prorumpit
3107 4220 3165 4268 ad
3186 4220 3368 4269 aethera
3394 4219 3589 4269 nubem.

2134 4285 2271 4339 Man.

2210 4354 2295 4409 15,
2343 4354 2467 4408 "ac
2494 4357 2645 4407 etiam
2675 4354 2793 4405 dua:
2833 4351 2996 4405 oiivw.
3032 4350 3155 4404 "asc
3198 4350 3459 4404 olivarum
3494 4361 3713 4413 compa-

2136 4425 2271 4478 ratio
2301 4428 2351 4478 in
2386 4439 2489 4476 uno
2519 4434 2722 4476 tantum
2767 4421 3120 4475 Laurentiano
3160 4419 3356 4473 Codice
3381 4430 3493 4473 erat
3520 4462 3533 4483 ,
3576 4431 3630 4473 et
3658 4420 3715 4470 in

2134 4496 2303 4547 altero
2337 4495 2629 4561 Ilispalensi
2672 4492 2734 4543 ad
2769 4492 3075 4559 marginem.
3114 4504 3285 4558 neque
3327 4491 3601 4557 utriusque
3634 4491 3710 4543 Ie-

2135 4564 2243 4618 etio
2273 4560 2655 4619 consentiebat.
2687 4562 2791 4615 Nos
2816 4562 2988 4613 locum
3019 4574 3332 4626 expungere
3351 4560 3571 4613 omnino
3591 4564 3709 4616 ausi

2137 4650 2241 4687 non
2275 4649 2456 4688 sumus
2484 4677 2497 4698 ,
2540 4631 2694 4686 obelo
2726 4640 2943 4684 notasse
2971 4633 3206 4683 contenti
3247 4639 3561 4698 argumento
3591 4645 3710 4685 sus-

2135 4715 2304 4775 pecta:
2332 4705 2589 4757 lectionis.
2622 4702 2760 4755 Msa.

2212 4774 2293 4827 16.
2339 4776 2450 4836 AL,
2482 4771 2898 4839 computandum,
2933 4782 3029 4833 pro
3049 4769 3468 4833 comparandum.
3500 4768 3641 4822 Msa.

2208 4846 2296 4897 18.
2320 4844 2557 4898 Conditio
2585 4856 2678 4908 pro
2708 4842 2977 4893 creatione
2998 4879 3013 4903 ,
3048 4846 3101 4892 et
3130 4839 3466 4907 cataclysmus
3501 4854 3595 4907 pro
3624 4839 3713 4892 di-

2136 4913 2278 4967 luvio
2306 4915 2467 4967 verba
2495 4922 2613 4964 sunt
2647 4912 2961 4975 scriptorum
2989 4909 3471 4961 ecclesiasticarum
3499 4948 3515 4974 ,
3562 4919 3710 4963 cata-

2136 4987 2359 5053 ciysmus
2385 4984 2544 5053 etiam
2578 4980 2828 5053 varronis
2849 4978 3157 5053 et_llygini._
3178 4983 3352 5030 Ansv.

2210 5054 2298 5107 19.
2367 5052 2563 5104 Iudicat
2618 5051 2844 5102 Mariana
2900 5047 3089 5102 deesse
3147 5048 3199 5100 in
3258 5046 3528 5102 nonnullis
3577 5046 3704 5101 Mss.

2136 5124 2295 5175 verba
2323 5165 2337 5187 ,
2386 5138 2485 5187 quo
2529 5121 2639 5172 ιιι-⁷ιὶ
2684 5132 2799 5171 sunt
2827 5159 2840 5180 ,
2890 5118 3259 5187 percussionem
3306 5132 3501 5185 quoque
3547 5119 3711 5185 rupis.

2137 5194 2307 5247 AltEV.

2206 5262 2297 5315 20.
2327 5262 2414 5316 Al.
2454 5279 2464 5313 :
2502 5258 2569 5312 Et
2607 5258 2870 5312 diversitas
2902 5266 3240 5327 peccatorum,
3274 5256 3713 5327 purgationesque,

2137 5334 2275 5386 Man.

2206 5402 2267 5454 2|
2285 5440 2298 5455 .
2324 5401 2436 5465 AL,
2464 5397 2734 5463 fortassis,
2767 5412 2945 5450 earum
2970 5411 3068 5467 pro
3096 5395 3464 5467 eoruthsn.

2198 5472 2295 5524 9.2.
2328 5470 2531 5539 Populo
2552 5470 2706 5524 dicta.
2739 5465 3187 5539 Septimancensis
3210 5477 3264 5519 et
3293 5465 3714 5539 Tarraconensis

2138 5544 2311 5611 legunt
2362 5534 2556 5608 populo
2599 5536 2849 5611 da_ta.___Et
2892 5536 3087 5611 alioqui
3127 5534 3470 5611 dare_dicere
3500 5546 3721 5611 _cst,__nt

2135 5605 2269 5677 apud
2305 5605 2601 5683 Virgilium,
2633 5608 2699 5659 du
2728 5606 2904 5674 Tityre
2946 5607 3123 5683 nobis,
3164 5614 3216 5657 et
3237 5606 3324 5683 da,
3365 5605 3724 5683 non‘indebita

2135 5674 2308 5751 posco.
2331 5674 2593 5738 Et'contra
2607 5693 2837 5747 accpere
2855 5692 2947 5746 pro
2964 5678 3141 5731 audire
3163 5680 3414 5741 sumitur,
3430 5674 3645 5730 Aineid.
3667 5690 3716 5729 t:
