4108 6178
328 278 413 331 101

1224 272 1297 328 οΙΝ
1338 273 1466 328 LIB.
1511 272 1668 328 \‘ET.
1714 271 1798 328 ΕΤ
1837 270 1996 327 NOV.
2037 269 2338 325 TESTAM.
2385 265 2737 323 ΡΙἘΟΟΕΜΙΛ.

3476 261 3581 321 162

325 405 435 445 nem
462 386 582 441 liliis
612 385 804 451 Israel;
848 385 1051 451 ibique,
1079 392 1221 438 terra
1258 384 1697 453 repromissionis
1737 397 1893 438 cons-
1922 385 1970 442 Α
2002 383 2357 451 prolixitatem
2389 381 2468 434 sui
2505 383 2658 451 197
2690 380 2739 432 in
2770 386 2996 449 quatuor
3028 380 3265 449 partibus
3296 381 3364 434 sit
3396 360 3585 437 desec-

324 490 484 549 pecta,
510 479 737 531 moritur
763 484 923 546 atque
947 474 1221 545 sepelitur.

382 568 467 621 25.
512 566 765 622 Nonnulli
811 576 989 621 autem
1034 566 1381 621 Hebrtcorum
1413 574 1643 634 quatuor
1692 576 1896 619 tantum

322 662 475 717 libros
502 667 817 728 computant
868 659 1033 728 legis,
1085 658 1135 713 id
1167 670 1270 723 εει,
1325 657 1599 727 Genesim,
1634 660 1898 725 Exodum,

321 752 646 814 Leviticum,
679 749 964 804 Numeros.
1003 750 1160 820 196
1202 749 1677 804 Deuteronomium
1723 760 1898 804 autem

322 842 686 910 repetitionem
712 838 1023 894 eorumdem
1050 839 1307 892 librorum
1328 879 1345 903 ,
1376 848 1431 892 et
1459 841 1607 905 quasi
1633 838 1899 908 quoddam

321 931 858 1002 legisrneditatorium
873 930 1075 983 dicunt.
1100 928 1174 982 Ea
1192 929 1448 983 duntaxat
1466 929 1691 991 ratione,
1718 946 1813 997 pro
1835 945 1901 983 eo

320 1024 452 1093 quod
497 1023 572 1078 illi
602 1032 834 1090 quatuor
863 1022 1109 1090 proprias
1134 1036 1311 1075 rerum
1340 1033 1609 1091 gestarum
1632 1023 1904 1077 continent

320 1128 527 1179 causas,
562 1115 664 1169 iste
688 1129 816 1168 vero
845 1114 1108 1167 omnium.

959 1225 1039 1280 De
1066 1224 1246 1280 Josue.

381 1340 475 1393 24.
510 1339 565 1394 In
599 1338 724 1395 Jesu
756 1340 897 1395 Nave
928 1339 1065 1393 libro
1093 1340 1185 1393 lilii
1224 1339 1405 1405 Israel,
1435 1339 1571 1394 duce
1596 1339 1753 1407 Jesu,
1787 1339 1907 1393 Jor-

322 1432 511 1487 danetn
544 1439 823 1485 transeunt
850 1471 866 1497 ,
913 1446 975 1484 ac
1012 1431 1250 1485 secundo
1276 1430 1750 1497 circumciduntur,
1779 1432 1905 1484 sub-

322 1525 597 1592 versisque
628 1522 822 1577 dehinc
867 1520 1291 1576 Chananaaorum
1322 1522 1567 1591 gentibus
1594 1562 1610 1587 ,
1644 1523 1909 1578 divisione

324 1622 472 1666 terra:
502 1627 689 1666 eorum
724 1611 1053 1666 hmreditatis
1080 1622 1253 1666 sortes
1284 1613 1606 1681 suscipiunt.

846 1723 923 1777 De
954 1725 1085 1778 libro
1115 1722 1381 1780 Judicum.

384 1836 479 1889 25.
516 1834 571 1888 In
628 1835 766 1890 libro
793 1836 1039 1891 Iudicum
1085 1838 1431 1893 continentur
1459 1851 1673 1909 peccata
1703 1849 1756 1894 et
1789 1857 1905 1894 ser-

324 1929 521 1982 vitutes
555 1926 757 1984 Israel.
796 1927 1325 1998 exclamationesque
1355 1932 1563 1997 pepuli,
1598 1941 1651 1984 et
1683 1932 1907 1985 ini-era-

327 2019 500 2072 tiones
535 2018 650 2072 Dei.
692 2029 737 2066 >-‹
779 2018 1164 2074 Describuntur
1190 2034 1479 2091 prospera,
1507 2031 1665 2091 atque
1690 2022 1911 2076 adversa

328 2110 586 2164 bellorum
617 2122 672 2170 τ.

903 2200 978 2254 De
1005 2203 1134 2256 liora
1178 2203 1340 2257 Ruth.

391 2290 485 2341 2-3.
516 2288 677 2343 Liber
703 2287 845 2342 [luth
874 2290 1112 2355 ejusdem
1136 2292 1433 2348 Moabitidis
1460 2294 1588 2347 texit
1618 2296 1915 2366 historiam,

329 2383 387 2435 de
416 2383 769 2452 cujus'stirpe
786 2384 986 2437 familia
1018 2385 1182 2441 David
1206 2388 1500 2443 descendit.
1532 2390 1684 2444 llunc
1708 2390 1913 2445 llehrtei

330 2475 568 2529 libellum
587 2476 651 2529 ad
676 2476 923 2531 Iudicum
955 2478 1145 2533 librum
1170 2481 1518 2550 subiungunt,
1555 2496 1653 2551 pro
1680 2497 1746 2537 eo
1771 2483 1911 2551 quod

331 2567 378 2619 itt
407 2566 603 2619 diebus
640 2565 887 2621 Judicum
915 2578 1061 2636 gesta
1094 2583 1216 2624 esse
1251 2581 1671 2626 commemorant
1700 2588 1817 2642 qua
1866 2573 1917 2627 itt

330 2676 392 2716 eo
419 2664 621 2726 scripta
653 2673 809 2727 sunt;
844 2672 898 2717 at
925 2672 1110 2717 contra
1142 2664 1341 2729 Latini,
1368 2679 1462 2731 pro
1492 2679 1555 2717 co
1585 2664 1725 2733 quod
1752 2680 1922 2734 genus

333 2753 474 2821 regis
503 2752 670 2807 David
699 2763 930 2817 retexat,
953 2763 1127 2808 ortum
1151 2769 1212 2808 es
1237 2753 1423 2807 eadem
1446 2754 1728 2808 MOabitide
1759 2753 1920 2822 Ruth,

331 2846 394 2899 ad
436 2854 637 2915 Corpus
687 2846 809 2901 libri
855 2846 1160 2916 Regnorum
1214 2846 1461 2901 veracius
1490 2860 1610 2899 eum
1655 2845 1926 2915 pertinere

330 2938 689 2994 contendunt.

889 3026 967 3080 De
999 3027 1125 3080 libro
1154 3026 1366 3098 Regum.

2006 483 2087 526 tus
2108 516 2121 537 ,
2156 473 2293 541 apud
2336 474 2589 527 Ili-armos
2622 484 2797 525 tatren
2829 474 2878 525 in
2918 474 3124 525 duobus
3153 474 3352 526 divisus
3380 484 3463 527 est
3492 490 3585 529 vo-

2002 563 2308 617 luminibus.
2362 566 2595 628 Quorum
2649 563 2849 630 primus
2896 563 3107 617 Samuel
3150 564 3356 624 scribit,
3404 579 3578 619 aream

2006 653 2213 707 Domini
2269 671 2295 706 a
2326 654 2524 707 Judteis
2572 658 2828 707 trans’sse
2858 654 2921 705 ad
2953 662 3159 723 gentes,
3213 653 3325 707 Heli
3373 672 3585 723 quoque

2004 744 2359 798 Sacerdotium
2394 746 2444 797 in
2473 746 2685 799 Samuel
2715 746 2936 813 mystice
2967 744 3131 797 fuisse
3163 745 3503 807 translatum,
3534 758 3587 799 et

2004 834 2057 888 in
2093 834 2258 887 David
2286 834 2462 888 Saulis
2490 833 2625 901 regis
2660 833 2959 900 imperium.

2074 925 2161 980 28.
2203 926 2478 980 Malachim
2525 941 2655 978 vero
2701 940 2851 994 reges
2899 924 3132 989 .lndzete,
3173 933 3225 977 et
3265 924 3575 980 Israelitico

2004 1019 2201 1087 gentis,
2229 1029 2481 1086 gestaque
2522 1033 2705 1071 eorum
2758 1033 2850 1082 pt-r
2879 1016 3120 1069 ordinem
3152 1016 3345 1083 digerit
3382 1025 3590 1085 tempo-

2008 1125 2149 1173 rum,
2181 1110 2355 1176 ipsum
2403 1123 2616 1177 quoque
2667 1107 2827 1161 Israel
2872 1107 2940 1160 ob
2988 1120 3226 1160 errorem
3277 1106 3590 1160 ἱάοιοιειιτίεθ

2009 1210 2187 1253 narrat
2219 1202 2271 1252 in
2296 1201 2543 1268 Assyrios
2570 1199 3039 1266 lransmigratum;
3064 1198 3127 1250 ad
3145 1207 3441 1251 extremum
3465 1198 3591 1250 cdo-

2007 1298 2096 1345 cet
2141 1291 2356 1345 venisse
2408 1290 2902 1343 Nabuchodonosor
2952 1292 3001 1342 in
3049 1289 3379 1354 Jerusalem,
3427 1291 3593 1357 capti-

2010 1395 2241 1449 vumque
2278 1381 2495 1434 duxisse
2530 1379 2847 1447 principem,
2883 1392 2945 1433 ac
2973 1380 3248 1448 populum,
3286 1387 3340 1433 et
3369 1379 3594 1433 subver-

2012 1474 2138 1528 tisse
2167 1472 2351 1527 urbem
2381 1480 2435 1526 et
2462 1473 2738 1540 templum.

2540 1562 2617 1617 De
2646 1563 3099 1631 Paralipomenon.

2087 1652 2179 1707 ‘29.
2224 1653 2668 1721 Paralipomenon
2702 1657 2837 1723 apud
2884 1656 3134 1710 Ilebtteos
3166 1655 3265 1709 sub
3292 1655 3447 1709 unius
3482 1655 3597 1709 libri

1943 1752 1986 1808 Β
2021 1747 2294 1800 volumine
2347 1747 2674 1810 continetur,
2731 1748 3129 1816 appellaturque
3184 1746 3252 1801 ab
3289 1745 3365 1800 eis
3415 1745 3600 1799 Dib're-

2017 1840 2267 1907 haiamin,
2293 1842 2342 1893 id
2385 1851 2487 1905 est,
2528 1842 2695 1893 Verba
2727 1842 2945 1904 dierum,
2978 1840 3115 1908 apud
3149 1855 3246 1894 nos
3268 1852 3446 1895 autem
3474 1846 3600 1910 pro-

2020 1941 2135 1999 pter
2173 1932 2528 2000 prolixitatem
2560 1934 2638 1985 sui
2674 1935 2722 1984 in
2765 1933 2970 1985 duabus
2998 1931 3209 1985 decisus
3230 1940 3311 1985 est
3342 1933 3599 2000 partillus.

2021 2022 2145 2076 Ilaec
2192 2031 2274 2076 est
2324 2033 2499 2077 autem
2557 2023 2778 2075 historia
2826 2022 3070 2075 ordinent
3113 2021 3515 2091 generationum
3548 2031 3601 2076 et

2023 2121 2326 2179 temporum
2359 2113 2661 2166 c0ntinens.
2698 2114 2749 2166 In
2784 2127 2886 2180 qua
2921 2112 3125 2166 scilicet
3156 2127 3261 2166 non
3294 2128 3450 2182 parva
3482 2128 3601 2167 san~

2021 2210 2222 2255 ctarum
2246 2201 2639 2270 Scripturarum
2670 2203 2898 2256 eruditio
2920 2204 3244 2257 tantinetur.

2094 2293 2183 2347 50.
2212 2293 2445 2363 Namque
2490 2295 2540 2348 itt
2574 2295 2789 2347 historia
2809 2295 3011 2348 Veteris
3030 2294 3357 2349 Testamenti
3384 2296 3434 2348 in
3464 2295 3595 2350 locis

2021 2385 2133 2437 suis
2179 2394 2270 2437 aut
2295 2386 2514 2437 omnino
2549 2384 2706 2455 198
2725 2384 2920 2439 omissa
2953 2397 3097 2451 sunt,
3121 2394 3211 2439 aut
3243 2384 3468 2440 fortasse
3499 2402 3604 2441 non

2025 2478 2178 2545 plene
2206 2476 2434 2544 digesta,
2479 2478 2529 2529 itt
2581 2478 2682 2529 isto
2727 2476 3030 2529 summatim
3079 2490 3141 2531 ac
3172 2475 3403 2531 breviter
3430 2477 3605 2546 expli-

2024 2579 2141 2621 cata
2191 2579 2314 2622 sunt
2340 2612 2355 2637 ,
2404 2568 2556 2637 cujus
2584 2568 2796 2636 quidem
2829 2567 2996 2622 series
3027 2582 3058 2623 e
3087 2567 3254 2622 latere
3285 2567 3416 2636 legis
3438 2609 3455 2635 ,
3485 2566 3603 2623 sive

2027 2661 2334 2731 Regnorum
2378 2660 2627 2729 adjuncta
2678 2659 2952 2728 procedit,
3006 2660 3327 2728 perveniens
3356 2660 3421 2714 ad
3475 2659 3606 2715 illud

2028 2767 2197 2821 usque
2239 2761 2445 2818 tempus
2496 2765 2599 2819 quo
2662 2758 2716 2806 et
2775 2765 3055 2820 regnorum
3104 2758 3277 2806 textus
3330 2752 3593 2806 linitum-t

2029 2846 2270 2915 Namque
2315 2845 2383 2900 ab
2412 2845 2634 2899 exordio
2678 2843 2894 2898 fabricae
2925 2843 3103 2898 mundi
3156 2843 3444 2912 incipiens,
3492 2859 3615 2914 pro-

2032 2938 2269 2994 tenditur
2305 2953 2397 3007 per
2424 2936 2666 2990 ordinem
2708 2950 2884 2989 rerum
2915 2943 3180 3005 gestarum
3212 2949 3378 3002 usque
3407 2935 3472 2991 ad
3506 2936 3613 2990 rui-

2032 3045 2153 3082 nam
2172 3027 2466 3083 Jerusalent
2498 3030 2549 3080 in
2577 3025 2733 3080 annis
2766 3025 2935 3080 tribus
2962 3025 3106 3079 mille
3132 3026 3462 3095 Septuaginta
3484 3025 3613 3082 duo-

401 3116 499 3173 27.
529 3118 735 3189 Regum
768 3118 927 3183 liber,
956 3132 1256 3187 quanquam
1296 3116 1436 3187 apud
1469 3112 1686 3170 Latinos
1713 3126 1929 3186 promer
1959 3134 2004 3195 ο
2039 3122 2138 3178 bus
2168 3136 2264 3191 per
2291 3120 2663 3190 generationes
2691 3117 3025 3187 septuaginta
3061 3116 3217 3171 duas.

490 3257 595 3315 Qua
618 3255 781 3305 facere
807 3256 851 3304 id
880 3256 1051 3318 possis,
1077 3263 1285 3305 nostram
1310 3270 1436 3307 nunc
1470 3258 1637 3319 accipe
1659 3264 1894 3307 mentem.

395 3328 494 3381 25.
547 3325 806 3381 Nonnulli
855 3337 1023 3381 autem
1058 3327 1408 3397 rllebrtcorum
1457 3338 1676 3397 quatuor
1730 3337 1928 3381 tantum

333 3399 496 3453 libros
522 3407 819 3468 computant
849 3399 993 3465 legis.
1027 3396 1215 3451 Fuisse
1246 3398 1336 3466 qui
1366 3396 1621 3467 negarent
1668 3398 1923 3452 Deutero-

333 3470 579 3522 nomium
629 3482 659 3521 a
709 3468 756 3521 bi
799 3484 893 3537 yse
939 3469 1296 3536 conscriptum
1337 3483 1495 3533 esse,
1556 3468 1808 3522 Nicolaus
1862 3470 1929 3522 de

335 3541 497 3608 Lyra,
527 3538 594 3591 ad
650 3539 881 3605 primum
918 3537 1313 3592 Deuteronomii
1345 3553 1491 3604 cap.,
1525 3539 1714 3608 initio,
1745 3537 1924 3600 docet,

335 3607 415 3663 Itis
449 3610 784 3675 argumentis
814 3625 825 3659 :
852 3607 992 3676 quod
1038 3608 1188 3661 initio
1217 3608 1337 3661 libri
1365 3609 1576 3662 dicatur
1609 3624 1621 3659 :
1658 3607 1786 3661 Haec
1808 3616 1926 3660 sunt

333 3682 490 3733 verba
511 3694 628 3747 qua:
654 3678 852 3730 locutus
872 3686 947 3731 est
977 3677 1197 3747 Moyses,
1226 3694 1329 3731 non
1347 3679 1597 3743 scripsit;
1622 3677 1761 3746 quod
1785 3677 1930 3730 dicat

335 3766 455 3816 qua:
487 3750 701 3801 lacutus
728 3760 804 3801 est
835 3761 979 3800 trans
1008 3750 1294 3802 .lordanem
1340 3764 1500 3815 quem
1531 3749 1747 3800 [luvium
1794 3763 1930 3800 nunc

336 3836 495 3887 quam
555 3819 767 3889 Moyses
802 3821 1124 3882 transmisit;
1157 3819 1299 3886 quod
1331 3816 1382 3870 in
1430 3819 1533 3871 line
1578 3818 1771 3886 Moysis
1801 3817 1929 3869 des-

337 3892 574 3944 cribatur
622 3904 787 3942 mors.
832 3893 960 3952 Qure
1007 3898 1318 3955 argutnenta
1370 3889 1772 3952 refellereopus
1823 3902 1927 3941 non

338 3970 439 4026 est,
495 3972 549 4013 et
580 3974 643 4012 ea
668 3978 695 4007 ιι
733 3968 909 4011 tamen
960 3959 1262 4023 opinionem
1312 3958 1380 4011 ab
1409 3958 1640 4024 antiquis
1695 3956 1932 4010 llebrazis

340 4031 638 4083 derivatum
670 4030 924 4081 arbitror.
976 4029 1104 4081 Nam
1142 4029 1469 4081 recentiores
1501 4026 1668 4082 Judaei
1702 4029 1932 4093 quinque

342 4101 510 4154 libros
540 4099 692 4165 legi-t.
726 4108 777 4151 et
808 4113 995 4150 omnes
1022 4112 1051 4149 a
1088 4099 1265 4166 Moyse
1293 4098 1626 4165 conscriptos
1657 4111 1775 4149 esse
1803 4111 1933 4149 con-

341 4181 545 4224 stanter
574 4169 861 4221 afﬁrmant.
910 4168 1037 4220 Nam
1089 4169 1374 4221 Deuterou.
1412 4184 1567 4230 xxxr,
1602 4167 1654 4228 9,
1690 4165 1886 4219 dicitur
1916 4184 1927 4217 :

344 4239 561 4304 Scripsit
612 4241 777 4307 itaque
828 4237 1031 4309 Moyses
1078 4241 1237 4309 legem
1280 4240 1446 4302 hanc,
1492 4249 1536 4291 et
1554 4238 1780 4309 tradidit
1818 4253 1929 4290 eam

342 4311 695 4362 sacerdotibus
723 4309 843 4375 [iliis
872 4307 1013 4373 Levi,
1046 4320 1098 4359 et
1124 4306 1305 4361 rursus
1332 4324 1469 4362 vers.
1500 4307 1571 4359 ‘24
1607 4326 1618 4358 :
1655 4306 1931 4375 Postquam

344 4397 463 4449 ergo
505 4380 707 4447 scripsit
751 4377 950 4447 Moyses
996 4378 1141 4431 verba
1189 4380 1314 4448 legis
1354 4380 1515 4449 Itujus
1556 4379 1609 4430 in
1648 4378 1929 4440 volumine,

342 4448 496 4516 atque
521 4449 810 4517 complevit,
835 4449 1069 4518 praecepit
1095 4448 1297 4515 Levitis,
1330 4460 1435 4502 etc.
1471 4448 1610 4501 MAR.

414 4519 508 4575 ‘24.
561 4523 673 4586 AL,
702 4517 1005 4571 divisionem
1037 4528 1185 4571 terra:
1226 4533 1399 4571 eorum
1426 4517 1736 4571 haereditatis
1772 4526 1930 4570 sorte.

349 4590 487 4643 Man.

418 4660 513 4713 25.
547 4658 810 4713 Notantur
838 4667 1087 4727 tanquam
1131 4657 1288 4711 dubia
1316 4673 1343 4710 a
1376 4658 1605 4711 Mariana
1636 4656 1792 4710 verba
1824 4656 1939 4709 des-

352 4733 609 4784 cribantur
644 4745 886 4800 prospera
915 4740 1061 4794 atque
1084 4730 1298 4781 adversa
1322 4729 1590 4782 bellorum.
1622 4731 1795 4800 Ant-37v.

419 4802 516 4853 26.
548 4798 657 4863 AL,
684 4798 1140 4851 commemorantur
1163 4815 1257 4864 pro
1284 4807 1696 4851 commemorant.
1729 4798 1864 4849 MAR.

421 4871 513 4923 9.7.
543 4870 653 4929 AL,
686 4880 884 4936 partes,
920 4883 1014 4935 pro
1056 4870 1299 4933 partibus.
1334 4897 1402 4907 —
1429 4866 1658 4931 Primus,
1691 4874 1820 4931 cte.,
1844 4867 1939 4931 a|.,

358 4944 579 5006 primum
620 4938 829 4993 Samuel
861 4940 1084 5003 scripsit,
1119 4968 1184 4977 —
1214 4938 1334 4991 lIeli
1363 4954 1561 5006 quoque
1608 4939 1944 4989 sacerdotium

356 5013 407 5063 in
437 5011 649 5065 Samuel
686 5009 895 5079 mystice
938 5011 1092 5077 fuisse
1122 5009 1447 5062 translatum.
1481 5009 1606 5062 lltec
1634 5016 1715 5079 est
1740 5011 1945 5079 Augus-

360 5084 449 5133 tini
482 5076 769 5144 sententia,
806 5080 818 5130 l
846 5081 896 5132 ι).
930 5094 1033 5131 xvtt
1055 5080 1121 5131 de
1147 5079 1306 5132 Civil.
1334 5081 1446 5142 Dei,
1475 5093 1593 5145 cap.
1625 5076 1680 5140 4,
1707 5076 1793 5129 ubi
1824 5085 1897 5145 ad
1926 5094 1938 5129 :

360 5149 501 5203 Nam
535 5149 658 5202 Heli
685 5150 952 5201 sacerdote
983 5150 1274 5214 reprobato,
1315 5144 1615 5202 substitutus
1654 5148 1802 5199 estin
1853 5144 1943 5198 Dei

358 5220 695 5274 ministerium
728 5218 960 5282 Samuel,
991 5219 1143 5271 simul
1164 5220 1336 5281 ofﬁcio
1368 5219 1574 5287 functus
1598 5216 1874 5270 sacerdotis
1898 5224 1942 5267 et

357 5291 571 5361 judicis,
592 5298 638 5342 et
656 5292 815 5344 Saule
836 5291 1053 5361 objecta,
1080 5305 1170 5342 rea:
1193 5289 1354 5342 David
1379 5288 1941 5361 {undatusittreynunu

362 5354 478 5423 λος,
517 5354 651 5425 quod
699 5361 836 5423 dico,
888 5354 1479 5428 ﬁguraverunt:nentpe
1533 5356 1728 5428 Veteris
1773 5354 1942 5407 Testa-

365 5433 520 5483 rnenti
558 5432 610 5483 in
656 5429 864 5482 Novum
889 5426 1368 5492 commutationem,
1405 5426 1543 5496 quod
1588 5426 1821 5479 Isidorus
1854 5427 1944 5477 illo

364 5502 622 5555 adverbio
669 5502 881 5569 mystice
914 5500 1218 5567 signiﬁcare
1257 5498 1438 5569 voluit.
1483 5498 1839 5569 Hieronymus
1864 5535 1878 5559 ,
1932 5509 1943 5544 t

364 5582 551 5624 contra
601 5567 896 5635 Jovinian.,
958 5584 1024 5623 ex
1068 5569 1173 5623 illis
1220 5568 1394 5623 verbis
1447 5567 1800 5636 psal.7xc\'ttt,
1828 5569 1884 5636 ti
1931 5582 1943 5617 :

370 5642 571 5710 Moyses
600 5652 645 5693 et
674 5642 846 5693 Aaron
875 5642 927 5692 in
953 5639 1295 5693 sacerdotibus
1333 5635 1474 5710 ejus,
1505 5647 1551 5691 et
1581 5635 1790 5710 Samuel
1820 5635 1950 5685 inter

368 5707 564 5783 sos'qui
615 5721 850 5765 titvocant
873 5725 1056 5764 nomen
1084 5712 1228 5780 eius,
1279 5708 1479 5777 colligit
1506 5707 1808 5762 SullIlICICJI
1846 5722 1947 5756 non

2033 3260 2401 3322 sacerdotem,
2453 3257 2547 3313 sed
2582 3258 2816 3311 Levitam
2852 3266 3055 3312 tantum
3103 3256 3286 3312 fuisse.
3317 3256 3447 3324 Qum
3488 3272 3616 3315 sen-

2034 3330 2197 3382 tentia
2248 3329 2471 3384 etuditis
2499 3328 2670 3396 magis
2722 3329 2990 3395 probatur.
3036 3327 3136 3393 Qui
3171 3330 3311 3381 enim
3342 3338 3484 3382 esset
3530 3346 3617 3382 sa-

2033 3401 2246 3459 cerdos,
2273 3400 2568 3465 prmsertim
2600 3413 2860 3461 summus,
2891 3412 3010 3451 cum
3037 3412 3138 3449 non
3167 3409 3309 3451 esset
3334 3397 3403 3451 de
3433 3408 3615 3466 poste-

2035 3470 2189 3522 ritate
2215 3469 2474 3521 Aaronis?
2498 3468 2664 3531 Idem,
2687 3467 2847 3534 epist.
2880 3468 2943 3519 ad
2976 3467 3273 3531 Paulinum,
3300 3482 3420 3536 qua!
3450 3468 3618 3522 instar

2033 3549 2115 3592 est
2143 3540 2408 3609 generalis
2448 3537 2773 3609 prtel'ationis
2815 3538 2867 3591 in
2887 3551 3082 3609 sacros
3107 3537 3301 3601 libros,
3328 3539 3616 3609 sacerdotii

2036 3606 2380 3662 mutationem
2412 3624 2515 3661 non
2557 3611 2622 3660 ah
2656 3608 2770 3662 Ileli
2801 3609 2849 3660 in
2880 3606 3203 3671 Satnne'em,
3247 3608 3337 3661 sed
3371 3609 3439 3661 ah
3462 3608 3618 3661 Ahia-

2036 3688 2115 3730 tar
2145 3679 2197 3731 in
2219 3680 2256 3732 S
2277 3679 2425 3731 .doch
2460 3679 2650 3731 factam
2675 3692 2811 3743 esse,
2839 3686 3210 3745 competenter
3231 3676 3329 3748 ait,
3357 3691 3524 3748 eaque
3556 3694 3612 3731 re

2036 3748 2165 3817 legis
2199 3749 2396 3803 veteris
2441 3750 2491 3801 in
2524 3763 2713 3802 novant
2742 3748 3108 3802 transitionem
3138 3745 3422 3816 signilieari
3469 3745 3617 3802 ωηεν.

2036 3828 2161 3871 mat.
2194 3819 2336 3872 Man.

2104 3907 2193 3960 28.
2239 3910 2348 3970 AL,
2375 3908 2437 3959 ab
2466 3922 2654 3971 errore,
2688 3920 2781 3974 pro
2807 3906 2867 3959 ob
2888 3922 3132 3960 errorem.

2107 3998 2196 4052 2ft.
2239 3997 2675 4059 Paralipomenon
2722 3999 2861 4067 apud
2907 3997 3150 4051 Ilebrteos
3191 3997 3283 4050 sub
3323 3997 3473 4051 unius
3503 3998 3617 4051 libri

2037 4070 2289 4123 volumine
2317 4070 2618 4121 continetur.
2648 4070 2769 4121 "th
2799 4084 2864 4120 ex
2900 4068 3221 4139 Hieronymo
3251 4077 3462 4139 sumpta
3493 4078 3618 4123 sunt

2040 4140 2349 4209 prec-latione
2390 4139 2553 4191 altera
2593 4140 2642 4191 iu
2688 4139 2849 4191 libros
2893 4136 3353 4209 Paralipomenon.
3388 4136 3519 4200 Illud
3550 4140 3618 4191 de

2037 4207 2135 4265 Suo
2180 4219 2364 4262 auctor
2389 4209 2630 4277 addidit,
2681 4209 2735 4260 in
2782 4208 2979 4261 duabus
3009 4207 3207 4261 decisus
3252 4216 3324 4260 est
3351 4210 3620 4277 partibus;

2038 4295 2254 4333 casuum
2300 4284 2718 4345 permutatione,
2752 4291 2808 4331 ut
2838 4295 2980 4345 saepe
3011 4279 3307 4332 c0ttsuerit.
3342 4279 3509 4331 Paulo
3540 4282 3621 4332 in-

2038 4350 2219 4413 terius,
2252 4351 2340 4403 ubi
2371 4363 2468 4402 nos
2500 4349 2726 4417 legimus
2756 4351 3010 4415 explicata
3040 4358 3176 4412 sunt,
3210 4348 3315 4401 duo
3346 4348 3617 4402 chartaeei

2037 4421 2234 4488 expleta
2289 4429 2427 4472 sunt.
2474 4418 2665 4472 Verum
2724 4428 2958 4471 nostram
3016 4420 3296 4472 lectionem
3356 4420 3619 4472 veriorem

2040 4505 2176 4554 esse,
2215 4498 2323 4543 tum
2371 4505 2433 4542 ex
2469 4489 2693 4554 plurium
2722 4490 2974 4541 Codicum
3008 4490 3131 4553 lide,
3162 4497 3269 4540 tum
3303 4503 3367 4541 ex
3399 4503 3458 4540 ea
3492 4488 3620 4542 Ilie-

1969 4567 2020 4625 1)
2050 4562 2256 4629 ronymi
2291 4560 2600 4625 prtelatione
2627 4559 2957 4627 intelligitur,
2990 4559 3195 4612 tametsi
3224 4560 3491 4612 sententia
3514 4573 3618 4611 non

2043 4629 2329 4698 discrepat,
2360 4631 2560 4682 utrovis
2589 4631 2746 4682 modo
2776 4631 2997 4697 legatur.
3033 4629 3173 4682 Man.

2118 4722 2206 4776 30.
2237 4719 2475 4789 Namque
2501 4720 2560 4772 ab
2585 4721 2792 4773 exordio
2819 4720 2996 4771 mundi
3015 4720 3279 4787 incipiens,
3306 4726 3409 4772 etc.
3428 4717 3624 4789 Locum

2046 4792 2201 4846 obelo
2247 4787 2587 4854 conliximus,
2619 4791 2859 4856 quamvis
2894 4793 3049 4842 trium
3083 4790 3337 4842 Codicum
3392 4787 3625 4842 lectioae

2048 4861 2364 4927 subnixum,
2396 4862 2486 4930 qui
2519 4874 2685 4928 neque
2724 4860 2775 4911 in
2806 4876 3065 4911 attuorum
3096 4873 3338 4920 numero,
3368 4871 3538 4930 neque
3572 4858 3621 4908 itt

2049 4926 2446 5001 generationunt
2474 4926 2880 4984 conveniebant.
2912 4930 3017 4981 Nos
3044 4929 3109 4981 de
3137 4942 3394 4980 annorum
3420 4926 3623 5001 ratione

2052 4996 2155 5055 non
2190 5016 2513 5070 magnopere
2544 5000 2864 5064 laboramus,
2902 5002 3106 5070 cumin
3139 5014 3203 5070 ea
3232 5011 3308 5062 re,
3347 4996 3491 5070 ut_in_
3526 5010 3624 5070 qui

2050 5064 2317 5136 maxime]
2369 5064 2658 5138 scriptores
2720 5079 2946 5122 varent.
3016 5067 3274 5121 Eusebius
3302 5106 3317 5130 ,
3352 5067 3445 5138 _ab_
3482 5064 3629 5138 initio

2051 5142 2234 5195 tnundi
2259 5134 2424 5210 usque
2452 5134 2516 5193 ad
2544 5140 2893 5210 Jerosolyntm
2918 5138 3181 5210 excidium
3214 5138 3320 5210 solt
3350 5134 3628 5210 Nabucho-

2049 5213 2283 5266 donosor
2322 5201 2490 5263 annos
2541 5201 2787 5262 numerat
2837 5209 2999 5261 4610.
3052 5205 3256 5259 Ilehra-i
3310 5205 3359 5256 in
3417 5201 3628 5259 Seder-

2052 5282 2225 5334 ltolant
2282 5280 2443 5333 5558.
2494 5280 2636 5341 Nos,
2704 5294 2822 5330 eum
2872 5279 2921 5329 in
2975 5292 3033 5330 ea
3092 5291 3152 5329 re
3203 5273 3441 5328 nonnihil
3506 5290 3632 5339 ope-

2052 5367 2122 5404 rte
2171 5360 2314 5405 esset
2357 5358 2755 5416 consumptum,
2805 5362 2974 5400 aitnos
3024 5345 3424 5399 inveniebamus
3469 5345 3632 5401 3390.

2052 5428 2223 5488 Atque
2265 5423 2378 5475 huic
2399 5421 2465 5473 de
2494 5433 2756 5471 annorum
2804 5417 3032 5470 ratione.
3079 5416 3227 5481 Quod
3259 5429 3387 5488 vero
3413 5426 3631 5488 septua-

2050 5486 2192 5560 ginta
2238 5491 2357 5544 duas
2387 5494 2793 5560 generationes,
2844 5502 2936 5560 seu
2974 5490 3256 5560 progen’es
3294 5486 3364 5560 ab
3409 5486 3632 5560 exordio

2054 5554 2238 5615 lnundi
2269 5554 2437 5628 usque
2472 5561 2535 5612 ad
2560 5557 2822 5628 escidium
2856 5556 3206 5628 Jerosolyma:
3233 5554 3398 5628 fuisse
3423 5555 3529 5628 ait,
3549 5571 3635 5605 su-

2054 5631 2232 5697 spicor
2258 5625 2542 5684 lectionem
2575 5641 2692 5681 eSse
2716 5627 2973 5693 vitiatam,
2998 5636 3052 5680 et
3073 5625 3459 5697 quinquaginta
3501 5625 3633 5676 duas

2055 5693 2425 5767 generationes
2453 5698 2574 5771 poni
2603 5698 2822 5765 debere,
2846 5712 3037 5767 nempe
3059 5693 3185 5767 quot
3217 5695 3269 5750 in
3295 5693 3460 5761 Luca,
3483 5706 3635 5763 quot-
