4108 6178
479 278 574 333 ΝΠ

1510 267 1568 321 S.
1610 266 1854 345 lSlDORl
1899 266 2347 323 lllSPALENSlS
2379 264 2684 323 EPISCOPI

3637 268 3733 323 188

541 390 632 446 45.
660 387 717 443 in
745 387 1022 442 eversione
1056 383 1269 454 .Egypti
1305 382 1466 435 totius
1515 381 1693 434 mundi
1736 381 2048 435 idololatria:
2078 386 2128 444 Α
2154 381 2449 436 ineltr'atus
2476 391 2559 436 est
2589 380 2817 435 mundus
2848 379 3091 435 letbilero
3158 379 3470 435 idololatria:
3520 381 3732 436 haustu.

470 484 839 543 destruuntur,
860 477 1145 545 templique
1169 474 1376 528 Domini
1406 472 1688 526 aediﬁcatio
1712 473 2049 543 prtedicatur.

475 575 527 628 ln
560 572 883 627 contritione
915 568 1231 622 l‘ltilistbiim
1276 567 1448 619 luctus
1478 580 1663 619 eorum
1698 576 2049 629 monstratur,

471 669 559 737 qui
614 664 873 733 abijciunt
918 664 1099 730 jngnm
1145 660 1365 723 Christi,
1420 667 1473 712 et
1518 660 1725 712 elevant
1765 673 1823 712 se
1867 668 2051 713 contra

472 757 751 810 scientiam
782 754 892 805 Dei.
931 751 1093 803 Porro
1127 764 1218 816 per
1248 748 1558 800 Damascum
1595 746 1901 813 praedicatio
1924 762 2053 815 gen-

474 848 639 910 titnn,
693 854 747 899 et
795 842 944 895 ruina
997 839 1299 892 ostenditur
1351 837 1526 904 populi
1574 836 1899 889 Judmoutm.
1956 835 2055 888 Per

471 952 606 990 onus
636 932 797 988 maris
822 931 1016 984 deserti
1052 928 1210 996 hujus
1250 927 1429 980 saeculi
1464 926 1687 979 tentatio
1725 926 2053 990 declaratur,

470 1038 523 1081 et
552 1041 668 1093 quae
700 1024 773 1077 illi
808 1031 1026 1074 ventura
1059 1031 1180 1073 sunt
1209 1019 1586 1071 ostenduntur.

540 1115 629 1169 ιϐ.
664 1114 762 1167 Per
795 1113 1077 1166 ldumteam
1114 1109 1280 1161 oritur
1311 1108 1390 1160 sol
1436 1108 1659 1175 jllSlilim
1691 1106 1955 1173 gentium,
2002 1112 2055 1157 et

472 1208 705 1261 tenebrat
748 1205 961 1257 veniunt
1017 1200 1211 1269 populo
1258 1198 1584 1252 Judzeornm.
1645 1196 1745 1249 Per
1796 1195 2050 1248 Arabiam

474 1299 797 1367 praedicatur
828 1309 962 1362 aqua
995 1290 1335 1358 baptismatis
1377 1288 1659 1356 prznltenda
1704 1288 1766 1339 iis
1789 1289 1873 1354 qui
1901 1286 2053 1353 fuge-

476 1399 601 1445 runt
638 1387 870 1453 gentium
901 1398 1148 1447 errores,
1192 1382 1271 1434 vel
1306 1396 1487 1434 eorum
1524 1381 1897 1448 blasphetnias.
1957 1379 2057 1432 Per

473 1480 665 1533 vallem
697 1478 821 1531 Sion
859 1473 1084 1543 perditio
1131 1470 1450 1539 pra-dicatur
1486 1470 1804 1534 Jerusalem,
1857 1479 1911 1521 et
1943 1470 2055 1521 bte-

474 1570 783 1629 reticorum,
832 1564 923 1633 qui
953 1564 1019 1617 de
1064 1562 1386 1615 sublimitate
1422 1561 1677 1614 Ecclesia:
1724 1559 2054 1613 ceciderunt.

479 1661 579 1713 Per
608 1659 806 1725 Tyrum
836 1654 1082 1723 gentibus
1120 1653 1462 1719 praedicatur,
1513 1661 1593 1711 ut,
1643 1650 1825 1702 saeculi
1873 1662 2057 1702 errore

475 1750 743 1819 deposito,
778 1747 841 1799 ad
874 1746 1142 1798 Christum
1170 1742 1451 1795 Dominum
1484 1750 1885 1793 convertantur.

545 1842 634 1894 47.
669 1838 888 1904 Reliqua
922 1849 1045 1889 vero
1097 1835 1212 1900 ejus
1254 1834 1333 1887 vel
1362 1833 1428 1885 de
1459 1832 1691 1893 Christo,
1740 1831 1821 1884 vel
1853 1830 1919 1883 de
1952 1830 2052 1883 Ec-

476 1931 637 1986 Clesia
666 1928 899 1999 gentium
933 1937 1076 1989 sunt,
1104 1925 1220 1977 sive
1248 1924 1313 1976 de
1341 1926 1801 1975 consummatione
1848 1920 2055 1975 tnttntli.

482 2020 827 2088 Prophetavit
876 2027 1052 2069 autem
1097 2015 1251 2067 annis
1301 2013 1466 2067 ﬁrme
1509 2029 1613 2066 va
1643 2054 1657 2077 ,
1700 2012 1799 2064 sub
1848 2012 2062 2079 regibus

480 2121 704 2181 quatuor
733 2107 908 2175 Judar,
960 2106 1146 2160 οτίιίιιθ
1190 2113 1349 2173 atque
1395 2119 1589 2172 genere
1639 2102 1855 2155 sibimet
1904 2100 2064 2170 204

482 2198 924 2262 succedentibus,
966 2198 1015 2249 id
1057 2206 1158 2260 est,
1210 2196 1367 2261 Ozia,
1420 2193 1691 2255 Joatltan,
1741 2191 1948 2255 Acltaz,
1997 2192 2063 2244 ad

482 2291 726 2345 ultimum
775 2288 1039 2342 l'lzechia:
1081 2288 1180 2338 sub
1226 2301 1331 2354 quo
1382 2298 1501 2352 pars
1551 2298 1740 2351 magna
1782 2282 2064 2335 voluminis

487 2386 603 2453 ejus
632 2394 797 2450 usque
825 2378 891 2432 ad
922 2378 1123 2432 calcem
1157 2378 1351 2430 texitur
1380 2374 1696 2445 prophetiae.

1100 2468 1178 2522 De
1205 2468 1235 2520 ,Ι
1244 2469 1428 2521 eretnia

553 2563 645 2616 43.
674 2561 934 2618 Jeremias
962 2563 1242 2629 pr0pheta,
1282 2560 1372 2628 qui
1421 2559 1803 2628 interpretatur
1840 2557 2066 2612 excelsus

491 2655 975 2724 Domini,simplex
1021 2655 1073 2707 in
1115 2652 1403 2722 loquendo,
1454 2660 1510 2706 et
1556 2653 1620 2706 ad
1664 2651 2064 2720 intelligendum

483 2744 693 2808 facilis;
745 2745 831 2812 qui
874 2744 924 2797 in
973 2743 1220 2797 omnibus
1263 2741 1423 2795 dictis
1471 2749 1525 2795 et
1576 2741 1915 2811 passionibus
1955 2740 2067 2794 suis

490 2836 861 2905 lledemptoris
894 2834 1062 2888 nostri
1112 2834 1397 2902 imaginem
1446 2833 1701 2901 pra-tulit.
1759 2831 1875 2895 llic,
1922 2838 2071 2900 post-

485 2941 643 2995 quam
676 2924 727 2981 in
759 2933 885 2996 typo
916 2925 1108 2978 Christi
1140 2940 1297 2993 regna
1330 2923 1603 2978 destruxit
1629 2922 1820 2976 diaboli
1852 2962 1865 2987 ,
1912 2920 2071 2990 justi-

490 3020 680 3084 titeque
720 3021 798 3072 vel
838 3017 957 3072 ﬁdei
1002 3016 1283 3071 :vdiﬁeavit
1327 3015 1640 3083 imperium,
1690 3013 1910 3082 jubetur
1946 3028 2068 3082 pro-

2228 473 2317 529 5L
2351 474 2576 528 anetttr
2617 484 2670 527 et
2701 473 2965 543 projicere
3009 475 3061 527 in
3114 474 3443 542 Euphratem
3487 474 3734 529 volumen

2156 564 2314 633 lapidi
2356 566 2657 634 alligatum,
2709 564 2775 616 ad
2823 564 3297 617 demonstrandum
3330 564 3598 617 illlt'ri'ttltt
3631 565 3735 618 Ba-

2157 654 2385 723 bylonis,
2418 653 2502 706 Vel
2548 644 2839 721 ﬁguraliter
2873 653 3031 705 totius
3072 652 3275 706 mundi.
3308 652 3551 721 Increpat
3578 652 3736 707 etiam

2158 746 2550 811 delinquentes,
2577 754 2631 796 et
2656 743 2720 798 ad
2752 742 3155 797 conversionem
3187 756 3462 810 provocat.

2227 835 2316 887 52.
2350 835 2428 889 Ad
2461 835 2703 887 ultimum
2743 832 2942 901 plangit
2990 833 3196 885 ruinam
3224 832 3553 897 Jerusalem,
3606 842 3740 887 tern-

2160 926 2338 993 piique
2384 924 2677 987 excidium,
2733 932 2787 977 et
2824 922 3214 992 dispersionent
3254 925 3465 990 gentis;
3516 940 3741 992 qumque

2158 1030 2262 1067 non
2298 1024 2347 1067 ta
2373 1025 2497 1067 :lllllt
2528 1013 2925 1081 pra-nuntiavit.
2966 1014 3058 1067 sed
3088 1013 3247 1067 etiam
3283 1013 3561 1079 praesentia
3586 1015 3740 1069 vidit.

2160 1105 2390 1157 Exorsus
2411 1112 2491 1157 est
2520 1115 2695 1156 autem
2720 1103 3034 1156 duodecimo
3058 1118 3197 1155 anno
3230 1103 3389 1155 Josia:
3424 1107 3561 1172 regis
3583 1105 3735 1159 Jndtn

2161 1205 2493 1262 eolt‘lltpnl‘e
2533 1211 2637 1262 quo
2685 1206 2736 1249 et
2777 1195 2903 1248 Ultla
2938 1196 3133 1247 mulier
3184 1195 3572 1264 pr0pltetiaque
3620 1198 3742 1267 ejus

2159 1304 2253 1356 per
2277 1300 2501 1356 quatuor
2540 1302 2692 1357 reges
2721 1297 2936 1341 extensa
2963 1297 3064 1349 est,
3097 1287 3195 1339 sub
3216 1286 3381 1351 Josia,
3411 1296 3464 1339 et
3496 1288 3738 1353 Eliacitn,

2161 1388 2215 1431 et
2243 1378 2470 1439 Joacitn.
2508 1388 2562 1432 et
2598 1379 2756 1449 205
2792 1377 3037 1439 Sedecia,
3079 1376 3179 1429 sub
3209 1391 3314 1444 qtto
3344 1391 3522 1429 everszt
3547 1386 3630 1431 est
3656 1374 3742 1430 Je-

2163 1469 2421 1521 rusalem.
2472 1468 2637 1519 Annis
2669 1483 2809 1520 axx”
2839 1477 2893 1519 et
2938 1466 3106 1518 tribus
3155 1466 3428 1523 mensibus
3462 1467 3745 1534 propheta-

2162 1560 2257 1621 vit,
2288 1566 2512 1625 excepto
2546 1559 2636 1609 illo
2680 1569 2919 1623 tempore
2960 1571 3063 1624 quo
3105 1565 3223 1622 post
3253 1570 3497 1610 eversam
3528 1556 3745 1611 Jerusa-

2165 1650 2268 1703 lem
2300 1650 2352 1703 itt
2394 1650 2629 1719 Egypto
2658 1664 2776 1703 cum
2810 1649 3005 1715 popqu
3038 1647 3155 1700 fuit.

2741 1737 2815 1791 De
2847 1737 3135 1790 Ezechiele.

2235 1832 2323 1884 53.
2346 1831 2613 1895 Ezechiel,
2644 1830 2733 1899 qui
2756 1831 2804 1883 in
2824 1830 3067 1883 Latinum
3093 1830 3315 1883 vertitur
3336 1831 3582 1899 fortitudo
3614 1830 3741 1897 Dei,

2166 1925 2252 1976 ltic
2285 1925 2515 1989 ﬁgurans
2544 1922 2717 1990 typice
2746 1919 3039 1983 Christum,
3090 1931 3185 1971 stat
3216 1920 3363 1988 juxta
3390 1920 3606 1974 ﬂuvium
3637 1936 3743 1974 sa:-

2163 2017 2291 2078 cnli,
2324 2023 2378 2069 et
2411 2015 2665 2082 praeclara
2695 2022 2977 2067 contuetur
3009 2012 3285 2081 mysteria.

2237 2105 2325 2159 Si.
2356 2104 2539 2159 Cernit
2583 2104 2987 2158 similitudinem
3027 2106 3210 2173 gloriae
3248 2105 3359 2173 Dei,
3417 2113 3471 2159 et
3519 2114 3747 2174 quatuor

2165 2197 2416 2249 animalia
2460 2197 2510 2250 in
2544 2194 2943 2248 similitudinem
2975 2196 3392 2265 evangeliorum,
3440 2205 3492 2249 et
3522 2205 3665 2249 rotas
3688 2211 3746 2249 se

2168 2288 2396 2341 invicem
2423 2286 2759 2339 continentes
2792 2287 2840 2339 itt
2872 2295 2994 2355 typo
3019 2297 3478 2340 tes‘atnentorutn.
3512 2286 3660 2340 Videt
3692 2296 3744 2339 t-t

2166 2378 2429 2447 aurigam,
2485 2376 2536 2431 id
2588 2385 2690 2442 est,
2738 2376 3031 2439 Christum,
3078 2375 3327 2428 deorsum
3379 2376 3497 2445 igne
3538 2375 3743 2443 jutlit-ii,

2167 2483 2377 2522 sursum
2405 2466 2615 2531 electri,
2650 2465 2698 2517 id
2728 2475 2830 2529 est,
2865 2464 2951 2517 div
2980 2466 3159 2517 uitatis
3194 2465 3394 2533 fulgore
3424 2468 3749 2519 rutilantem.

2167 2558 2410 2614 Comedit
2432 2571 2644 2625 quoque
2668 2555 2858 2609 librum
2890 2543 3080 2609 divina:
3105 2555 3257 2623 legis,
3291 2556 3343 2610 in
3366 2573 3470 2625 quo
3494 2566 3749 2627 scriptum

2168 2657 2251 2705 est
2280 2651 2570 2703 lamentutn
2602 2646 2992 2715 pmnitentium,
3023 2651 3078 2700 'et
3108 2660 3323 2700 cat-men
3363 2646 3646 2715 iustorum,
3698 2658 3753 2702 et

2170 2755 2251 2793 va:
2277 2754 2461 2793 eorum
2493 2738 2580 2808 qtti
2622 2744 2741 2807 post
2764 2744 3035 2805 peccatum
3068 2736 3437 2805 ptenitentiatn
3471 2753 3576 2793 non
3614 2753 3739 2808 ege-

2173 2838 2317 2884 runt.

2246 2920 2335 2977 55.
2372 2922 2573 2976 Dehinc
2602 2921 2795 2990 accipit
2838 2920 3082 2988 laterem,
3127 2922 3179 2975 in
3210 2938 3315 2991 quo
3353 2924 3571 2979 obsessa
3598 2921 3753 2977 Jeru-

2173 3017 2338 3073 salem
2374 3016 2577 3085 pictura
2607 3015 2954 3080 describitur,
2986 3017 3065 3070 vel
3093 3016 3145 3070 in
3178 3030 3285 3086 quo
3315 3015 3415 3070 sub
3444 3025 3568 3087 typo
3596 3016 3752 3071 Chri—

485 3106 705 3174 phetare
728 3120 887 3175 super
920 3119 1106 3158 omnes
1142 3112 1348 3173 gentes,
1401 3103 1690 3174 Egyptutn
1722 3102 1967 3157 videlicet
2015 3110 2068 3157 et
2096 3114 2143 3176 ο
2181 3107 2246 3162 sti
2274 3106 2511 3175 ejusdem
2541 3103 2862 3171 Jerusalem,
2914 3105 2966 3159 id
2995 3114 3099 3173 est,
3137 3107 3297 3160 totius
3323 3106 3602 3172 Ecclesiae,
3631 3122 3753 3177 qua:

489 3197 821 3261 Palaestinos,
870 3196 1023 3249 Moab
1051 3208 1102 3249 et
1131 3194 1356 3249 Ammon
1377 3237 1392 3262 ,
1438 3196 1605 3250 Edom
1638 3207 1691 3250 et
1728 3197 2066 3260 Damascum,

488 3299 542 3344 et
569 3290 762 3353 Cedar,
790 3297 843 3342 et
862 3303 1023 3357 super
1042 3302 1208 3357 regna
1225 3290 1414 3353 Assur,
1446 3303 1656 3342 necnon
1687 3303 1848 3357 super
1875 3285 2066 3353 llelan,

491 3396 544 3438 ct
578 3384 940 3455 Babyloniam.

560 3478 648 3531 40.
680 3478 821 3531 Inter
868 3476 980 3530 inec
1008 3482 1183 3528 autem
1226 3473 1367 3527 videt
1413 3472 1613 3540 virgam
1658 3470 1959 3539 vigilantem
1991 3468 2071 3522 di-

491 3573 629 3623 vitae
662 3567 1014 3634 correptionis
1060 3577 1112 3619 et
1158 3563 1451 3630 potestatis.
1495 3564 1663 3616 Ollam
1700 3576 1911 3630 quoque
1940 3574 2071 3612 sne-

490 3675 730 3723 censam,
783 3659 833 3712 id
873 3667 978 3721 est,
1028 3656 1302 3709 Jndaicarn
1346 3653 1553 3722 plebem
1603 3654 1724 3721 igne
1775 3651 2067 3705 carnalium

494 3749 884 3804 desideriorum
933 3745 1234 3799 ardentem.
1293 3742 1497 3809 ASpiCil
1541 3752 1595 3794 et
1641 3740 1776 3795 duos
1812 3741 2072 3809 c0phinos

493 3841 712 3894 licorum
743 3838 796 3891 iit
827 3836 1255 3906 praeﬁguratione
1279 3835 1503 3888 duorum
1536 3832 1873 3900 populorum.

564 3932 654 3984 50.
682 3928 965 3983 Descendit
995 3927 1129 3981 etin
1162 3926 1376 3979 domum
1426 3924 1588 3992 ﬁguli,
1629 3931 1685 3975 et
1732 3922 1875 3975 videt
1915 3922 2073 3975 dimi-

496 4022 767 4073 nutionem
800 4017 943 4071 vasis
988 4016 1199 4083 prim-is,
1249 4023 1303 4069 et
1350 4014 1472 4067 novi
1528 4013 1965 4067 instaurationem
2005 4012 2069 4065 atl

494 4109 879 4177 designandum
911 4106 1177 4159 defectum
1229 4104 1421 4173 prioris
1454 4105 1655 4172 populi,
1704 4104 2076 4158 etsuccessio-

497 4216 617 4253 netn
662 4198 842 4250 futuri.
893 4196 1069 4249 Sumit
1114 4195 1273 4249 etiam
1316 4197 1535 4247 calicem
1581 4194 1866 4261 supplicii,
1916 4204 2073 4262 atque

497 4288 761 4343 universis
790 4287 1036 4356 gentibus
1067 4287 1304 4354 porrigit.
1344 4285 1549 4353 Accipit
1586 4296 1641 4338 et
1688 4285 1931 4339 lumbare
1977 4287 2075 4341 sub

498 4379 744 4445 exemplo
770 4378 945 4447 pepuli
978 4377 1305 4438 Judteorunt,
1339 4384 1498 4444 atque
1533 4378 1883 4443 putrefactum
1913 4376 2077 4445 proji-

2174 3205 2258 3251 est
2285 3212 2314 3249 e
2347 3197 2516 3250 latere
2544 3194 2741 3249 Christi
2770 3194 3020 3264 formata,
3072 3198 3323 3265 mysteria
3355 3196 3750 3251 describuntur.

2172 3286 2328 3354 Capit
2354 3294 2409 3340 et
2435 3285 2521 3341 hic
2574 3286 2831 3354 prOpheta
2879 3288 3147 3340 somnium
3192 3288 3396 3343 sinistri
3446 3288 3649 3353 lateris,
3698 3289 3750 3342 itt

2176 3386 2304 3447 typo
2333 3379 2518 3430 mortis
2550 3388 2907 3447 peccatorum,
2940 3380 3026 3446 qui
3057 3380 3122 3432 ad
3156 3378 3345 3434 larvam
3378 3380 3532 3451 positi
3552 3390 3751 3435 aterna

2176 3469 2441 3537 ευιψιὶοἰει
2474 3470 2849 3523 sustinebunt:
2875 3485 2938 3524 ac
2956 3470 3169 3523 demum
3192 3485 3221 3523 a
3248 3472 3470 3526 sinistro
3493 3473 3544 3527 in
3560 3472 3753 3526 dextro

2181 3561 2351 3615 latr-re
2374 3560 2609 3614 dormire
2639 3560 2851 3629 jubetur
2884 3571 3099 3629 propter
3125 3576 3273 3629 spem
3313 3578 3498 3616 eorum
3527 3562 3617 3632 qui
3660 3577 3755 3630 per

2178 3651 2527 3706 mutationem
2555 3665 2762 3705 morum
2813 3653 3222 3706 resurrectionis
3266 3652 3487 3722 gloriam
3542 3652 3753 3706 obtine-

2176 3744 2327 3798 bunt.
2362 3744 2563 3812 Aspicit
2595 3744 2800 3798 interea
2833 3752 2888 3797 et
2928 3745 3057 3797 duas
3088 3744 3261 3812 virgas
3298 3743 3511 3798 sibimet
3538 3744 3754 3812 Copula-

2178 3844 2279 3899 tas,
2331 3836 2383 3889 itt
2438 3835 2834 3889 similitudinem
2884 3837 3342 3902 circumcisionis,
3385 3842 3441 3889 et
3485 3837 3751 3904 gentium.

2177 3928 2291 3981 sive
2320 3928 2549 3997 aquilam
2584 3928 2685 3981 sub
2713 3928 3224 3991 Nabuchodonosor,
3256 3929 3401 3982 velut
3429 3928 3751 3981 Anticltris:i

2179 4019 2368 4087 ﬁgura,
2404 4020 2608 4087 magnis
2638 4020 2756 4081 alis,
2790 4026 2841 4071 et
2870 4019 3070 4073 volucri
3090 4018 3361 4071 celeritate
3386 4016 3547 4072 totius
3567 4016 3755 4070 mundi

2178 4111 2397 4175 itnperta
2432 4119 2800 4177 ocCUpantetn.

2248 4202 2337 4253 56.
2398 4200 2600 4268 Plangit
2656 4211 2908 4269 pra-terea
2970 4199 3269 4268 subspecie
3321 4199 3576 4269 principis
3628 4198 3753 4269 Tyri

2179 4291 2557 4344 beat‘tudinetn
2589 4292 2810 4355 diaboli,
2862 4307 3019 4360 quam
3059 4293 3259 4356 amisit,
3311 4302 3367 4347 et
3405 4294 3608 4346 ruinam
3639 4292 3757 4360 ejus

2182 4396 2428 4448 magnam
2457 4379 2658 4451 ποντα,
2690 4380 2902 4451 magna]
2930 4396 3047 4433 cum
3080 4382 3461 4435 lamentatione
3491 4382 3753 4451 deplorat.

500 4470 574 4521 cit
626 4468 750 4523 illud
806 4469 859 4522 in
908 4469 1292 4536 dispersionem
1350 4478 1499 4521 trans
1547 4467 1764 4520 ﬁumina
1812 4469 2073 4535 gentium.
2112 4484 2150 4538 ί)
2182 4474 2258 4525 Ad
2291 4474 2556 4537 ultimum,
2589 4475 2904 4527 arundfnem
2937 4474 3017 4527 vel
3051 4474 3340 4527 funiculum
3374 4486 3590 4542 gestans
3644 4488 3758 4527 tne-

497 4560 745 4613 Ostendit
788 4566 841 4613 et
889 4560 1107 4613 calicem
1152 4573 1372 4611 aureum
1422 4556 1731 4627 Babylonis,
1778 4572 1872 4623 per
1917 4574 2074 4627 quem

496 4702 638 4761 Σιὼν,
674 4699 723 4749 id
765 4706 866 4759 est,
913 4695 1115 4747 verbum
1138 4694 1285 4747 vallis
1315 4692 1464 4755 Sion,
1515 4707 1617 4760 quo
1648 4692 1764 4745 loco
1809 4706 2071 4761 suspicor,

496 4770 804 4821 lletiraicatn
836 4768 1138 4827 lectionem,
1191 4775 1245 4818 ut
1277 4768 1327 4817 itt
1356 4763 1621 4832 plerisque
1662 4762 1782 4814 aliis
1816 4763 1967 4824 locis,
2008 4765 2073 4816 ab

495 4840 713 4906 antiquo
742 4851 860 4889 esse
908 4845 1183 4906 tnntatattt,
1237 4844 1295 4889 et
1330 4850 1426 4902 pro
1463 4840 1612 4906 Πνῖη
1643 4840 1733 4891 tet:
1774 4839 1832 4882 ttt
1880 4833 2075 4906 habent

497 4903 718 4961 Codtces
748 4904 987 4959 Hebraici
1030 4907 1129 4957 hoc
1171 4915 1429 4972 tempore,
1471 4911 1526 4957 et
1557 4904 1931 4971 Hieronymus,
1972 4903 2070 4957 Se-

501 4981 775 5056 ptuaginta
804 4978 994 5061 legiSse
1036 4982 1179 5061 Tt?er
1210 4985 1302 5033 ut:
1332 4975 1467 5026 facili
1487 4975 1637 5061 inter
1667 4988 1725 5061 se
1776 4972 2068 5061 littetzaruttt

502 5042 919 5115 permutatione,
967 5042 1133 5100 lec'tio
1182 5044 1499 5115 commutari
1544 5042 1753 5109 potuit;
1788 5044 2069 5115 sententia

500 5110 602 5171 iton
626 5118 903 5171 desimilis
942 5125 1044 5179 est,
1087 5130 1207 5167 cum
1242 5114 1409 5166 llabbi
1440 5115 1655 5167 Salonio
1700 5122 1754 5163 et
1786 5110 1950 5162 llabbi
1980 5112 2082 5164 Da-

502 5192 587 5240 vid
619 5187 819 5251 Kimlti,
852 5185 1256 5239 commentariis
1279 5186 1342 5235 ad
1372 5199 1492 5236 eum
1528 5184 1723 5244 locum,
1753 5182 2084 5234 contendant

504 5269 681 5311 valent
730 5258 797 5310 de
845 5256 981 5309 valle
1029 5255 1189 5318 Sion,
1240 5265 1397 5322 atque
1447 5252 1781 5322 Jerosolyma
1831 5264 1951 5303 esse
1996 5254 2078 5305 lo-

502 5338 701 5380 cntum.
749 5328 890 5379 Man.

577 5397 667 5449 45.
708 5394 821 5448 Jatn
861 5396 986 5448 alibi
1019 5393 1200 5447 monui
1249 5394 1300 5444 in
1331 5402 1474 5445 textu
1501 5391 1683 5445 Crialii
1733 5393 1841 5445 fere
1869 5405 2079 5459 semper

499 5465 742 5519 taolatria
773 5466 930 5517 scribi
960 5479 1053 5531 pro
1082 5464 1395 5515 idololatria.
1443 5465 1611 5514 Antzv.

576 5538 664 5591 47.
700 5530 1025 5603 Prophetarit
1048 5547 1213 5586 autem
1237 5535 1385 5585 annis
1414 5534 1577 5602 ferme
1609 5548 1730 5585 Lxx.
1761 5532 1901 5596 Quot
1923 5530 2076 5583 annis

501 5606 694 5675 singuli
723 5605 995 5675 preplteta:
1027 5605 1297 5675 vaticinati
1328 5607 1457 5667 sint,
1493 5604 1628 5675 haud
1651 5610 1971 5675 promptum
1996 5610 2077 5675 est

502 5672 795 5745 explicare.
835 5672 889 5729 In
934 5673 1147 5728 Eusebii
1175 5674 1464 5734 Chronico,
1523 5673 1621 5726 nisi
1650 5673 1795 5727 locus
1816 5681 1899 5727 est
1924 5673 2078 5725 vitia-

2185 4566 2312 4619 titur
2338 4566 2437 4619 sub
2460 4566 2636 4634 specie
2657 4574 2961 4620 sanctorum
2988 4565 3212 4633 mystice
3238 4564 3557 4618 Jerusalem.

2182 4705 2283 4761 tus,
2316 4697 2382 4750 ab
2416 4698 2564 4750 initio
2593 4697 2822 4750 vaticinii
2854 4697 3001 4749 Isaiae
3029 4710 3193 4763 usque
3218 4695 3283 4747 ad
3316 4694 3429 4763 ejus
3461 4694 3755 4763 interitum,

2179 4780 2389 4820 eentutn
2421 4767 2587 4821 ferme
2615 4768 2736 4819 anni
2761 4768 3059 4819 elabuntur.
3114 4762 3295 4833 Neque
3323 4762 3494 4817 tninor
3537 4772 3620 4817 est
3648 4762 3756 4815 dii-

2180 4839 2389 4892 ﬁcultas
2421 4841 2471 4891 itt
2501 4838 2753 4899 Jeremia,
2782 4851 2938 4903 quem
2981 4837 3210 4889 Isidorus
3237 4850 3392 4887 annis
3424 4848 3564 4887 Lutt
3597 4842 3649 4886 et
3671 4835 3773 4884 tri—

2180 4910 2277 4961 bus
2308 4910 2579 4961 mensibus
2609 4913 2952 4974 prttplletasse
2978 4907 3071 4967 ait,
3114 4914 3167 4958 et
3190 4907 3434 4972 SUSpicor
3465 4904 3759 4957 velit-mell-

2183 4988 2259 5030 ter
2290 4978 2463 5030 locum
2496 4994 2615 5030 esse
2644 4987 2971 5043 corruptum.
3028 4976 3156 5028 Nam
3193 4976 3566 5042 Hieronymus,
3608 4987 3765 5043 corn-

2181 5059 2346 5100 ment.
2378 5049 2441 5099 ad
2473 5062 2486 5099 t
2521 5048 2637 5114 ejus
2675 5041 2946 5115 pI'Oplteitl‘
2978 5060 3120 5111 cap.,
3173 5060 3277 5096 uno
3320 5058 3368 5096 et
3400 5041 3757 5111 quadraginta

2183 5118 2337 5169 annis
2387 5120 2731 5170 vaticinatum
2780 5132 2898 5170 esse
2939 5117 3043 5180 ait,
3101 5129 3289 5181 praeter
3337 5115 3464 5167 illud
3519 5122 3755 5175 tempus,

2181 5188 2612 5257 qttandordttctus
2639 5199 2719 5239 est
2746 5188 2800 5239 itt
2845 5186 3130 5253 Aigyptuttt
3158 5200 3190 5257 ;7
3212 5200 3276 5237 ex
3331 5183 3557 5257 Eusebii
3585 5183 3754 5234 Cltro-
3802 5196 3821 5257 χ

2183 5252 2322 5319 uiro,
2365 5256 2433 5308 ab
2478 5257 2625 5309 initio
2664 5252 3245 5321 Jeremiae’pmpltetiie
3286 5269 3454 5319 usque
3495 5252 3560 5304 ad
3598 5265 3756 5304 ever-

2180 5342 2293 5377 satn
2325 5326 2646 5390 Jerusalem,
2676 5327 2993 5392 colliguntur
3016 5341 3134 5376 anm
3166 5338 3285 5376 ην.
3316 5326 3453 5377 Man.

2252 5394 2339 5448 δυ.
2376 5398 2767 5455 Uintinuttapem
2801 5398 2931 5446 vasi:
2960 5396 3164 5459 prioris.
3211 5394 3620 5445 Diminutionem
3661 5403 3758 5456 pro

2181 5465 2598 5519 connninutione
2622 5466 2774 5526 dixit,
2805 5465 2953 5532 juxta
2988 5466 3114 5516 illttd
3150 5464 3383 5517 Terentii
3414 5481 3427 5515 :
3458 5462 3759 5515 Diminuam

2180 5550 2271 5603 ego
2296 5543 2454 5603 caput
2492 5545 2638 5587 tuum
2665 5536 2837 5598 hodie,
2868 5536 2965 5586 nisi
2988 5535 3116 5585 abis.
3147 5534 3285 5586 Man.

2370 5601 2485 5675 AL,
2506 5616 2680 5675 typum
2706 5606 2880 5658 mortis
2903 5620 2921 5655 :
2945 5616 2996 5659 et
3027 5605 3325 5659 Antichristi
3346 5604 3585 5674 ﬁguram.
3613 5601 3754 5655 Msa.
