4104 6172
340 248 442 299 ν1ί⁷ἴθ

1266 239 1331 294 131
1373 239 1499 294 LIB.
1542 239 1703 294 VET.
1748 240 1832 293 ET
1874 236 2025 292 NOV.
2069 233 2364 292 TESTAM.
2408 235 2769 292 PRCG‘SNIIA.

3523 240 3619 296 171)

406 357 496 411 57.
527 354 670 409 lnlrr
704 355 817 407 lace
856 353 1081 424 mystica
1126 352 1339 423 sulijicit
1380 352 1625 423 qttmdam
1676 354 1921 417 moralia,
1954 360 1999 413 Α
2034 352 2233 414 tentiis,
2266 361 2320 406 et
2345 353 2623 418 onerosior
2653 351 2946 404 intellectu.
2979 350 3081 406 lste
3103 351 3169 406 ad
3199 366 3289 407 eas
3319 354 3487 408 tribus
3504 372 3621 423 quae

333 451 498 503 falsos
546 448 865 501 criminatur
908 446 1226 515 prophetas,
1279 453 1442 512 atque
1492 446 1923 514 speculatoribus

331 541 575 609 praecipit
603 554 667 592 ne
699 538 958 591 reticeant
986 537 1268 590 malitiam.
1300 535 1539 603 Quatuor
1566 538 1725 589 etiam
1762 537 1923 588 ultio-

331 647 459 684 num
511 644 700 698 pmnas
757 629 1125 697 peccatoribus
1166 627 1442 695 prmdicat,
1497 628 1807 695 animasque
1838 644 1923 679 re-

329 725 445 775 dire
472 722 537 774 ad
562 734 787 786 corpora
803 735 897 773 sua
918 719 1218 788 prophetat.
1244 718 1490 772 Ostendit
1513 734 1723 787 quoque
1747 736 1930 771 unum-

324 828 601 882 quemque
632 812 793 882 206
818 826 913 878 pro
943 825 1002 864 se
1031 809 1292 863 rationem
1314 809 1542 862 Domino
1570 810 1923 872 redditurum,

326 920 423 957 nec
455 904 509 956 in
554 902 864 972 progeniem
898 916 1054 970 posse
1084 901 1223 954 ultra
1256 899 1478 953 dill'undi
1513 900 1684 953 labem
1711 903 1919 969 paterni

323 998 532 1050 deltcli.

397 1085 490 1140 58.
524 1086 788 1153 Objurgat
819 1084 958 1137 inter
1000 1082 1115 1137 haec
1155 1083 1254 1137 sub
1282 1082 1434 1137 Oolla
1474 1092 1527 1136 et
1567 1080 1769 1135 Oolliba
1809 1096 1926 1133 om-

322 1196 452 1235 nem
487 1178 872 1246 turpitudinem
904 1176 1162 1231 Samaria:
1202 1185 1256 1229 et
1279 1174 1615 1236 Jerusalem;
1668 1174 1923 1226 nativita-

322 1283 544 1340 tcmque
583 1270 772 1337 objicit
816 1268 1283 1322 couttnueliosam.
1326 1270 1480 1332 Saepe
1509 1267 1668 1319 etiam
1717 1266 1781 1318 ad
1808 1280 1924 1335 p03-

322 1365 611 1415 nitentiam
642 1361 880 1427 captivos
910 1369 1157 1426 proment
1200 1359 1444 1427 popuIOs,
1473 1367 1527 1410 et
1551 1365 1670 1423 post
1700 1371 1912 1423 praeva-

319 1456 640 1509 ricationem
680 1453 931 1507 admonet
966 1453 1219 1520 populum
1253 1452 1427 1505 redire
1457 1465 1797 1504 Conversum.
1828 1450 1924 1503 llic

318 1557 506 1597 autem
540 1546 711 1598 :ctatis
740 1559 851 1597 sum
879 1559 1019 1595 anno
1048 1542 1141 1603 55,
1181 1551 1237 1595 et
1275 1542 1596 1611 captivitatis
1634 1542 1820 1609 quinto
1869 1543 1919 1595 in

317 1638 581 1693 Chaldaea
637 1638 890 1692 exsulans
948 1634 1335 1705 prpphetavit:
1380 1635 1561 1700 ibique
1613 1634 1921 1689 vaticinium

316 1730 741 1785 conatimmavit.

951 1821 1026 1876 De
1056 1821 1286 1875 Daniele.

390 1916 488 1971 59.
524 1914 736 1975 Daniel.
767 1914 854 1981 qui
888 1914 1264 1981 interpretatur
1284 1911 1539 1980 judicium
1570 1910 1685 1978 Dei,
1726 1911 1920 1979 quique

316 2006 488 2061 etiam
518 2004 587 2059 de
608 2004 824 2057 Christo
846 2010 1157 2057 cunctorum
1184 2000 1513 2055 manifesﬁor
1541 2000 1918 2070 praphetarum

314 2108 426 2151 est.
457 2096 697 2165 Denique
734 2098 838 2149 iste
877 2110 981 2147 non
1026 2092 1197 2147 solum
1245 2101 1529 2147 venturum
1581 2092 1918 2159 praedicavit,

318 2200 375 2243 ut
409 2191 617 2255 ueteri,
648 2189 740 2243 sed
772 2190 929 2242 etiam
958 2200 1009 2242 et
1051 2197 1262 2250 tempus
1294 2187 1681 2241 incarnationis
1713 2196 1768 2241 et
1800 2203 1920 2257 pas-

318 2283 495 2335 sionis
528 2297 623 2349 per
653 2280 897 2333 ordinem
927 2295 1109 2347 regum
1140 2289 1196 2332 et
1226 2294 1511 2351 numerum
1544 2278 1785 2333 delinivit
1825 2294 1921 2332 an-

317 2392 542 2439 norum,
586 2376 657 2427 ita
689 2382 746 2427 ut
779 2372 957 2441 patius
995 2387 1099 2425 non
1139 2372 1383 2426 videatur
1428 2370 1662 2425 futurum
1722 2371 1919 2439 praedi-

314 2480 473 2531 cere,
507 2467 601 2520 sed
635 2464 783 2533 quasi
809 2472 1075 2518 transacta
1100 2477 1336 2517 narrare.
1373 2464 1469 2516 llic
1494 2474 1671 2516 autem
1694 2473 1923 2533 quatuor

316 2574 619 2629 regnorum
645 2558 820 2610 cernit
848 2554 1183 2626 frequentius
1212 2554 1471 2621 visiones,
1502 2569 1796 2624 eorumque
1819 2554 1925 2609 dif-

314 2650 585 2705 ferentias
613 2649 713 2701 sub
738 2648 965 2702 diversis
994 2646 1312 2715 imaginibus
1342 2645 1666 2700 intromittit.

387 2745 484 2799 60.
528 2743 604 2797 De
652 2742 982 2797 Antichristo
1028 2756 1241 2810 quoque
1271 2740 1505 2795 ostendit
1535 2741 1673 2809 quod
1704 2740 1819 2810 ipse
1855 2741 1923 2795 sit

315 2852 497 2891 cornu
534 2835 811 2905 pusillum,
840 2834 891 2886 id
924 2843 1026 2898 est,
1087 2847 1254 2902 parvo
1294 2844 1537 2902 tempore
1582 2842 1916 2902 regnaturus,

322 2945 369 2983 i-
412 2938 505 2991 et,
556 2929 745 2983 decem
803 2927 1015 2995 regibus
1064 2926 1404 2995 subiugatis,
1446 2927 1591 2979 solus
1640 2927 1923 2995 postremis

316 3021 661 3088 temporibus
713 3028 1050 3087 regnaturus.
1080 3022 1119 3088 ἶ
1161 3018 1237 3073 De
1272 3020 1733 3074 consummatione
1761 3018 1917 3073 Jeru-

2037 455 2297 499 vocantur
2346 444 2598 513 Ephraini
2655 452 2709 494 et
2762 442 3026 505 Samaria,
3072 443 3291 497 domum
3328 443 3525 514 Joseph
3570 458 3622 501 et

2034 538 2215 601 Israel,
2249 535 2505 605 loquitur,
2539 535 2630 589 sed
2661 550 2755 601 prr
2802 534 3055 600 Ephraim
3110 535 3394 589 haereticos
3424 538 3622 600 arguit,

2032 630 2120 698 qui
2149 630 2465 683 recedentes
2496 628 2563 679 ab
2622 626 2874 680 Ecclesice
2897 627 3121 694 unitate,
3168 629 3453 699 participes
3496 630 3619 684 facti

2030 730 2153 773 sunt
2183 720 2464 773 idolorum.

2102 813 2191 865 63.
2230 811 2329 865 Per
2356 810 2648 863 Samariam
2682 818 2857 863 autem
2906 808 3215 862 earumdem
3248 810 3621 866 hmretimruttt

2029 903 2361 956 demonstrat
2404 902 2647 971 ﬁguram,
2677 902 2768 967 qui
2821 913 3213 971 przeceptorum
3246 904 3337 957 Dei
3359 906 3616 960 custodes

2028 1010 2149 1048 e-:se
2188 996 2539 1057 mentiuntur,
2581 1004 2635 1047 et
2667 996 2765 1047 sub
2797 1004 3065 1059 praetextu
3103 996 3343 1051 veritatis
3388 1000 3613 1051 menda-

2030 1086 2171 1139 cium
2196 1087 2395 1139 colunt.
2425 1087 2521 1140 llic
2553 1087 3132 1141 historialiterJudmns
3168 1089 3220 1142 in
3247 1089 3462 1143 Christo
3495 1094 3621 1145 ulti-

2029 1192 2117 1228 mo
2143 1187 2383 1242 tempore
2400 1178 2702 1231 credituros
2731 1180 3119 1247 pronuntiavit.
3149 1181 3386 1237 Tertium
3408 1200 3623 1253 quoque

2031 1269 2444 1321 resurrectionis
2476 1268 2761 1323 dominica:
2812 1272 2953 1325 diem
2982 1272 3251 1340 praedixit.
3280 1274 3622 1343 Prophetavit

2027 1368 2207 1409 autem
2237 1358 2287 1410 in
2310 1357 2503 1411 diebus
2536 1360 2683 1413 Ozias
2725 1360 2868 1428 regis
2896 1361 3054 1429 Juda,
3078 1364 3193 1419 sive
3221 1364 3507 1421 Jeroboam
3538 1382 3622 1422 re-

2027 1447 2107 1517 gis
2142 1447 2321 1512 lsrael,
2355 1449 2569 1517 quando
2598 1460 2650 1503 et
2680 1450 2863 1504 Isaias.

2695 1562 2768 1616 De
2792 1562 2956 1617 Joelc.

2100 1673 2187 1728 64.
2217 1674 2331 1730 Joel
2360 1676 2635 1745 propheta,
2668 1678 2757 1745 qui
2790 1676 3172 1747 interpretatur
3199 1678 3465 1750 incipiens.
3494 1681 3617 1748 Iste,

2025 1769 2089 1821 ad
2113 1768 2303 1824 Judam
2337 1779 2541 1823 tantum
2574 1782 2625 1823 et
2656 1770 2951 1824 Jerusalem
2979 1770 3290 1825 vaticinium
3318 1770 3612 1841 proferens,

2025 1860 2077 1915 in
2094 1861 2353 1930 principio
2370 1862 2450 1914 sui
2478 1860 2785 1927 voluminis,
2809 1870 2927 1929 post
2948 1861 3262 1930 voluptuosa
3285 1865 3528 1917 convivia
3544 1864 3608 1916 ad

2022 1952 2223 2007 lui-tum
2254 1963 2512 2023 provocat
2553 1952 2875 2019 Jerusalem,
2906 1954 3285 2024 excidiumque
3327 1954 3441 2021 ejus
3488 1972 3607 2025 pru-

2024 2047 2256 2099 nuntiat.
2294 2047 2559 2100 Piaedicat
2614 2061 2831 2115 quoque
2883 2048 3220 2102 vocationem
3271 2049 3532 2118 gentium,
3560 2060 3615 2105 et

2022 2152 2184 2205 super
2204 2148 2555 2207 congregatos
2570 2137 2852 2193 credentes
2878 2151 3324 2208 superventurum
3354 2142 3611 2209 Spiritum

2024 2236 2291 2281 sanctum.
2320 2226 2667 2296 Prophetavit
2696 2240 2876 2283 autem
2905 2230 3004 2283 sub
3032 2229 3278 2285 Joatham
3309 2247 3433 2302 rege
3455 2232 3612 2299 Juda,

2022 2317 2236 2385 quando
2261 2326 2314 2371 et
2339 2317 2609 2371 Michmas.

2669 2433 2745 2486 De
2794 2436 2969 2488 Amos.

2094 2546 2184 2604 6'5.
2214 2548 2397 2612 Amos,
2428 2547 2519 2616 qui
2565 2549 2941 2619 interpretatur
2986 2568 3133 2615 onus,
3194 2553 3503 2609 vaticinavit
3555 2555 3608 2609 in

2024 2641 2321 2699 Samariam
2369 2651 2425 2696 et
2461 2642 2777 2708 Jerusalem,
2810 2647 2909 2697 tria
2938 2654 2992 2698 et
3013 2654 3241 2714 quatuor
3261 2647 3463 2701 scelera
3494 2663 3614 2718 gen-

2023 2736 2153 2788 tium
2182 2734 2284 2789 sub
2326 2736 2487 2789 totius
2546 2734 2726 2789 mundi
2781 2734 2943 2804 ﬁgura
2999 2736 3332 2792 describens.
3374 2737 3609 2792 Primum

2024 2828 2201 2896 itaque
2228 2828 2425 2892 scelus,
2451 2827 2571 2895 quia
2599 2842 2786 2881 omnes
2810 2832 2860 2880 in
2908 2827 3075 2881 Adam
3112 2841 3484 2896 peccaverunt.
3514 2832 3611 2887 Se-

2024 2921 2288 2988 cundum,
2348 2921 2471 2987 quia
2520 2919 2733 2974 insitam
2793 2931 2998 2975 natura:
3041 2921 3206 2988 legem
3262 2922 3611 2978 immemores

2024 3011 2251 3067 rationis
2301 3013 2595 3083 208nm
2654 3011 3053 3067 intellexerunt.
3105 3012 3344 3068 Tertium
3397 3029 3607 3083 quoque

312 3113 496 3165 saleni
552 3109 638 3163 vel
671 3110 852 3161 mundi
895 3109 1045 3177 plura
1085 3109 1290 3175 scribit,
1344 3110 1461 3163 sive
1500 3110 1569 3163 de
1597 3110 1686 3164 die
1711 3109 1921 3178 judicii,
1951 3102 1997 3164 C
2026 3122 2210 3162 eorum
2238 3110 2325 3175 qui
2357 3107 2497 3161 data:
2526 3106 2626 3175 legi
2649 3122 2753 3159 non
2804 3106 3139 3161 obedierunt.
3164 3107 3423 3174 Quartum
3456 3109 3606 3164 inex-

314 3212 368 3254 rt
410 3216 586 3269 regno
612 3208 939 3252 sanctorum.
995 3198 1052 3251 In
1082 3198 1185 3251 line
1227 3209 1405 3253 autem
1452 3198 1743 3254 voluminis
1791 3214 1917 3268 pro-

317 3296 519 3362 phetize
561 3307 674 3345 sua:
708 3292 966 3344 Susanna:
1017 3289 1294 3342 historiam
1350 3300 1403 3345 et
1444 3288 1587 3344 Belis
1635 3290 1917 3346 draconis-

315 3401 422 3454 que
449 3384 665 3438 fabulas
696 3382 863 3451 punit.

394 3478 490 3531 61.
530 3476 628 3530 liic
656 3487 837 3529 autem
869 3477 1002 3530 liber
1032 3475 1172 3541 apud
1203 3474 1456 3527 Hebraeos
1484 3474 1760 3529 Hebraicis
1789 3474 1910 3541 qui-

317 3568 444 3622 dem
474 3567 695 3629 litteris,
728 3566 885 3636 207
918 3564 1011 3619 sed
1035 3564 1319 3619 Chaldaica
1346 3564 1522 3635 lingua
1552 3569 1785 3633 scriptus
1805 3571 1907 3617 est.

319 3657 676 3728 Prophetavit
706 3669 884 3711 autem
944 3655 997 3710 in
1046 3656 1359 3726 Babylone,
1412 3657 1625 3727 quando
1670 3666 1723 3710 et
1774 3654 1909 3709 Eze-

316 3753 482 3807 chiel.

998 3844 1075 3898 De
1102 3844 1249 3898 Osee.

388 3938 481 3994 62.
512 3937 653 3991 Osee
677 3936 957 4005 prOpheta,
981 3936 1069 4004 qui
1101 3934 1414 4002 intelligitur
1441 3938 1663 3997 satvans,
1698 3931 1751 3985 in
1782 3932 1914 3983 duo-

316 4031 494 4085 decim
523 4029 806 4099 prophetis
839 4030 1064 4099 primus,
1094 4028 1410 4097 profundior
1454 4027 1675 4096 reliquis
1705 4026 1758 4081 in
1782 4042 1917 4081 sen-

390 4212 484 4266 57.
518 4203 632 4271 AL,
664 4211 1005 4263 comminatur
1031 4225 1128 4278 pro
1159 4210 1479 4263 criminatur.
1516 4209 1659 4263 Man.

394 4284 491 4338 58.
526 4286 640 4342 ΑΙ..
675 4283 972 4333 vaticinium
1001 4298 1149 4333 suum
1179 4282 1565 4334 consummavit.
1594 4280 1733 4333 Man.

2023 3199 2219 3269 piabile
2246 3213 2433 3253 eorum
2474 3198 2565 3267 qui
2601 3196 2654 3250 in
2700 3197 2921 3250 Christo
2950 3212 3055 3250 non
3112 3197 3477 3264 crediderunt,
3510 3215 3607 3267 pro

2018 3292 2213 3360 quibus
2264 3291 2561 3346 sceleribus
2608 3291 2815 3342 intonat
2850 3290 3108 3343 Dominus
3164 3293 3361 3358 ignem,
3392 3294 3443 3346 id
3499 3300 3601 3356 est.

2016 3385 2339 3438 sententiam
2369 3381 2557 3435 aeterni
2581 3380 2765 3450 judicit
2801 3381 3091 3435 illaturum.

2086 3474 2174 3530 66.
2209 3475 2302 3528 llic
2352 3485 2529 3527 autem
2582 3474 2869 3527 adventum
2918 3474 3119 3528 Christi
3183 3475 3283 3529 $th
3337 3475 3603 3532 dominica

2015 3584 2147 3623 voce
2169 3568 2237 3621 ita
2272 3567 2526 3634 prtedicat
2559 3587 2570 3620 :
2609 3566 2719 3639 Ego
2741 3568 2955 3638 ﬁrmans
3002 3570 3306 3635 tonitruum,
3339 3580 3385 3623 et
3427 3587 3605 3624 errans

2015 3662 2271 3725 spiritum,
2296 3670 2345 3713 et
2374 3662 2685 3713 annuntians
2728 3661 2780 3711 in
2808 3659 3096 3713 hominibus
3150 3661 3427 3714 Christum.
3461 3664 3604 3720 lteli-

2016 3767 2119 3819 qua
2138 3761 2337 3813 autem,
2363 3766 2481 3820 «iure
2511 3751 2576 3804 de
2608 3750 2822 3804 Amasia
2869 3760 2924 3804 et
2949 3750 3252 3818 Jeruboam,
3296 3754 3412 3807 sive
3444 3754 3600 3808 lsraet

2019 3844 2285 3913 loquitur.
2318 3845 2646 3913 tropologice
2688 3845 2752 3896 ad
2796 3845 3077 3899 haereticos
3125 3854 3249 3898 sunt
3297 3847 3601 3900 referenda.

2022 3934 2363 4003 Prophetavit
2398 3944 2576 3987 autem
2608 3935 2707 3987 sub
2757 3948 2882 4002 rege
2926 3932 3075 3997 Ozia,
3109 3948 3174 3987 eo
3224 3942 3467 4003 tempore
3496 3949 3606 4003 quo

2020 4024 2154 4080 (ls‘ee
2178 4032 2234 4081 et
2258 4025 2439 4079 Isaias.

2020 4208 2125 4331 ξινὶ
2156 4206 2207 4260 in
2248 4216 2303 4259 ut
2343 4207 2415 4259 ait
2454 4204 2641 4271 Varro,
2673 4206 2792 4274 quia
2838 4206 2907 4260 ita
2960 4207 3029 4261 ab
3067 4222 3132 4260 eo
3161 4206 3414 4275 scriptum
3457 4217 3603 4277 puto.

2071 4292 2197 4331 nev.

2071 4292 2197 4331 BEV.

390 4320 491 4408 ἕτῖἶ
525 4320 1907 4419 EFBZ'iiI'Ei-Zé'iiuailé'ilii‘uiii'ﬁihifiﬁéiique
1941 4320 1992 4380 ι)
2020 4320 2317 4411 "essu,
2351 4366 2383 4416 p
2414 4348 2560 4399 ritior
2590 4363 2686 4416 pro
2717 4349 2998 4414 Operosior.
3033 4347 3175 4400 ut...

317 4426 548 4480 Codices
597 4437 695 4490 pro
741 4423 934 4474 tabulis
975 4422 1201 4491 fabulam
1231 4422 1493 4488 legebant.
1546 4420 1906 4491 Hieronymus

319 4508 499 4549 tamen
534 4497 757 4561 prologo
786 4493 837 4544 iu
872 4490 1168 4555 Danielem,
1216 4494 1356 4543 unde
1386 4492 1500 4543 ὴειιο
1545 4490 1775 4544 Isidorus
1823 4500 1907 4543 est

320 4577 622 4623 mutuatus,
654 4564 914 4617 Susanme
944 4563 1216 4614 historiam
1249 4570 1424 4627 negat,
1459 4561 1713 4631 hymnum
1746 4563 1903 4614 trium

319 4652 637 4700 puerorum,
668 4634 803 4685 Belis
830 4644 880 4685 et
905 4632 1150 4684 draconis
1177 4632 1380 4685 fabulas
1418 4636 1470 4686 in
1501 4632 1722 4685 Hebraeo
1763 4646 1902 4684 esse.

323 4710 526 4759 tandem
551 4707 713 4757 modo
738 4704 968 4769 loquitur
993 4704 1252 4769 protentio
1282 4702 1787 4756 commentariorum
1831 4703 1896 4753 ad

320 4782 571 4831 etumtem
610 4775 948 4839 prophetam,
1000 4788 1172 4840 neque
1199 4775 1345 4826 vocis
1384 4774 1668 4826 insolentia
1703 4773 1901 4824 moveri

321 4850 439 4912 quis
470 4848 659 4908 debet,
694 4854 750 4895 ut
776 4841 956 4895 credat
1004 4845 1309 4911 Hieronymi
1338 4855 1389 4897 et
1441 4844 1629 4897 lsidori
1659 4843 1899 4895 testimo-

320 4933 407 4967 nzo
437 4916 672 4968 llanielis
707 4913 1006 4965 vaticinium
1042 4932 1101 4966 ea
1134 4925 1281 4980 parte
1312 4914 1431 4968 falsi
1466 4915 1727 4970 accusari.
1771 4914 1901 4965 Nam

318 4989 521 5045 fabula,
563 5002 681 5052 qua!
711 4999 738 5035 a
766 4984 926 5034 fandi)
952 4986 1165 5048 dicitur,
1222 4993 1279 5035 ut
1307 4987 1381 5037 ait
1427 4984 1594 5036 Varro
1624 4999 1654 5034 v
1676 4986 1743 5037 de
1776 4983 1901 5035 Litt-

316 5074 420 5125 gua
460 5060 672 5118 Latina,
716 5064 797 5105 est
826 5070 913 5107 res
946 5057 1137 5116 passim
1168 5055 1399 5122 vulgata,
1445 5056 1559 5107 sive
1591 5070 1735 5119 vera,
1790 5056 1904 5106 sive

318 5124 452 5179 talsa
484 5130 571 5180 sit.
618 5126 801 5191 Itaque
832 5124 1026 5189 passim
1058 5139 1121 5177 ea
1161 5140 1259 5178 vox
1293 5126 1344 5177 in
1387 5133 1668 5191 utramque
1696 5133 1899 5189 partem

314 5199 592 5260 accipitur.
628 5198 907 5262 Origenes,
928 5195 1111 5249 homil.
1140 5194 1172 5247 5
1199 5198 1250 5247 in
1269 5194 1498 5249 Genes.:
1535 5193 1635 5246 Hic
1655 5196 1768 5264 jam
1796 5196 1904 5263 (in-

315 5272 459 5334 quit)
489 5266 709 5335 refertur
735 5265 1074 5333 [antosissima
1100 5265 1194 5335 illa
1223 5266 1398 5335 fabula
1421 5265 1570 5318 Loth.
1618 5266 1897 5331 Eusebius,

320 5333 379 5389 tu
419 5333 555 5391 llist.
588 5337 922 5398 EcclesiaSt.,
952 5350 1067 5403 cap.
1103 5333 1387 5389 QStAudi
1410 5337 1658 5403 fabulam,
1707 5346 1755 5387 et
1800 5352 1903 5388 non

318 5410 572 5475 ιηὺιιιηηι,
621 5409 708 5459 sed
734 5421 836 5457 rem
865 5417 1057 5475 gestam
1084 5408 1147 5459 de
1169 5411 1371 5459 Joanne
1400 5408 1651 5476 apostolo.
1710 5407 1901 5459 Hieru-

319 5495 536 5558 nyains,
566 5480 633 5529 ad
672 5477 909 5558 .l’h‘ilipp.
948 5492 980 5529 It
1010 5476 1300 5558 τέρπειν-1η
1330 5487 1424 5558 est,
1471 5479 1675 5546 inquit,
1718 5479 1761 5530 si
1800 5478 1903 5530 vel-

318 5546 416 5601 lem
439 5549 708 5603 Samsouis
737 5547 963 5614 fabulam
986 5547 1055 5598 ad
1070 5546 1258 5602 Christi
1282 5550 1484 5602 trahere
1504 5558 1898 5602 sacramentum.

319 5621 461 5672 Man.

395 5690 528 5741 Ibid.
564 5690 619 5741 In
652 5699 775 5739 nota
797 5686 1046 5740 Marianae
1074 5700 1187 5741 erat
1218 5700 1272 5741 ut
1301 5690 1366 5743 sit
1402 5688 1591 5757 Varro,
1616 5691 1754 5760 quod
1786 5706 1897 5743 tutt-

604 5778 872 5837 Ριτιιοι..
925 5780 1274 5841 LXXXI”.

2080 4421 2167 4472 65.
2203 4419 2308 4482 AL,
2347 4434 2521 4469 eorum
2549 4435 2643 4484 pro
2671 4420 2986 4471 earumdem.
3014 4447 3087 4457 —
3117 4420 3277 4483 lbid.,
3310 4418 3603 4487 Prterrpto-

2007 4505 2139 4552 rum,
2172 4492 2268 4551 a|.,
2295 4499 2665 4559 prazceptorum
2722 4489 2817 4541 Dei
2866 4492 3025 4559 legem
3055 4490 3337 4542 custodisse
3363 4508 3417 4544 se
3463 4509 3600 4543 men-

2008 4561 2221 4612 tiuntur.
2252 4560 2316 4610 In
2337 4558 2458 4611 Chri
2486 4570 2536 4611 to
2558 4560 2736 4612 ultimo
2784 4558 3005 4621 tempore
3034 4562 3334 4613 credituros.
3386 4563 3602 4615 Arcltai-

2006 4640 2281 4689 sunisrst.
2319 4646 2413 4695 pro
2462 4632 2512 4681 in
2544 4630 2823 4693 Christum,
2876 4642 2930 4683 ut
2978 4632 3189 4684 Aineid.
3240 4647 3300 4695 ll,
3356 4631 3497 4685 Talis
3545 4636 3598 4684 in

2007 4703 2151 4752 hoste
2180 4702 2276 4770 fuit
2311 4698 2538 4753 Priamo.
2581 4700 2751 4755 Simii
2800 4702 3047 4753 libertate
3097 4703 3304 4754 dicendi
3352 4704 3600 4769 superius

2005 4770 2158 4827 dixit.
2218 4773 2629 4838 transmigratum
2680 4787 2776 4839 pro
2826 4773 3234 4842 transmigrasse,
3275 4775 3420 4825 invisi
3476 4786 3598 4824 sunt

2008 4856 2104 4907 pro
2130 4842 2442 4905 inviderunt,
2468 4852 2521 4896 et
2561 4842 2683 4905 alia,
2709 4858 2937 4910 quorum
2970 4844 3106 4897 inire
3155 4844 3418 4896 rationem
3472 4844 3590 4896 lou-

2004 4927 2128 4980 gum
2152 4923 2315 4965 esset.
2347 4911 2484 4964 Man.

2076 4983 2168 5035 65.
2202 4983 2311 5045 AL,
2338 4982 2599 5036 Samaria.
2646 4985 2787 5037 Man.

2076 5056 2167 5107 66.
2192 5054 2300 5115 AL,
2334 5053 2562 5119 formans
2595 5071 2692 5122 pro
2740 5055 2972 5121 ﬁrmans.
3027 5054 3359 5106 Annuntians
3406 5054 3459 5105 in
3506 5055 3595 5106 Ito-

2006 5124 2226 5174 minibus
2257 5124 2539 5177 Christum.
2565 5124 2655 5178 Sic
2684 5136 2913 5185 quatuor
2941 5125 3168 5179 Codices
3198 5128 3585 5190 correctior-es;

2005 5202 2113 5246 tres
2143 5194 2232 5245 alii
2264 5195 2505 5262 legebant
2537 5197 2852 5247 annuntians
2896 5198 2949 5248 in
3003 5196 3295 5247 hominibus
3320 5194 3583 5249 Christum

2003 5280 2178 5327 suum,
2204 5271 2263 5316 ut
2288 5277 2369 5318 est
2392 5264 2443 5317 in
2479 5268 2593 5333 ipso
2638 5274 2889 5320 contextu
2928 5266 3274 5334 Septuaginta
3322 5267 3590 5333 interpre-

2008 5342 2141 5396 tum,
2176 5348 2229 5388 et
2254 5348 2309 5387 ut
2359 5337 2482 5402 legit
2505 5339 2851 5405 Augustinus.
2888 5351 3011 5389 xvut
3042 5336 3109 5389 de
3138 5335 3294 5390 Civ.t.
3330 5338 3445 5399 Dei.
3468 5353 3587 5405 cap.

2004 5405 2094 5476 28.
2127 5406 2294 5476 'l‘utus
2339 5406 2490 5460 locus
2536 5423 2601 5461 ex
2661 5410 2825 5461 Amos
2862 5421 2935 5467 tv,
2984 5408 3071 5471 15,
3122 5407 3436 5476 desumptus
3480 5418 3587 5473 est,

2006 5474 2094 5526 ubi
2124 5475 2343 5545 Vulgata
2379 5476 2552 5529 Editio
2584 5479 2739 5530 habet
2769 5494 2781 5531 :
2813 5477 2945 5543 Quia
2970 5494 3082 5530 ecce
3119 5474 3347 5545 formans
3371 5492 3586 5541 montes,

2003 5557 2057 5621 et
2079 5562 2255 5621 creans
2279 5559 2496 5621 ventum,
2525 5562 2569 5601 et
2591 5552 2897 5603 annuntians
2918 5552 3109 5605 homini
3141 5556 3395 5620 ctoquium
3416 5571 3587 5621 suum,

2008 5616 2279 5692 nimirum,
2309 5628 2367 5692 ut
2406 5620 2565 5692 docet
2608 5620 2982 5692 Hieronymus,
3042 5616 3332 5678 comment.
3367 5624 3432 5678 ad
3464 5616 3586 5678 cuni

2004 5690 2178 5741 locum
2232 5690 2318 5741 ubi
2368 5689 2487 5757 ejus
2522 5701 2575 5745 et
2624 5689 2821 5746 nostro
2855 5705 3092 5763 tempore
3149 5695 3358 5751 Habrmi
3408 5694 3592 5768 legunt

3043 5788 3084 5846 6
