4108 6178
440 319 535 373 I71

1084 422 1157 475 De
1205 418 1392 473 Abdia.

509 528 598 584 67.
632 525 851 588 Abdias,
886 523 974 592 qui
1022 523 1405 587 interpretatur
1431 530 1603 567 servus
1628 513 1858 581 Domini,
1896 513 2035 566 inter

440 636 628 678 omnes
676 618 966 688 prophetas
1009 611 1227 667 brevior
1286 622 1519 665 numero
1578 606 1882 670 verborum,
1940 604 2033 658 sed

442 716 613 783 gratia
644 709 1020 781 mysteriorum
1075 702 1321 773 aequalis.
1352 701 1456 754 Iste
1512 707 1702 753 contra
1748 697 2032 752 ldumzeam

454 807 679 872 loquens
703 801 942 867 increpat
984 794 1207 863 my-tice
1260 790 1565 856 superbiam
1617 789 1803 853 Edoni,
1836 786 2036 857 prioris

441 897 691 952 videlicet
722 892 899 961 populi
922 887 1221 949 audaciam,
1249 883 1389 953 quod
1416 882 1580 937 Jacob
1606 881 1827 938 fratrem
1854 894 2030 941 suum,

440 990 493 1044 id
520 997 623 1053 est,
654 984 928 1039 Christum
975 995 1038 1034 ex
1081 976 1429 1032 Ilebmorum
1486 974 1653 1043 stirpe
1682 985 1918 1026 creatum
1940 983 2032 1024 oc-

448 1084 659 1139 ciderit.
683 1079 741 1133 In
768 1085 951 1131 monte
978 1083 1159 1127 autem
1192 1072 1353 1142 209
1384 1068 1535 1134 Sion,
1567 1082 1686 1137 qum
1710 1076 1794 1121 est
1822 1064 2039 1119 Jerusa-

444 1177 571 1244 lem,
603 1175 836 1230 futuram
864 1170 1095 1224 salutem
1147 1174 1203 1220 et
1226 1166 1503 1228 Sanctum,
1538 1161 1626 1228 qui
1658 1170 1742 1215 est
1765 1156 2033 1223 Christus,

440 1268 744 1331 annuntiat,
776 1272 936 1331 atque
964 1261 1017 1315 in
1045 1268 1227 1312 monte
1260 1256 1420 1318 Esau,
1456 1268 1551 1321 per
1590 1266 1750 1319 quem
1778 1250 2037 1319 ﬁguratur

441 1357 670 1411 ecclesia
699 1354 961 1424 gentium,
992 1350 1227 1403 futurum
1274 1346 1481 1399 intOuat
1508 1341 1735 1397 Domino
1789 1354 2038 1408 regnum.

445 1447 787 1519 Prophetavit
819 1444 922 1498 sub
942 1442 1085 1497 Josia
1119 1454 1244 1507 rege
1262 1437 1421 1500 Iuda,
1441 1434 1656 1504 quando
1678 1442 1730 1489 et
1761 1431 2037 1488 Michazas.

1116 1528 1191 1581 De
1213 1526 1371 1581 Juno.

514 1626 602 1682 68.
628 1628 813 1689 Jonas,
839 1621 933 1693 qui
962 1624 1347 1690 interpretatur
1373 1616 1629 1683 columba,
1662 1624 1768 1668 tam
1792 1627 2041 1667 sermone

442 1734 601 1790 quam
635 1716 913 1785 naufragio
940 1728 1039 1768 suo
1065 1713 1366 1781 passionem
1419 1709 1617 1763 Christi
1670 1715 2033 1774 mortemque,

1484 305 1543 361 S.
1589 302 1835 362 ISIDORI
1874 301 2314 361 IIISPALENSIS
2356 302 2666 360 EPISCOPI

2066 422 2112 478 Α
2139 419 2239 469 sub
2263 417 2445 472 umbra
2476 416 2626 484 legis,
2658 430 2779 485 quae
2821 414 3008 470 umbra
3037 429 3065 467 a
3110 430 3295 471 verme
3350 415 3583 472 arefacta
3625 429 3729 479 est,

3620 308 3726 361 1τί

2142 509 2282 578 quia,
2316 508 2633 563 adveniente
2662 508 2897 572 Christo,
2933 518 3112 563 vetera
3145 508 3489 573 transierunt,
3521 518 3574 562 et
3599 525 3732 564 ecce

2142 601 2276 656 facta
2303 612 2429 656 sunt
2456 602 2636 655 onitiia
2669 616 2824 655 nova.
2853 599 3201 669 Pr0phetavit
3240 612 3417 654 autem
3455 603 3553 656 sub
3601 600 3727 655 Ozia

2142 710 2265 764 rege
2293 694 2451 760 Iuda,
2484 693 2699 762 quando
2730 702 2785 747 et
2806 694 2964 757 Osee,
2999 703 3055 745 et
3084 693 3266 756 Amos,
3308 700 3363 748 et
3397 692 3557 746 Isaias
3605 708 3727 762 pro-

2144 786 2520 855 phetaverunt.

2762 877 2836 931 De
2858 876 3097 932 illicitum.

2214 971 2305 1026 70.
2354 969 2607 1025 Micbtras
2690 969 2948 1037 propheta
3010 968 3393 1035 interpretatur
3443 967 3557 1036 quis
3605 967 3737 1020 iste?

2142 1060 2515 1116 Comminatur
2536 1061 2793 1115 Samaria:
2826 1060 2957 1113 iram
2987 1060 3196 1114 Domini
3220 1059 3289 1114 ob
3319 1074 3537 1113 causam
3568 1060 3737 1114 simu-

2149 1158 2444 1222 lacrorum,
2478 1156 2865 1223 interitumque
2893 1154 3088 1222 popqu
3146 1152 3306 1206 Israel
3347 1153 3510 1223 210
3540 1162 3732 1205 ventu-

2143 1266 2261 1303 rum
2287 1249 2585 1305 denuntiat.
2613 1248 2810 1303 Locum
2844 1246 3004 1301 etiam
3040 1247 3092 1300 in
3114 1260 3220 1315 quo
3251 1256 3563 1300 nasceretur
3578 1242 3734 1299 Chri-

2145 1355 2257 1399 ειυς
2314 1340 2673 1397 demonstrat.
2731 1338 3079 1407 Pi'opbetavit
3156 1346 3335 1392 autem
3388 1338 3489 1393 sub
3564 1338 3738 1403 Josia,

2143 1436 2360 1523 quando
2385 1446 2440 1491 et
2467 1434 2792 1504 Sophonias.

2776 1524 2854 1579 De
2877 1523 3106 1579 Nahum.

2218 1619 2309 1674 7i.
2335 1619 2568 1684 Nahum,
2599 1618 2689 1687 qui
2716 1629 2797 1673 est
2827 1618 3141 1681 consolator,
3178 1616 3463 1670 simulacra
3498 1616 3741 1684 gentium

2147 1712 2556 1772 exterminanda
2584 1712 2916 1781 pronuntiat,
2946 1726 3150 1764 necnon
3198 1710 3385 1763 urbem
3414 1708 3735 1778 sanguinum

441 1818 496 1866 et
553 1808 1027 1867 resurrectionem.
1056 1808 1273 1877 ﬁgurat,
1322 1804 1438 1857 sive
1487 1800 1630 1870 quod
1688 1801 1754 1853 de
1812 1799 1936 1852 "Mli
1986 1800 2037 1853 in
2076 1803 2466 1867 BJernsaIem,
2490 1812 2610 1871 post
2636 1803 2788 1870 cujus
2847 1800 3120 1854 interitum
3162 1798 3324 1866 pedes
3373 1797 3747 1851 annuntiantis

442 1919 613 1966 mare,
638 1912 888 1971 tanquam
914 1899 983 1953 de
1025 1913 1184 1952 cruce
1237 1897 1289 1949 in
1345 1904 1567 1956 terram,
1616 1892 1890 1962 projectus
1934 1902 2038 1956 est,

445 1996 560 2047 sive
586 1992 747 2061 quod,
782 1992 833 2043 in
860 2000 1048 2044 ventre
1078 1989 1181 2041 ceti
1229 1999 1515 2055 exceptus,
1570 1995 1822 2055 tanquam
1864 1986 1921 2062 in
1951 1999 2039 2039 se—

448 2087 846 2155 pulturaterrte
890 2083 1063 2136 tribus
1112 2080 1303 2134 diebus
1326 2098 1388 2134 ac
1438 2080 1683 2133 noctibus
1729 2078 2042 2133 reconditus

445 2186 552 2241 est,
584 2176 667 2229 vel
699 2174 842 2245 quod
894 2173 948 2228 in
983 2172 1147 2241 ﬁgura
1173 2170 1363 2224 Ninivc
1419 2169 1789 2238 paenitentiam
1838 2167 2041 2222 mundo

450 2266 779 2336 prmdixerit.
812 2265 868 2319 In
918 2264 1273 2333 sequentibus
1310 2273 1489 2317 autem
1523 2274 1707 2333 typum
1758 2263 1899 2331 gerit
1949 2260 2043 2315 Ju-

447 2364 711 2425 dteoruut,
744 2359 835 2428 qui
866 2358 1094 2411 salutem
1119 2357 1378 2426 gentium,
1412 2372 1514 2409 non
1549 2363 1757 2408 tantum
1785 2355 2044 2409 advenire

450 2456 764 2518 noluerunt,
795 2451 887 2507 sed
913 2451 1040 2505 dum
1090 2450 1260 2518 venit,
1304 2449 1459 2511 invisi
1519 2448 1654 2522 [Al.,
1683 2447 1868 2520 invidi]
1898 2457 2041 2503 sunt.

448 2545 637 2599 Ninive
701 2556 914 2611 quoque
966 2539 1203 2609 gentium
1258 2539 1528 2608 signiﬁcat
1577 2537 1835 2605 speciem,
1882 2537 2046 2591 Jonas

448 2652 577 2692 vero
606 2638 660 2689 in
690 2635 791 2687 hoc
822 2634 938 2687 loco
961 2631 1293 2689 Judaeorum.

517 2725 607 2779 G9.
663 2724 796 2778 Nam
846 2722 1298 2793 quemadmodum
1360 2720 1715 2776 Ninivitarum
1786 2722 1933 2776 salus
1981 2721 2047 2774 ad

456 2817 856 2873 aemulationem
889 2816 1201 2885 provocavit
1224 2814 1437 2879 Ionam,
1475 2816 1547 2868 ita
1580 2814 1881 2883 redemptio
1909 2830 2044 2884 gen-

452 2913 583 2967 tium
616 2909 933 2965 scandalum
976 2908 1179 2962 exstitit
1208 2907 1535 2964 ludat-orum.
1565 2910 1758 2967 Merito
1778 2922 1831 2965 et
1860 2921 2050 2965 eontra

457 3003 732 3059 Orientem
772 3002 1007 3057 civitatis
1061 3001 1270 3056 sedisse
1323 3002 1520 3071 legitur
1571 3004 1674 3055 sub
1730 3003 1921 3059 umbra
1962 3005 2048 3057 tie-

450 3099 617 3165 derat,
649 3099 773 3166 quia
804 3096 993 3150 eadem
1022 3094 1175 3163 plebs
1206 3108 1467 3164 separatis
1492 3111 1553 3151 se
1584 3112 1613 3148 a
1646 3096 1818 3153 salute
1848 3094 2052 3151 Eccle-

449 3193 564 3256 εἰει,
597 3190 781 3244 dolore
804 3188 1009 3253 tabida,
1052 3194 1240 3242 contra
1293 3186 1591 3254 Christum,
1631 3189 1683 3242 id
1725 3200 1830 3255 est,
1863 3190 2051 3244 Orien-
2079 3192 2125 3254 C

452 3294 563 3339 tem
595 3281 867 3348 Ecclesiae,
897 3283 1130 3352 linguam
1180 3294 1331 3335 suam
1366 3296 1583 3335 movere
1614 3282 1823 3349 nititur,
1853 3282 2049 3337 sedens

449 3442 574 3501 ’τῇτῇ
602 3451 691 3500 n3,
723 3434 1075 3502 Septuaginta
1130 3433 1377 3503 legerunt
1422 3440 1615 3497 intuta,
1663 3444 1821 3504 atque
1865 3449 1926 3490 ea
1958 3436 2057 3489 fuit

455 3512 615 3564 varia;
642 3506 1098 3573 interpretationis
1138 3506 1373 3560 occasio.
1408 3504 1550 3557 Man.

524 3578 660 3631 ibid.
699 3578 751 3628 In
776 3577 946 3628 altero
968 3589 1031 3626 ex
1062 3575 1195 3627 meis
1217 3575 1614 3643 exemplaribus
1628 3575 1870 3630 Hebraea:
1892 3588 2055 3631 voces

457 3659 596 3703 notat
628 3647 887 3715 incipiunt
911 3659 943 3697 a
966 3654 1037 3701 Β.
1068 3646 1245 3715 Altev.

527 3723 617 3774 (37.
652 3713 761 3781 AL,
794 3731 968 3769 eorum
1011 3714 1174 3781 stirpe
1206 3724 1470 3785 creatum.
1501 3713 1838 3785 PrOphetnvit
1883 3726 2057 3770 autem

454 3796 544 3843 sub
565 3788 734 3843 Josia.
792 3787 962 3839 Locus
1044 3794 1127 3836 est
1200 3784 1680 3852 implicatissimus.
1738 3786 1967 3850 Hebraei,
2002 3799 2057 3841 ut

459 3861 814 3930 Hieronymus
842 3856 939 3919 ait,
967 3852 1124 3930 initio
1152 3854 1202 3907 in
1234 3855 1520 3930 __t-_iimdeni_
1555 3860 1894 3930 prophetam,
1928 3872 2056 3911 seu.

457 3932 596 3986 iiuut
620 3925 760 3982 hunc
783 3941 904 3981 esse
952 3925 1179 3977 Abdiam
1232 3926 1386 3979 illum
1436 3927 1523 3993 qui
1578 3929 1763 3981 Achab
1813 3938 2057 3996 tempore

459 4001 747 4071 prophetas
779 3997 925 4071 pavit
956 3997 1006 4048 in
1038 3998 1349 4071 specubus.
1389 3997 1690 4071 Durotbetts
1740 3998 1795 4052 in
1824 3999 2057 4070 Synepsi

454 4066 701 4125 eunidetn
757 4068 976 4121 tertium
1020 4066 1208 4119 ducem
1241 4068 1755 4137 quinquagenarium
1790 4066 2053 4124 ad'Eliam

458 4144 678 4196 missum
709 4139 803 4191 ait.
830 4137 1122 4203 Utrumque
1154 4139 1387 4190 Isi'lorus
1412 4139 1526 4206 ipse
1552 4140 1811 4204 sequitur,
1840 4140 1905 4194 de
1936 4139 2054 4192 Vita

456 4222 511 4265 et
549 4220 721 4264 morte
752 4216 988 4279 sanctor.
1036 4208 1158 4259 llaec
1186 4209 1228 4279 si
1254 4222 1383 4279 vera
1413 4216 1577 4279 sunt.
1608 4225 1710 4279 non
1741 4208 1885 4263 Otia:
1917 4219 2055 4263 tem-

460 4296 591 4350 pore
620 4277 942 4350 vaticinatus
970 4286 1072 4350 est,
1104 4278 1197 4350 sed
1243 4277 1522 4344 Jusaphat,
1556 4286 1615 4331 ut
1652 4278 1870 4350 habent
1898 4282 2055 4334 Codi-

459 4345 550 4405 ces
598 4345 1077 4418 Septitnancensis,
1113 4347 1595 4412 Laurentianus,et
1646 4349 1972 4416 Ilispalensis
2003 4352 2053 4404 in

466 4420 815 4476 membranis.
854 4417 1199 4486 Hieronymo,
1259 4419 1309 4471 in
1368 4418 1507 4471 Osee
1536 4435 1571 4480 ι,
1628 4419 1816 4481 Oseas,
1868 4421 2051 4487 Isaias,

390 4524 391 4527 η
467 4492 608 4553 Joel,
636 4494 822 4564 Amos,
853 4488 1077 4564 Abdias,
1100 4487 1284 4548 Jonas,
1320 4488 1569 4564 Micbmas
1602 4492 1891 4564 ᾳύγχρονοι
1944 4496 2055 4564 lue-

470 4574 613 4616 runt.
643 4564 774 4615 Cum
805 4560 905 4612 hac
931 4559 1183 4625 opinione
1211 4561 1464 4611 convenit
1510 4559 1689 4614 lcetio'
1709 4559 1836 4628 quae
1890 4571 1973 4615 est
2000 4562 2050 4615 in

470 4635 679 4688 duobus
710 4631 1013 4683 ehartaceis
1064 4630 1495 4695 Hispalensibus,
1526 4646 1721 4695 nempe
1772 4633 1874 4686 sub
1925 4634 2053 4686 Uzia

463 4721 583 4758 esse
654 4702 1025 4755 vaticinatum.
1080 4700 1314 4754 Isidorus
1367 4701 1481 4766 ipse
1548 4702 1770 4755 Abdiam
1821 4702 2051 4756 Michane

462 4787 816 4835 coaetaneum,
872 4770 1147 4824 Michazam
1206 4772 1496 4838 δοριιοιιὶεε
1545 4773 1689 4826 facit.
1752 4774 2053 4840 Sophonias

463 4848 564 4899 sub
614 4845 759 4898 Josia
815 4842 1136 4895 vaticinatus
1181 4851 1284 4903 est,
1318 4858 1424 4909 quo
1483 4853 1725 4909 tempore
1771 4844 2055 4897 .Ieremias.

469 4917 649 4984 Itaque
678 4913 903 4984 Codices
932 4913 1355 4984 :I‘arraconensis
1395 4921 1446 4965 et
1479 4914 1799 4969 I’arisiensis
1830 4915 2059 4981 prophe-

466 4982 574 5041 tam
611 4988 750 5039 bunc
798 4982 899 5037 sub
928 4982 1075 5037 .losia
1118 4983 1463 5035 vaticinatum
1521 4998 1644 5037 esse
1698 4989 1865 5037 aiunt.
1911 4987 2059 5040 Ilanc

467 5074 564 5111 nos
593 5057 873 5111 lectionem
929 5054 1099 5107 secuti
1147 5069 1355 5117 smnus,
1406 5056 1621 5108 tametsi
1664 5055 1731 5108 de
1786 5055 1935 5110 Jocle
1986 5060 2059 5108 ait

470 5131 626 5192 paulo
655 5126 904 5194 superius
936 5142 950 5177 :
988 5124 1521 5195 PrOplietavitAoutem
1556 5125 1648 5176 sub
1671 5127 1915 5178 Joatliaiu
1944 5142 2060 5195 rege

464 5193 857 5266 Juda,quundo
906 5204 955 5247 et
1020 5194 1284 5247 Micharas.
1320 5193 1430 5266 δὴδί
1474 5195 1574 5248 hoc
1614 5198 1772 5250 etiam
1813 5193 2057 5253 fortassis

470 5271 587 5325 loco
605 5262 851 5320 Joatltam
881 5266 1160 5333 legendum
1202 5267 1272 5317 sit
1303 5262 1469 5316 Josia.
1508 5268 1645 5318 MAR.

539 5337 678 5392 Ibid.
712 5339 956 5409 Arbitror
986 5335 1273 5409 Marianum
1301 5336 1579 5409 scripsisse
1610 5336 1855 5409 Joathaut
1886 5339 2057 5409 legen-

476 5410 599 5462 tlttnt
625 5414 689 5460 sit
712 5424 805 5475 pro
830 5404 997 5471 Josia,
1031 5408 1111 5460 vel
1142 5415 1290 5460 certe
1344 5405 1446 5460 hoc
1488 5405 1746 5462 Voluisse.
1783 5409 1913 5463 \'ide
1933 5404 2053 5463 var.

470 5482 593 5543 Iret.
630 5478 798 5531 ἔικεν.

542 5547 630 5605 68.
664 5546 776 5608 AL,
806 5547 998 5618 intlicul
1023 5562 1116 5613 pro
1140 5548 1350 5618 ﬁgurat.
1376 5547 1515 5602 Man.

541 5622 629 5671 lii).
661 5616 1123 5690 Quiqntlrenientc,
1149 5616 1255 5672 etc.
1291 5618 1329 5671 Il
1367 5622 1490 5673 Cor.
1528 5635 1575 5681 v,
1608 5620 1691 5672 I7.
1720 5618 2048 5690 Pt'opltctattil

471 5685 746 5757 autemaub
779 5686 925 5757 ina,
951 5685 1176 5757 Ivilteg.
1210 5704 1279 5753 tv,
1322 5692 1405 5744 l5.
1457 5691 1738 5743 .Ierobonin
1772 5685 1862 5744 lilii
1916 5692 2043 5744 Joas

479 5754 618 5821 tegis
652 5748 838 5813 Israel,
877 5752 966 5818 qui
1011 5748 1377 5827 luitvazqu'alis
1432 5758 1596 5827 Ozia‘,
1653 5772 1807 5816 artati:
1852 5762 2042 5816 lunam

2148 1912 2355 1966 pacem,
2382 1896 2433 1951 id
2472 1906 2578 1961 ei,
2611 1895 2907 1951 Salvatoris
2937 1893 3225 1947 adventum
3256 1893 3571 1959 proclamat.

2759 1985 2839 2040 De
2868 1985 3133 2039 Ilabacuc.

2218 2083 2307 2137 75.
2344 2081 2611 2142 Habaeuc,
2675 2082 2997 2150 amplexam,
3053 2080 3168 2131 sive
3216 2075 3437 2129 luctator
3485 2075 3655 2145 fortis,
3689 2073 3749 2128 in.

2147 2172 2415 2243 principio
2469 2170 2757 2225 voluminis
2817 2172 2899 2225 sui
2985 2167 3244 2223 describit
3297 2167 3572 2221 diabolum
3618 2180 3743 2220 cum

2148 2264 2403 2320 membris
2425 2278 2486 2317 ac
2515 2262 2753 2316 moribus
2801 2262 2946 2327 suis;
3008 2260 3060 2313 in
3091 2258 3195 2314 ﬁne
3247 2270 3378 2313 vero
3422 2256 3745 2327 przenuntiat

2148 2357 2433 2413 adventum
2470 2355 2877 2424 passionemque
2901 2351 3220 2407 Salvatoris.

2756 2446 2831 2502 De
2862 2444 3147 2513 Sophonia.

2222 2544 2314 2597 73.
2338 2542 2661 2611 Sophonias,
2693 2538 2983 2609 speculator
3021 2537 3385 2606 mysteriorum
3439 2532 3667 2597 Domini,
3692 2543 3746 2587 et

2153 2634 2492 2699 abscondens,
2522 2631 2696 2687 cernit
2754 2629 3114 2698 captivitatem
3165 2626 3313 2680 urbis
3362 2624 3662 2679 Jerusalem
3714 2639 3743 2675 a

2153 2725 2411 2779 Romanis
2442 2721 2698 2786 futuram,
2728 2736 2821 2791 per
2870 2734 3055 2775 vocem
3095 2718 3345 2773 clamoris
3376 2732 3405 2769 a
3444 2726 3598 2785 porta
3631 2716 3746 2785 pis-

2152 2820 2317 2882 cium,
2356 2827 2413 2874 et
2464 2832 2559 2885 per
2599 2816 2817 2873 collium
2868 2814 3271 2879 contritionetu,
3304 2811 3356 2865 id
3409 2821 3516 2876 est,
3546 2810 3745 2864 montis

2151 2908 2303 2973 Sion,
2333 2906 2422 2975 qui
2448 2920 2531 2960 eSt
2563 2905 2718 2960 collis
2758 2903 3093 2965 Jerusalem;
3152 2915 3359 2956 necnon
3399 2912 3453 2954 et
3514 2898 3747 2955 aliarum

2154 3012 2389 3072 gentium
2442 3002 2781 3055 eversionem
2815 2998 3096 3067 praedicat,
3156 3003 3536 3063 terroremque
3580 2992 3747 3047 divini

2150 3094 2338 3165 iudicii
2366 3094 2596 3147 intonat.

2226 3186 2317 3241 74.
2351 3186 2611 3254 Loquitur
2639 3187 2798 3237 etiam
2850 3191 3035 3236 contra
3088 3179 3246 3235 Moab
3276 3189 3329 3232 et
3372 3180 3624 3242 Ammon,
3651 3176 3753 3232 Sed

2159 3294 2254 3349 per
2278 3279 2422 3346 ipsos
2466 3291 2719 3347 tanquam
2772 3277 2983 3330 ﬁnitimi
3013 3276 3210 3345 popqu
3261 3273 3379 3338 Dei,
3424 3284 3479 3327 et
3522 3272 3746 3342 proximi

2163 3436 2371 3490 vixisse
2391 3442 2623 3489 constat.
2650 3434 2928 3488 Falluntur
2949 3432 3090 3488 enim
3120 3434 3211 3501 qui
3241 3434 3428 3488 Ionam
3462 3451 3581 3489 eum
3622 3452 3751 3502 pne-

2162 3522 2282 3560 rum
2316 3506 2477 3559 fuisse
2504 3508 2653 3558 aiunt
2683 3520 2838 3572 quem
2876 3504 3017 3557 Elias
3058 3505 3124 3556 ad
3156 3507 3313 3557 vitam
3345 3507 3643 3566 reviicavit,
3680 3507 3748 3559 IV

2160 3578 2293 3645 Reg.
2322 3591 2395 3629 tv.
2439 3576 2673 3628 Tametsi
2734 3575 3010 3635 Dorothei.
3044 3574 3353 3645 Hieroiiyini
3402 3590 3748 3641 magnorum-

2160 3663 2267 3715 que
2296 3646 2521 3699 aliorum
2553 3648 2788 3698 virorum
2817 3647 3135 3715 auctoritate
3176 3647 3430 3699 nitantur.
3464 3646 3605 3701 Man.

2230 3718 2320 3770 70.
2350 3719 2463 3783 AL,
2485 3718 2661 3786 populi
2681 3716 2868 3769 Israel.
2907 3714 3231 3778 Pmphetavit
3268 3727 3436 3769 autem
3457 3720 3546 3771 sub
3575 3716 3749 3784 Josia,

2158 3792 2363 3855 quando
2393 3799 2438 3839 et
2488 3785 2803 3853 Soyhom‘as.
2840 3786 2941 3841 Alii
2973 3786 3197 3839 Codices
3243 3789 3420 3855 legunt
3466 3787 3560 3839 sub
3594 3787 3747 3840 Οιία.

2160 3859 2413 3911 Neutrum
2446 3857 2640 3924 placet,
2682 3858 2892 3911 mallem
2925 3859 3017 3909 sub
3060 3856 3300 3922 Ezechia,
3329 3870 3544 3923 propter
3568 3859 3747 3911 locum

2158 3929 2360 3981 .Ierem.
2401 3943 2548 3990 xxvi,
2571 3928 2636 3980 l8
2670 3945 2684 3983 ε
2720 3926 3051 3981 Miclurosdc
3083 3927 3337 3979 Morasthi
3366 3929 3461 3997 fuit
3497 3928 3747 3997 propheta

2158 4000 2210 4052 in
2235 4001 2413 4052 diebus
2448 3998 2679 4051 Ezecltitc
2705 4000 2838 4067 regis
2857 3997 3022 4051 Juda.
3059 3998 3172 4065 Ipse
3201 3998 3747 4067 illilin‘sumqtrOPlte-

2159 4071 2245 4123 tiae
2272 4073 2348 4123 ait
2378 4087 2390 4125 :
2436 4068 2678 4130 Verbum,
2712 4065 2847 4136 quod
2880 4072 3070 4135 factum
3112 4078 3183 4119 est
3212 4068 3276 4120 ad
3311 4065 3581 4120 Hic/utam
3618 4065 3745 4121 Mo-

2156 4142 2443 4203 rasthitem,
2467 4140 2519 4192 in
2550 4139 2725 4191 diebus
2772 4138 3037 4201 Joathum,
3066 4139 3238 4190 Acltaz
3280 4149 3326 4191 et
3361 4138 3627 4203 Exeo/tite,
3657 4156 3748 4193 re-

2156 4225 2275 4279 gum
2324 4210 2486 4262 Judu.
2532 4209 2799 4263 Fortassis
2862 4209 2942 4279 ad,
2980 4208 3140 4261 Josite
3196 4223 3417 4277 regnum
3470 4214 3746 4277 pervenit,

2157 4277 2369 4347 quando
2405 4279 2733 4347 Sophoniam
2789 4277 3133 4333 vaticinatum
3184 4293 3305 4332 esse
3327 4287 3556 4337 constat.
3585 4295 3750 4343 quem

2160 4351 2392 4403 Isidorus
2422 4350 2657 4404 Michaeat
2711 4351 2970 4419 aequalem
3015 4352 3159 4415 iacit,
3196 4349 3467 4403 Michteam
3503 4348 3639 4405 Jocli
3692 4360 3751 4404 et

2158 4422 2366 4475 Abdiae.
2393 4422 2533 4475 Man.

2226 4491 2315 4545 Ἠ.
2354 4491 2586 4557 Nahum,
2611 4493 2696 4560 qui
2724 4489 3121 4545 estconsolator.
3141 4489 3229 4543 Sic
3251 4488 3749 4557 Septimaneensis;

2156 4571 2210 4614 at
2235 4562 2654 4616 Tarraconensis
2685 4572 2735 4616 et
2776 4562 3118 4629 Ibspalensis,
3162 4562 3213 4614 in
3252 4561 3595 4629 membranis,
3625 4576 3758 4613 cou-

2155 4634 2375 4696 solatus,
2400 4648 2520 4702 qua:
2546 4634 2707 4688 lectio
2737 4628 2881 4685 haud
2926 4628 3315 4702 contemnenda
3357 4642 3457 4684 est.
3494 4632 3662 4683 Porro
3696 4635 3756 4684 in

2164 4699 2530 4756 Seder-ho'lam
2571 4704 2779 4758 Hebraei
2823 4700 3226 4763 asseruntloel,
3257 4699 3461 4753 Nahum
3490 4710 3544 4753 et
3570 4702 3755 4754 Ilatia-

2163 4775 2603 4828 cucv:itieinatos
2625 4790 2747 4828 esse
2789 4773 3046 4827 Manassis
3099 4783 3358 4838 tempore,
3390 4784 3445 4824 et
3494 4773 3753 4839 quoniam

2166 4845 2443 4912 improbus
2472 4853 2608 4910 erat,
2642 4845 2962 4899 subiicuisse
2995 4842 3109 4907 ejus
3133 4857 3349 4912 nomen.
3386 4842 3758 4906 Hieronymus

2166 4910 2383 4983 prologo
2416 4916 2469 4969 in
2498 4916 2780 4968 duodecim
2820 4914 3113 4981 prophetas
3173 4929 3190 4968 :
3239 4910 3300 4983 In
3327 4912 3505 4977 quibus
3553 4924 3759 4976 autem,

2164 4980 2257 5050 ait,
2283 4980 2478 5053 tempus
2502 5004 2605 5039 non
2628 4980 2899 5053 prteferlur
2920 4987 2970 5036 in
2993 4984 3166 5046 titulo,
3190 4980 3281 5033 sub
3304 4983 3409 5035 illis
3433 4998 3515 5032 eos
3545 4983 3761 5053 regibus

2163 5052 2512 5126 prophetasse,
2542 5060 2635 5109 sub
2656 5052 2834 5124 quibus
2866 5064 2910 5106 et
2933 5057 2985 5105 lii
3004 5054 3090 5124 qui
3120 5065 3237 5106 ante
3260 5053 3549 5126 eoshabeut
3570 5052 3766 5106 titulos

2161 5124 2609 5196 prophetaverunt.
2666 5130 2833 5194 Quam
2890 5126 3195 5196 Opinionem
3258 5124 3397 5175 unde
3446 5126 3762 5196 desumpsit

2166 5193 2522 5269 ilie'tonymus
2563 5214 2685 5269 non
2741 5197 2980 5250 invenio.
3042 5193 3765 5269 Isidorussanevaticiniis

2160 5262 2451 5322 Nahum‘et
2482 5267 2727 5321 llabaeuc
2754 5268 2894 5319 nulla
2929 5280 3165 5331 tempora
3186 5264 3506 5331 designavit.
3531 5262 3673 5316 Matt.

2234 5335 2376 5391 Ibid.
2438 5338 2479 5393 Ε
2527 5340 2734 5391 duobus
2789 5338 2926 5391 meis
3002 5336 3398 5401 exemplaribus
3480 5334 3767 5387 liditionis

2162 5408 2444 5462 Crialiana:
2476 5411 2529 5462 in
2559 5409 2729 5461 altero
2754 5418 2872 5461 erat
2919 5407 3152 5476 jejunio,
3189 5405 3239 5458 in
3272 5406 3441 5459 altero
3498 5413 3644 5458 recte
3670 5406 3770 5476 ἤνις

2160 5479 2303 5531 critic
2334 5480 2384 5531 in
2420 5492 2539 5532 nuta
2573 5480 2853 5543 Marinum;
2881 5474 3021 5547 quod
3074 5476 3416 5530 observatum
3446 5491 3473 5527 a
3503 5490 3589 5547 me
3619 5474 3767 5529 alibi

2162 5552 2322 5602 etiam
2378 5561 2482 5616 est,
2516 5558 2577 5602 ut
2622 5560 2852 5612 COttSlel,
2887 5545 3025 5601 inter
3060 5547 3388 5615 exemplaria
3444 5561 3503 5600 ei
3562 5545 3769 5599 formis

2155 5615 2473 5675 excudenda
2524 5621 2812 5674 nonnullas
2860 5620 3227 5673 eoi-rectiones
3283 5618 3493 5673 additas
3552 5615 3765 5671 fuisse.

2154 5694 2324 5745 Auizv.

2226 5764 2314 5817 79..
2346 5763 2456 5831 AL,
2484 5764 2779 5836 pronuntiat
2807 5762 3103 5815 adventum.
3133 5760 3269 5815 Man.
