4104 6172
375 265 475 318 Πῗὶ

1251 263 1315 318 ΙΝ
1353 264 1479 319 Lll}.
1522 263 1681 319 VET.
1724 266 1813 320 ET
1853 265 2009 320 NOV.
2055 265 2350 323 TESTAM.
2386 266 2749 325 ΡΒΟΕΕΜΙΑ.

3539 282 3641 335 171

368 376 647 435 catholicis
693 378 1078 447 sacramentis,
1120 372 1279 451 211
1346 381 1582 434 llaec-etici
1636 393 1952 452 arguuntur.
1984 383 2028 439 Α
2060 382 2317 437 describit
2342 395 2396 439 et
2440 390 2734 454 pastorem,
2769 386 3188 454 Αιιιῐι-Ιιι·ἱοιυιη,
3218 401 3356 461 opus
3386 403 3439 447 et
3462 392 3643 450 intcu.

372 473 465 525 llic
492 474 707 525 tertium
738 471 877 526 diem
936 472 1347 526 resurrectionis
1393 470 1592 528 Christi
1652 478 1956 544 prophetat,

368 559 527 631 atque
555 564 605 614 in
635 564 866 617 adventu
899 562 1095 617 Christi
1124 572 1296 618 totum
1328 562 1515 619 orbem
1567 565 1670 620 sub
1695 576 1800 621 uno
1828 567 1960 637 jugo

372 656 597 709 Domino
627 655 951 709 serviturum
1002 656 1306 711 annuntiat.
1381 656 1728 727 Prophetavit
1776 671 1957 715 autem

368 745 469 801 sub
500 745 671 810 Josia,
696 746 913 814 quando
951 752 1006 799 et
1025 746 1310 801 Jercmias.

1001 859 1078 912 De
1109 860 1325 932 Aggwo.

438 970 538 1026 75.
573 972 828 1043 Agganus,
862 971 951 1040 qui
976 971 1362 1039 interpretatur
1385 972 1645 1028 solemnis.
1674 975 1771 1030 llic
1795 977 1846 1031 in
1871 993 1963 1031 va-

367 1062 545 1117 ticinii
572 1064 654 1117 sui
682 1071 830 1117 textu
864 1063 1121 1132 templum
1150 1064 1358 1117 Domini
1386 1068 1793 1123 restaurandum
1822 1084 1961 1139 prte-

365 1154 557 1219 cepit,
588 1154 970 1208 contritionem
1003 1154 1260 1219 praedicat
1288 1158 1527 1224 gentium
1555 1201 1571 1225 ,
1603 1159 1687 1214 vel
1717 1176 1959 1215 commo-

367 1245 572 1297 tionem
594 1244 757 1299 totius
769 1245 953 1298 mundi
978 1246 1241 1314 praedicit,
1262 1262 1327 1301 ac
1349 1249 1449 1301 sub
1466 1248 1631 1317 ﬁgura
1656 1250 1961 1307 Zorobabel

366 1334 574 1388 Christi
606 1334 925 1388 vaticinatur
968 1335 1283 1390 adventum.
1336 1337 1750 1409 Septuagesimo
1781 1352 1958 1397 autem

366 1438 515 1477 anno
544 1425 876 1491 captivitatis
900 1425 1082 1494 p0puli
1117 1427 1479 1495 pr0phetavit,
1514 1430 1725 1485 duobus
1755 1442 1960 1487 tantum

368 1514 655 1570 mensibus
685 1515 1002 1571 Zachariam
1035 1520 1290 1573 vaticinio
1317 1536 1415 1574 suo
1442 1524 1777 1591 praecedens.

971 1630 1053 1683 De
1079 1630 1362 1691 Zacharia.

2067 474 2265 530 tionem
2293 477 2342 529 in
2373 477 2592 531 sinistro
2622 476 2927 532 habentem.

2144 565 2234 619 80.
2268 566 2472 635 Equum
2503 580 2717 635 quoque
2747 569 2796 620 in
2829 569 2993 638 figura
3034 568 3204 636 plebis
3238 571 3607 630 haereticorum
3631 620 3644 639 ,

2066 664 2119 707 et
2149 670 2489 711 ascensorem
2515 657 2634 725 ejus
2656 658 2950 712 diabolum.
2976 657 3235 713 Praedicat
3262 664 3422 717 etiam
3449 664 3644 721 fontem

2064 748 2119 800 in
2155 748 2315 803 domo
2347 750 2456 803 veri
2486 751 2680 817 David,
2717 761 2987 820 patentem
3033 754 3083 805 in
3114 755 3325 809 lavacro
3356 772 3648 825 regenera-

2067 842 2247 896 tionis.
2278 844 2392 897 Alia
2428 859 2759 913 quaecunque
2788 845 2995 910 scribit,
3027 856 3117 898 aut
3169 846 3236 901 de
3280 848 3511 905 adventu
3542 852 3645 907 Do-

2065 933 2215 997 mini,
2249 943 2340 989 aut
2360 934 2425 990 de
2450 934 2569 1005 ejus
2598 935 2846 1003 passione
2872 944 3018 999 sunt,
3067 948 3155 990 aut
3180 938 3248 993 de
3279 942 3461 995 saeculi
3495 942 3601 998 fine
3629 984 3643 1003 ,

2064 1025 2177 1079 sive
2214 1026 2434 1094 judicio.
2472 1027 2822 1095 Prophetavit
2849 1037 3028 1082 autem
3060 1031 3294 1083 secundo
3318 1046 3459 1085 anno
3504 1032 3646 1089 Darii

2066 1118 2203 1186 regis
2240 1120 2553 1184 Medorum,
2602 1122 2793 1176 iisdem
2839 1124 3167 1191 temporibus
3193 1126 3385 1194 quibus
3430 1135 3487 1182 et
3528 1131 3648 1199 Ag—

2063 1222 2230 1276 gaeus,
2265 1224 2406 1263 anno
2435 1202 3210 1283 septuagesimo.desolationis
3244 1220 3424 1288 templi
3462 1230 3519 1275 et
3544 1236 3646 1276 ca-

2064 1297 2323 1365 ptivitatis
2352 1301 2557 1369 populi.

2645 1393 2728 1450 De
2755 1395 3040 1452 Malacht'a.

2134 1484 2225 1538 8i.
2250 1484 2572 1551 Malachias,
2622 1488 2711 1556 qui
2743 1488 3126 1556 interpretatur
3147 1492 3362 1561 angelus
3387 1491 3598 1545 Domini
3620 1538 3637 1559 ,

2067 1573 2122 1626 in
2154 1574 2418 1644 principio
2466 1576 2698 1632 vaticinii
2729 1578 2811 1632 sui
2840 1577 3174 1634 demonstrat
3201 1574 3383 1636 odium
3432 1580 3649 1638 Judaeu-

2062 1682 2183 1722 rum
2209 1670 2259 1721 in
2283 1668 2447 1733 Esau,
2475 1680 2527 1725 et
2548 1671 2892 1726 dilectionem
2916 1671 3148 1743 juniorls
3178 1675 3355 1744 populi
3383 1678 3432 1730 in
3457 1672 3640 1732 lacob.

439 1737 535 1793 76.
560 1739 896 1806 Zacharias,
943 1744 1032 1813 qui
1081 1747 1391 1801 nominatur
1420 1750 1668 1804 meritoria
1713 1751 1958 1818 Domini,
1996 1758 2037 1814 Β
2069 1759 2121 1813 In
2167 1762 2515 1828 sequentibus
2562 1774 2737 1817 autem
2791 1766 2999 1818 veteres
3042 1754 3349 1822 Iudaeorum
3396 1770 3641 1823 i'ic'timas

366 1842 656 1901 postquam
684 1832 794 1901 jam
845 1833 1053 1888 Domini
1102 1839 1345 1904 patribus
1398 1840 1777 1909 prophetarit,
1833 1843 1965 1899 vidit

366 1922 543 1974 virum
573 1923 853 1977 sedentem
895 1934 1055 1992 super
1084 1941 1280 1995 equum
1312 1928 1511 1994 rufum,
1568 1931 1619 1985 in
1655 1934 1820 2001 ﬁgura
1844 1949 1966 1989 ror-

367 2014 521 2080 poris
546 2013 1011 2076 Cbristi,roseum
1042 2019 1306 2087 sanguine
1338 2022 1603 2089 passionis
1629 2063 1644 2087 ,
1674 2024 1788 2077 sive
1818 2041 1965 2096 myr-

366 2117 503 2171 teta,
528 2110 772 2175 gentium
799 2113 1052 2178 populum
1075 2112 1452 2180 signiﬁcantia;
1474 2116 1665 2184 aspicit
1685 2124 1740 2170 et
1764 2131 1963 2172 cornua

364 2207 625 2265 quatuor,
654 2200 774 2252 sive
820 2199 1000 2255 fabros
1029 2202 1081 2255 in
1132 2204 1299 2273 ﬁgura
1330 2207 1592 2275 gentium,
1624 2223 1744 2278 qua:
1773 2209 1964 2264 Judam

362 2301 419 2347 et
449 2292 614 2346 Israel
643 2293 1018 2361 dispergeutes
1037 2334 1052 2358 ,
1106 2298 1253 2364 gravi
1289 2298 1525 2364 pondere
1555 2299 1964 2367 depresserunt.

441 2385 528 2436 77.
564 2384 810 2438 Intuetur
855 2385 1105 2438 similiter
1133 2397 1188 2440 et
1217 2387 1397 2443 Jesum
1427 2429 1446 2457 ,
1487 2390 1737 2445 sordibus
1789 2393 1967 2448 carnis

363 2487 418 2530 et
447 2476 785 2531 mortalitate
817 2477 1088 2542 vestitum,
1116 2479 1311 2544 quibus
1341 2481 1553 2543 ablatis,
1589 2482 1833 2536 indutum
1865 2485 1967 2538 im-

364 2569 705 2621 mortalitate
748 2578 799 2621 et
838 2568 1006 2637 gloria
1036 2606 1051 2621 .
1112 2568 1301 2624 Cernit
1338 2582 1391 2624 et
1442 2572 1671 2642 lapidem
1696 2612 1710 2637 ,
1752 2574 1845 2644 qui
1884 2585 1969 2630 est

361 2660 646 2724 Christus,
680 2666 888 2723 septem
934 2660 1217 2715 habentem
1251 2663 1467 2730 oculos,
1502 2665 1552 2717 id
1582 2674 1683 2730 est,
1713 2668 1965 2734 septifor-

365 2752 469 2803 mis
503 2749 731 2816 spiritus
757 2748 1169 2817 plenitudinem.
1198 2749 1340 2805 Inter
1371 2752 1483 2808 haec
1504 2751 1743 2808 intuetur
1767 2768 1963 2810 torrem

360 2852 415 2896 et
449 2844 700 2897 titionem
726 2846 1048 2898 exstinctum
1074 2886 1088 2908 ,
1143 2844 1194 2899 id
1228 2855 1331 2906 est,
1365 2847 1662 2905 diabolum.
1689 2846 1968 2903 Candela-

363 2933 527 2986 brum
558 2933 705 2987 tidet
750 2932 801 2986 in
854 2936 1021 3004 figura
1050 2934 1243 2988 Christi
1272 2950 1393 2990 cum
1444 2937 1677 2992 lucernis
1720 2950 1960 3010 septem,

361 3040 487 3090 quae
516 3032 643 3077 sunt
677 3023 963 3088 Ecclesiae;
997 3038 1204 3080 necnon
1236 3035 1291 3081 et
1319 3028 1452 3081 duas
1479 3029 1648 3084 olivas
1675 3070 1691 3092 .
1744 3031 1812 3085 ad
1834 3031 1965 3086 dex-

364 3126 541 3167 teram
589 3124 646 3168 et
680 3114 744 3167 ad
791 3115 1061 3167 sinistram
1099 3119 1410 3171 candelabri
1439 3122 1642 3188 positas
1666 3152 1685 3185 ν

362 3204 849 3260 Testamentorum
886 3218 1066 3277 typum
1097 3208 1482 3277 signiﬁcantes.

435 3298 528 3353 78.
564 3301 810 3354 Assumit
843 3316 1057 3369 quoque
1102 3302 1244 3357 idem
1276 3304 1409 3358 duas
1452 3306 1627 3375 virgas
1654 3307 1877 3364 funiculi
1904 3320 1960 3366 et

362 3394 583 3447 decoris
618 3396 672 3447 in
704 3402 829 3464 typo
849 3393 1152 3449 .ludaeorum
1177 3406 1230 3451 et
1251 3400 1510 3467 gentium.
1535 3398 1741 3471 Aspicit
1762 3404 1960 3461 deinde

361 3487 499 3541 duas
523 3486 806 3549 mulieres,
840 3488 892 3542 id
924 3498 1039 3552 est,
1069 3488 1445 3546 haereticorum
1478 3494 1679 3561 plebes,
1723 3496 1839 3552 sive
1859 3498 1958 3552 Ju-

360 3580 634 3641 daeorum,
667 3578 721 3631 in
772 3580 871 3631 alis
911 3580 1022 3632 suis
1069 3579 1308 3635 levantes
1353 3583 1705 3653 amphoram,
1741 3587 1793 3640 id
1829 3597 1912 3643 est
1938 3632 1953 3651 ,

367 3672 707 3725 diabolicam
736 3670 1063 3737 doctrinam,
1094 3686 1430 3741 inassamque
1455 3674 1675 3743 plumbi,
1704 3678 1847 3746 quod
1875 3689 1958 3733 est

364 3766 529 3834 212
586 3763 794 3830 pondus
844 3767 1042 3830 peccati
1078 3764 1488 3832 gravissimum,
1534 3766 1650 3821 sive
1698 3769 1954 3825 volumen

366 3856 558 3907 Vulnus
576 3898 591 3919 ,
624 3856 677 3907 in
707 3868 813 3923 quo
836 3864 1052 3922 peccata
1087 3855 1363 3909 hominum
1390 3866 1443 3911 et
1468 3859 1731 3927 supplicia
1753 3861 1957 3915 descri-

365 3949 591 4001 buntur.

436 4040 528 4093 79.
570 4037 727 4091 Videt
751 4045 804 4090 et
835 4035 1125 4106 quadrigas
1148 4048 1400 4105 quatuor,
1426 4055 1531 4094 uno
1558 4040 1955 4109 praedicationis

363 4131 695 4202 evangelicae
721 4129 851 4199 jugo
901 4140 1198 4184 currentes.
1240 4131 1366 4185 Post
1415 4132 1515 4187 hoc
1557 4134 1749 4200 aspicit
1787 4150 1955 4204 equos

364 4226 571 4278 missos
612 4224 679 4276 ad
733 4221 1165 4286 praedicationem
1207 4223 1388 4275 mundi
1423 4240 1435 4274 :
1471 4224 1700 4291 primum
1735 4225 1909 4279 rufum
1934 4268 1951 4293 ,

366 4320 619 4387 passione
649 4316 913 4387 martyrii.
947 4314 1253 4369 Secundum
1289 4316 1495 4386 nigrum
1517 4358 1531 4377 ,
1558 4319 1808 4385 squalore
1839 4336 1954 4389 poe-

365 4413 628 4466 nitettliae.
662 4411 901 4465 Tertium
925 4410 1131 4475 album,
1155 4408 1389 4465 candore
1410 4411 1955 4481 baptismatis.Quar-

2069 1850 2347 1917 reprobat.
2380 1850 2443 1903 Et
2466 1852 2791 1906 sacriﬁcium
2824 1852 3099 1907 transferri
3122 1856 3187 1908 ad
3214 1844 3404 1926 gentes
3437 1876 3649 1914 annon.

2069 1939 2184 1991 tiat.
2221 1936 2273 1992 lu
2327 1940 2433 1994 ﬁne
2479 1957 2604 1997 vero
2650 1943 2938 1999 adventum
2975 1946 3218 2012 Domini,
3269 1946 3410 2003 diem
3443 1958 3655 2020 quoque

2064 2028 2251 2097 juditii
2288 2034 2666 2103 justorumque
2708 2035 2923 2102 prmmia
2951 2079 2965 2100 ,
3021 2042 3072 2091 et
3114 2039 3399 2107 impiorum
3446 2054 3651 2109 prunas.

2066 2121 2326 2176 Joannem
2373 2126 2534 2178 etiam
2595 2129 2851 2194 praedicat
2893 2136 3017 2182 ante
3070 2132 3299 2198 primum
3356 2133 3649 2189 adventum

2073 2216 2280 2271 Domini
2317 2219 2564 2285 lliisSlllll.
2599 2232 2650 2273 et
2687 2221 2851 2274 Ellam
2885 2234 3009 2277 ante
3040 2218 3332 2280 secundum
3362 2222 3649 2281 adventum

2069 2312 2351 2365 annuntiat
2380 2327 2499 2367 esse
2528 2316 2871 2369 mittendum.

2140 2401 2231 2456 89..
2296 2404 2440 2458 lntcr
2495 2404 2609 2459 haec
2660 2406 2917 2459 nonnulla
2962 2406 3184 2464 moralia
3246 2420 3299 2465 et
3358 2412 3654 2481 distiplinis

2068 2496 2423 2563 congruentia
2468 2498 2701 2563 eXplicat
2723 2540 2738 2563 ,
2790 2500 2841 2553 in
2873 2500 3068 2569 quibus
3100 2505 3316 2573 corripit
3350 2507 3600 2576 populuan
3632 2552 3648 2574 ,

2071 2590 2185 2643 sive
2214 2591 2526 2646 sacerdotes
2557 2592 2919 2662 deSpicientes
2950 2611 3146 2650 nomen
3184 2598 3393 2653 DOmini
3422 2642 3435 2662 ,
3494 2602 3652 2672 atque

2072 2683 2191 2748 ejus
2253 2693 2589 2739 sacramenta
2628 2682 2845 2753 pollutis
2876 2687 3241 2743 oblatiopibus
3283 2700 3338 2745 et
3376 2692 3651 2748 sacriﬁciis

2069 2771 2229 2844 213
2261 2776 2544 2830 violantes.
2576 2775 2883 2831 Prtcmonct
2927 2778 3087 2831 etiam
3113 2781 3397 2850 episcopos
3426 2783 3613 2839 doctos
3634 2827 3651 2849 ,

2068 2875 2122 2918 et
2148 2867 2265 2921 sine
2297 2870 2511 2921 macula
2534 2884 2655 2923 esse
2684 2869 2905 2934 debere,
2931 2880 2983 2925 et
3014 2873 3145 2926 citra
3176 2882 3521 2940 perSOnaruut
3554 2894 3652 2931 ac—

2066 2960 2370 3028 ceptionem
2422 2962 2650 3030 populos
2700 2963 2985 3018 veritatem
3026 2966 3330 3032 instruere;
3372 2966 3651 3023 diScortles

2065 3067 2279 3122 quoque
2327 3052 2527 3122 arguit,
2560 3053 2801 3107 der-imas
2850 3066 2903 3108 et
2957 3057 3222 3123 primitias
3262 3054 3564 3113 reddendas
3597 3061 3646 3114 in

1730 3122 1957 3179 duorum
1988 3123 2032 3183 C
2069 3144 2512 3212 prmdiCatoribus
2539 3159 2568 3197 a
2613 3146 2825 3213 popubs
2859 3122 3111 3202 Ecclesiae
3141 3149 3398 3216 praecipit.

2132 3232 2222 3288 85.
2251 3236 2507 3306 Obiurgat
2532 3245 2587 3291 et
2616 3251 2710 3291 eos
2740 3239 2827 3305 qui
2859 3239 3114 3309 conjuges
3146 3256 3268 3293 suas
3298 3241 3601 3310 despiéiuut
3628 3289 3642 3308 ,

2061 3336 2117 3382 et
2144 3327 2370 3381 aliarum
2418 3341 2601 3380 amore
2642 3338 2950 3381 nectuntur.
2985 3329 3248 3384 Similiter
3270 3341 3321 3384 et
3355 3333 3475 3385 illos
3505 3335 3595 3399 qui
3622 3376 3636 3397 ,

2062 3418 2332 3472 miseriam
2361 3433 2511 3473 Suam
2534 3418 2816 3485 dolentes,
2859 3419 3167 3477 felicitatem
3195 3422 3414 3478 laudant
3450 3432 3634 3481 eorum

2062 3510 2152 3579 qui
2186 3510 2344 3580 hujus
2375 3509 2566 3565 mundi
2600 3513 2872 3580 prosperis
2905 3528 2987 3581 per
3004 3513 3268 3570 fruuntur.
3295 3508 3638 3585 Prophetavit

2059 3604 2236 3655 autem
2270 3602 2596 3656 novissimus
2630 3602 2683 3655 in
2714 3602 2989 3675 Babylone
3014 3645 3028 3669 ,
3079 3606 3299 3675 quando
3330 3610 3556 3679 Aggere
3586 3620 3639 3664 et

2060 3690 2369 3747 Zacharias.

2709 3774 2787 3839 De
2816 3783 3007 3840 Esdra.

2132 3871 2223 3930 84.
2258 3876 2456 3929 Esdras
2502 3875 2690 3930 scribit
2738 3877 3027 3945 populum,
3076 3880 3288 3947 expleto
3315 3880 3643 3948 captivitatis

2060 3978 2327 4039 tempore,
2362 3970 2663 4038 imperante
2709 3966 2850 4039 Cyro
2885 3985 3009 4036 rege
3037 3972 3321 4026 Persarum
3345 4019 3359 4041 ,
3406 3976 3456 4026 iu
3486 3964 3642 4030 .lc'tt-

2060 4046 2228 4117 salem
2283 4061 2449 4116 fuisse
2484 4074 2804 4126 reversum;
2836 4076 2898 4115 ac
2930 4062 3034 4115 sub
3074 4061 3373 4119 Zorobabel
3419 4077 3473 4120 et
3515 4066 3640 4121 Jesu

2060 4154 2170 4207 ﬁlio
2193 4151 2483 4218 Josedech,
2517 4153 2799 4206 sacerdote
2827 4168 3043 4223 magno,
3071 4155 3183 4208 sive
3213 4152 3493 4223 Nehemia,
3522 4177 3636 4212 Inu-

2059 4260 2148 4300 ros
2170 4243 2468 4299 Jerusalem
2501 4243 2868 4311 templumque
2897 4253 2951 4298 et
2973 4244 3144 4300 altare
3170 4254 3484 4302 renovatum
3506 4292 3519 4311 ,
3549 4244 3639 4318 Ῑης

2059 4350 2274 4405 quoque
2295 4333 2636 4388 sacerdotum
2672 4335 2977 4389 restitutum
3000 4377 3013 4395 ,
3041 4346 3093 4388 et
3124 4346 3328 4392 sancta:
3357 4340 3633 4409 religionis

2059 4428 2262 4483 cultum
2299 4467 2312 4489 ,
2365 4424 2659 4491 multisque
2709 4427 2902 4492 opibus
2953 4426 3195 4494 gentium
3235 4428 3642 4500 principumque

368 4514 477 4555 tum
513 4502 724 4554 varium
752 4544 767 4564 ,
824 4502 1170 4565 expositione
1195 4511 1249 4554 et
1295 4502 1538 4557 doctrina
1589 4504 1729 4557 fidei.
1770 4506 1951 4560 Cernit
1982 4511 2031 4567 0
2061 4518 2345 4570 Persarum
2377 4515 2693 4570 muneribus
2721 4524 3086 4584 perorantum.

364 4612 579 4665 quoque
612 4605 665 4649 ct
696 4598 869 4659 tubas,
904 4607 1213 4649 sanctorum
1240 4605 1512 4666 gestantes
1561 4599 1778 4669 figuram
1810 4645 1823 4668 ,
1858 4620 1952 4672 per

366 4702 495 4751 quas
531 4688 787 4743 Dominus
816 4687 1016 4740 mundo
1045 4687 1209 4749 canit,
1239 4697 1399 4752 atque
1428 4692 1676 4759 angulum
1697 4734 1711 4757 ,
1763 4694 1814 4747 in
1846 4712 1952 4764 quo

364 4782 472 4833 duo
493 4796 559 4832 ex
592 4782 824 4833 adverso
854 4779 1034 4847 populi
1066 4779 1483 4848 conjunguntur,
1518 4783 1633 4838 sive
1667 4785 1946 4855 paxillum,

370 4872 666 4940 ﬁguraliter
688 4871 989 4937 Christum,
1012 4870 1232 4925 inﬁxum
1258 4873 1307 4925 iu
1332 4874 1586 4929 cordibus
1611 4879 1948 4948 populorum,

435 5006 525 5060 76.
556 5006 668 5066 AL,
698 5008 752 5058 in
785 5006 1033 5071 patribus.
1056 5005 1195 5059 Matt.

434 5077 527 5129 77.
581 5078 723 5129 inter
782 5088 971 5129 torrem
1021 5086 1077 5130 et
1126 5078 1356 5131 titionem
1408 5079 1617 5135 nullum
1656 5078 1950 5139 discrimen

363 5152 592 5213 reperiri
626 5156 777 5215 puto.
816 5152 988 5200 Auev.
1308 5168 1313 5173 '

436 5216 526 5270 '78.
561 5220 675 5276 AL,
700 5217 999 5283 Diabolum,
1030 5232 1349 5288 mussantque
1372 5234 1468 5287 pro
1502 5219 1808 5275 diabolicam
1833 5226 1951 5276 doc-

364 5289 553 5343 trinam
575 5329 590 5348 ,
621 5303 959 5358 mussantque.
994 5289 1133 5342 Matt.

433 5361 541 5433 79.,
560 5360 617 5412 In
644 5369 795 5412 textu
821 5357 1006 5412 Grialii
1046 5370 1162 5413 erat
1185 5359 1370 5427 ξιιρωἰο
1398 5376 1497 5424 pro
1523 5361 1740 5429 inﬁxum
1762 5408 1776 5432 ,
1809 5365 1953 5433 quod

370 5444 437 5481 es
476 5431 601 5483 aliis
630 5440 685 5483 et
715 5446 877 5483 sensu
912 5434 1029 5497 ipso
1053 5434 1288 5484 correxi.
1319 5434 1488 5485 Auev.

435 5500 524 5553 8i.
558 5503 670 5568 AL,
703 5502 924 5571 Angelus
953 5498 1301 5555 Dei.-—Fiue.
1335 5504 1442 5567 AL,
1477 5502 1635 5570 ﬁnem
1655 5506 1944 5559 unuitliat.

362 5570 471 5632 AL,
500 5570 793 5624 denuntiat.
827 5573 970 5626 MAR.

434 5642 527 5694 82.
557 5643 671 5705 ΑΙ..
701 5644 877 5703 bonos,
895 5653 940 5693 et
957 5643 1064 5695 sine
1089 5642 1301 5695 crimine
1328 5658 1435 5697 esse
1457 5644 1582 5695 d.——
1621 5643 1942 5707 "addendos,

367 5720 472 5765 etc.
501 5711 617 5778 AL,
645 5714 908 5767 reddenda
930 5730 960 5766 α
991 5711 1198 5780 pupulis
1229 5716 1478 5783 praecipit.
1518 5716 1657 5768 Msa.

2631 4607 2706 4659 De
2740 4607 3070 4662 .ilachabwt's.

2132 4697 2220 4753 85.
2252 4698 2678 4752 Machabaeorum
2731 4698 2891 4766 libri,
2923 4699 3046 4752 licet
3096 4715 3202 4753 non
3253 4699 3552 4756 habeantur
3583 4704 3636 4756 in

2058 4804 2263 4843 canone
2307 4790 2650 4843 Hebraeorum
2674 4831 2688 4853 ,
2723 4799 2901 4843 tamen
2932 4790 3000 4843 ab
3050 4791 3286 4845 Ecclesia
3338 4796 3476 4845 inter
3502 4795 3641 4847 divt-

2059 4899 2247 4938 norum
2282 4883 2615 4937 voluminum
2643 4892 3067 4938 annumerantur
3100 4884 3373 4939 historias.
3409 4885 3632 4941 Praeno-

2129 5018 2217 5073 85.
2236 5018 2373 5074 Suus
2387 5018 2695 5088 despiciunt,
2715 5028 2760 5071 et
2779 5018 3000 5072 aliarum
3021 5030 3195 5088 amare
3212 5029 3505 5075 nectuntur.
3525 5021 3636 5088 Duo

2058 5089 2400 5156 Hispaleuscs
2428 5078 2547 5157 post
2572 5078 2858 5142 hancverb'a
2883 5091 3085 5142 addunt
3110 5107 3122 5141 :
3150 5084 3486 5144 Hmtcautem
3520 5078 3634 5145 Μα-

2057 5164 2283 5213 lachiam
2329 5159 2533 5213 Hebrwi
2566 5159 2788 5211 Esdram
2813 5160 3103 5230 intelligunt
3131 5165 3464 5230 sacerdotem.
3498 5162 3637 5216 Nam

2058 5242 2104 5284 et
2147 5231 2409 5295 complura
2429 5246 2544 5300 qua:
2588 5231 2643 5283 in
2689 5230 2785 5304 hoc
2818 5229 3089 5304 prapiielia
3119 5229 3409 5283 scribuntur
3440 5234 3492 5285 in
3522 5236 3633 5304 ejus

2058 5302 2318 5355 uolumine
2341 5303 2689 5373 continentur.
2711 5300 2840 5373 Quae
2871 5303 3030 5353 verba
3067 5304 3273 5355 tametsi
3300 5300 3631 5373 Hieronymi,

2062 5371 2267 5435 praefat.
2323 5372 2372 5423 in
2411 5372 2549 5424 hunc
2578 5372 2892 5440 prophetam
2922 5411 2935 5432 ,
2964 5378 3021 5423 et
3055 5374 3331 5437 Augustini
3360 5388 3427 5426 xx
3449 5371 3517 5427 de
3545 5375 3633 5426 Ci-

2061 5443 2159 5495 vit.
2186 5481 2201 5505 ,
2241 5459 2290 5495 r.
2316 5440 2388 5493 25
2408 5482 2424 5505 ,
2470 5439 2790 5495 auctoritate
2820 5439 3037 5495 defendi
3067 5451 3345 5507 poterant,
3377 5452 3632 5511 tanquam

2058 5512 2197 5565 male
2234 5526 2413 5584 asstt'a
2459 5517 2576 5566 loco
2624 5513 2929 5577 movimus,
2978 5511 3372 5584 rejeciinusque
3402 5516 3453 5568 in
3494 5516 3630 5569 hunc

2057 5582 2253 5635 locant.
2284 5582 2422 5637 Man.

2125 5653 2215 5707 85.
2250 5652 2331 5705 Al.
2362 5692 2375 5715 ,
2405 5652 2637 5721 scripsit,
2671 5652 2939 5721 papulum.
2974 5651 3113 5707 Mur.
