4108 6178
404 280 508 333 ίῖὅ

1468 275 1528 330 S.
1572 272 1810 330 lSlDORl
1854 272 2296 330 lllSPALENSlS
2340 273 2644 328 EPISCOPI

3580 273 3681 327 ΠΟ

399 407 511 450 tam
543 404 718 450 autem
753 392 933 463 praelia
958 393 1100 447 inter
1125 390 1477 445 llebrteorum
1507 386 1672 444 duces
1696 396 1993 457 gentesque
2023 394 2066 448 Λ
2104 388 2253 457 plura
2290 398 2466 442 tamen
2493 402 2563 443 ex
2602 384 2857 441 Matthaeo
2882 392 3295 449 commemorat,
3348 400 3453 439 non
3479 394 3682 441 tantum

404 492 712 555 Persarum,
746 502 978 559 pugnam
1002 499 1218 555 quoque
1246 483 1602 539 Sabbatorum
1624 522 1640 547 ,
1690 491 1745 536 et
1774 481 1985 537 nobiles

403 582 692 638 Macltabtei
748 578 1090 649 triumphos,
1144 576 1319 631 lmdus
1362 591 1576 645 quoque
1627 576 1981 631 amicitiarum

402 693 519 730 rum
553 675 917 728 Romanorum
953 670 1203 732 ducibus,
1233 676 1462 736 actaque
1489 670 1838 739 legationum.

864 780 939 836 De
966 790 1186 852 quatuor
1206 780 1522 852 Evangeliis.

471 899 557 955 86.
594 895 1008 965 Evangeliorum
1039 893 1351 963 praedicatio
1376 934 1393 959 ,
1424 892 1667 962 quamvis
1692 892 1970 963 quadrifa-

412 993 487 1046 ria
517 992 606 1052 sit,
640 1002 741 1041 una
768 996 852 1040 est
880 996 1079 1051 tamen,
1109 984 1275 1057 214.
1301 985 1420 1053 quia
1453 999 1519 1039 ex
1553 1000 1660 1038 uno
1684 984 1988 1052 eodemque

409 1099 503 1136 ore
549 1079 855 1134 Divinitatis
907 1080 1197 1146 processit.
1253 1076 1378 1131 llaac
1420 1084 1547 1130 sunt
1576 1076 1720 1131 enim
1754 1089 1989 1144 quatuor

401 1176 641 1238 numina,
675 1174 743 1228 de
773 1188 882 1227 uno
914 1171 1147 1242 paradisi
1182 1170 1330 1224 fonte
1353 1169 1621 1224 manantia
1649 1210 1663 1233 ,
1708 1184 1827 1237 quae
1857 1184 1988 1238 qua-

397 1274 572 1341 drupli
623 1273 823 1326 unione
880 1271 1217 1332 decurrunt,
1264 1282 1327 1322 ac
1360 1283 1453 1336 per
1502 1275 1672 1321 totum
1726 1266 1985 1321 mundum

395 1366 640 1421 caelestis
665 1363 1067 1433 przedicatiouis
1092 1360 1402 1415 ministrant
1433 1360 1633 1415 ﬂuenta
1658 1399 1674 1424 ,
1705 1358 1890 1429 gratim
1922 1372 1986 1410 ac

398 1459 523 1514 tidei
559 1458 792 1511 virorem
826 1451 1138 1509 infundunt.

464 1577 559 1631 87.
597 1574 720 1629 llaec
750 1581 834 1628 est
866 1572 957 1627 illa
983 1571 1036 1626 in
1067 1569 1335 1625 Zacltaria
1364 1568 1621 1640 quadriga
1650 1566 1885 1629 Domini,
1929 1564 1985 1619 in

397 1688 500 1738 qua
531 1684 626 1737 per
656 1680 870 1722 onmem
898 1666 1084 1720 orbem
1129 1672 1352 1719 evectus
1393 1664 1497 1717 leni
1539 1662 1672 1731 jugo
1714 1661 1852 1715 colla
1884 1657 1987 1713 sibi

2089 495 2295 543 rerum,
2322 478 2415 532 sed
2443 486 2498 531 et
2522 478 2808 532 verborum
2833 476 3079 530 ordinem
3118 490 3364 530 servans.

2158 570 2245 623 90.
2281 566 2449 624 Lucas
2499 583 2625 622 vero
2676 567 2910 622 historiae
2942 566 3111 637 magis
3167 567 3409 621 ordinem
3461 575 3683 631 tenens,

2087 662 2354 732 copiosius
2387 662 2599 716 caeteris
2625 671 2896 730 gestorum
2926 662 3121 716 Christi
3154 661 3378 715 virtutes
3422 660 3684 714 enuntiat.

2088 753 2170 807 Ad
2204 753 2439 807 ultimum
2488 752 2754 815 Joannes,
2781 752 3038 806 naturalia
3086 752 3392 821 explicans,
3447 761 3689 805 transvo-

2090 846 2215 899 lavit
2260 846 2456 913 canos,
2505 856 2554 899 et
2586 848 2833 915 angelos,
2885 846 3221 915 Verbumque
3248 845 3341 900 Dei
3372 846 3603 914 reperit,
3635 855 3689 900 et

2090 938 2139 992 in
2169 936 2428 1005 principio
2457 937 2619 991 luisse
2650 937 3005 991 annuntiavit.

2163 1030 2254 1085 9t.
2290 1030 2367 1083 Ex
2413 1030 2493 1083 his
2526 1031 2727 1099 primus
2780 1038 2837 1084 et
2883 1031 3100 1083 ultimus
3152 1044 3214 1082 ea
3262 1027 3690 1099 praedicaverunt

2088 1138 2207 1191 qua:
2234 1137 2304 1178 ex
2350 1136 2444 1175 ore
2487 1121 2682 1174 Christi
2713 1121 3028 1185 audierunt,
3062 1121 3143 1174 vel
3172 1135 3289 1189 quae
3334 1119 3401 1173 ab
3432 1120 3522 1173 illo
3552 1118 3688 1173 facta

2090 1215 2168 1269 vel
2200 1223 2344 1285 gesta
2378 1212 2674 1266 audierunt.
2726 1211 2933 1280 lteliqui
2984 1210 3144 1265 medii
3195 1212 3300 1264 duo
3329 1224 3391 1264 ea
3455 1217 3690 1263 tantum-

2090 1307 2248 1359 modo
2278 1322 2394 1374 qute
2421 1306 2486 1357 ab
2518 1303 2773 1373 apostolis
2799 1311 3189 1372 cognoverunt:
3221 1316 3445 1371 quorum
3475 1300 3689 1369 quidem

2088 1399 2365 1453 Maltlttt‘us
2419 1397 2764 1466 Evangelium
2828 1397 2883 1449 in
2933 1396 3118 1451 Judzea
3181 1396 3383 1464 primus
3437 1393 3689 1463 scripsit,

2088 1489 2281 1545 deinde
2308 1489 2515 1543 Marcus
2545 1489 2595 1541 in
2623 1488 2788 1552 Italia,
2822 1488 3011 1541 tertius
3042 1487 3211 1540 Luc:ts
3235 1488 3287 1540 in
3311 1484 3532 1548 Achaia,
3568 1484 3693 1538 ulti-

2090 1600 2209 1638 mus
2256 1584 2491 1638 Joannes
2522 1582 2572 1635 in
2604 1580 2749 1634 Asia.
2786 1580 2863 1633 Ex
2916 1580 3106 1648 quibus
3135 1579 3283 1633 solus
3311 1589 3514 1632 tantum
3561 1578 3692 1629 lilat~

2091 1682 2262 1733 thaeus
2294 1674 2689 1747 praedicationis
2711 1689 2823 1729 suae
2854 1673 3126 1728 historiam
3152 1673 3411 1727 llebraico
3439 1667 3695 1740 perstrin-

398 1771 716 1816 cunctarum
745 1760 985 1828 gentium
1018 1757 1253 1826 subiicit.
1289 1757 1353 1810 lli
1380 1764 1507 1811 sunt
1536 1757 1724 1819 etiam,
1760 1762 1812 1807 et
1842 1767 1980 1822 quos
2012 1764 2061 1826 Β
2091 1776 2170 1829 κη
2197 1773 2357 1844 sm".
2388 1769 2597 1840 Reliqui
2628 1783 2755 1825 vero
2781 1768 2951 1822 arma
2980 1767 3245 1823 sermonis
3272 1766 3484 1833 eloquio
3510 1763 3694 1820 edide,

402 1858 499 1910 sub
530 1864 760 1926 quatuor
788 1852 1101 1906 animalium
1133 1852 1316 1919 specie
1348 1849 1485 1903 visio
1518 1847 1856 1917 prophetalis
1885 1846 1983 1901 de—

402 1949 640 2016 scripsit,
674 1947 727 2002 id
759 1956 863 2014 est,
897 1944 1151 2011 hominis,
1187 1943 1379 2007 leonis,
1412 1942 1565 1996 bovis
1596 1951 1650 1995 et
1672 1941 1887 2011 aquilae.

470 2042 559 2096 88.
595 2039 835 2107 Namque
866 2037 1101 2106 primus,
1129 2034 1334 2089 scilicet
1365 2033 1667 2098 Matthazus,
1701 2045 1757 2085 ut
1792 2032 1984 2092 homo,

400 2135 645 2189 ordinem
702 2134 949 2185 humanae
1001 2126 1299 2183 nativitatis
1356 2126 1625 2196 designat.
1676 2124 1984 2186 Secundus,

399 2227 610 2283 scilicet
637 2224 878 2289 Marcus,
928 2220 995 2274 ad
1026 2220 1198 2273 instar
1232 2219 1491 2287 rugientis
1522 2217 1693 2270 leonis
1718 2215 1900 2270 statim
1935 2216 1985 2268 in

406 2319 667 2385 principio
695 2316 777 2369 sui
809 2313 1004 2367 divinae
1031 2310 1314 2379 potestatis
1350 2308 1723 2363 fortitudinem
1755 2309 1987 2362 intonat.

405 2410 619 2465 Tertius
644 2448 659 2474 ,
706 2406 918 2460 scilicet
945 2402 1115 2456 Lucas
1146 2443 1162 2469 ,
1210 2402 1485 2454 victimam
1518 2399 1820 2453 sacerdotis
1856 2412 1993 2466 prte-

408 2502 648 2566 mittens,
681 2498 831 2569 quasi
865 2497 1015 2552 vituli
1046 2505 1270 2550 mortem
1302 2474 1560 2549 insinuat.
1595 2493 1856 2561 Quartus,
1884 2492 1992 2545 sci-

408 2594 535 2648 licet
563 2591 834 2655 Joannes,
883 2604 1035 2644 more
1063 2589 1258 2658 aquila:
1294 2594 1580 2656 aspectans
1611 2585 1846 2650 crelum,
1881 2594 1991 2638 ter-

410 2701 526 2740 ram
558 2683 744 2738 avidus
777 2682 1105 2745 transvolat,
1146 2692 1304 2750 atque
1340 2679 1675 2735 nativitatem
1716 2679 1863 2734 verbi
1905 2692 1997 2732 oc.

414 2779 558 2832 culta
589 2774 832 2846 mysterii
856 2774 1207 2842 intelligentia
1237 2781 1515 2843 penetrat;
1548 2772 1641 2828 sed
1684 2788 1749 2827 ex
1783 2772 1865 2825 his
1896 2772 1995 2825 tria

414 2869 502 2923 illa
531 2867 803 2932 animalia,
839 2882 957 2936 qua:
987 2867 1038 2920 in
1068 2874 1211 2920 terra
1237 2866 1578 2933 gradiuntur,
1610 2866 1879 2920 actualem
1917 2866 1996 2919 vi-

417 2974 523 3014 tant
552 2967 862 3027 sequentes,
890 2974 952 3012 ea
999 2957 1371 3012 tantummodo
1420 2957 1685 3026 persecuti
1710 2967 1836 3012 sunt
1879 2973 2000 3027 qua:

417 3053 581 3106 homo
606 3051 853 3105 Christus
899 3050 949 3103 in
995 3051 1157 3104 terris
1204 3050 1571 3118 temporaliter
1613 3052 1798 3118 gessit.
1828 3048 2001 3115 Quar-

2089 1876 2238 1922 runt.

2618 1951 2694 2004 De
2727 1947 2970 2020 Epistolis
3001 1948 3179 2002 Pauli.

2161 2050 2253 2103 92.
2268 2046 2462 2102 Paulus
2476 2043 2750 2112 apostolus
2763 2042 3103 2109 quatuortleci
3114 2058 3161 2093 ηι
3184 2038 3435 2112 Epistolis
3450 2040 3699 2107 praedica-

2093 2141 2254 2196 tionis
2267 2156 2377 2195 sua:
2396 2137 2624 2206 perStriu
2636 2136 2710 2189 xit
2730 2137 2947 2203 stylum.
2964 2132 3038 2186 Ex
3052 2131 3241 2199 quibus
3262 2132 3467 2201 aliquas
3481 2142 3699 2199 pmpter

2096 2246 2279 2305 typum
2315 2229 2642 2302 septiformis
2667 2228 2922 2282 Ecclesia:
2945 2239 3149 2294 septem
3175 2225 3392 2293 scripsit
3415 2223 3695 2285 Eoclesiis,

2092 2342 2418 2384 conservans
2443 2324 2618 2394 potius
2649 2336 2747 2376 nec
2776 2320 3042 2375 excedens
3069 2333 3346 2371 numerum
3377 2317 3699 2370 sacramenti
3730 2376 3735 2379 _

2095 2432 2311 2493 propter
2330 2416 2697 2486 septiformem
2719 2413 2887 2468 sancti
2912 2410 3147 2480 Spiritus
3173 2409 3488 2463 efﬁcaciam.
3518 2406 3701 2475 Scrip-

2095 2514 2166 2568 sit
2212 2520 2389 2565 autetn
2424 2507 2489 2562 ad
2540 2507 2836 2567 Romanos,
2869 2502 2937 2555 ad
2985 2500 3413 2559 Corinthios,ad
3462 2497 3699 2565 Galatas,

2097 2607 2166 2663 ad
2214 2602 2493 2674 Ephesios,
2532 2598 2600 2653 ad
2655 2598 3059 2665 Pliilippeuses,
3094 2593 3158 2647 ad
3206 2592 3590 2651 Colossenses,
3632 2591 3702 2641 ad

2098 2694 2637 2756 Thessalonicenses,
2667 2688 2733 2742 ad
2782 2687 3066 2747 Hebraeos,
3104 2683 3336 2753 reliquas
3383 2696 3509 2735 vero
3558 2688 3704 2748 post-

2101 2787 2318 2843 modum
2349 2781 2708 2851 singularibus
2738 2779 2907 2833 edidit
2926 2775 3169 2845 personis
3192 2818 3205 2839 ,
3231 2784 3289 2827 ut
3318 2788 3502 2826 rursus
3527 2773 3699 2839 ipsum

2102 2879 2249 2934 illum
2295 2874 2655 2945 septenarium
2705 2883 2983 2924 numerum
3014 2865 3079 2921 ad
3110 2874 3499 2919 sacramentum
3529 2862 3703 2915 unita-

2104 2972 2173 3027 tis
2198 2975 2557 3026 converteret.

2175 3063 2265 3119 93.
2297 3060 2621 3128 Argumenta
2645 3062 2825 3107 autem
2854 3049 3164 3106 earumdem
3198 3048 3553 3116 Epistolarum
3586 3044 3701 3098 haec

417 3156 527 3197 tum
554 3151 733 3196 autem
761 3141 956 3195 :mimal
991 3140 1461 3208 contemplationis
1489 3140 1606 3194 acie
1634 3140 1881 3196 cmlestia
1917 3140 2001 3194 in-
2033 3137 2078 3199 C
2108 3163 2259 3210 sum;
2294 3148 2555 3220 imprimis
2584 3147 2837 3200 [ὶοιιιςιῃεε
2869 3142 3037 3210 plebis
3067 3142 3226 3196 [idem
3259 3140 3568 3203 collaudat;
3596 3138 3701 3192 co.

421 3237 619 3303 spicit,
658 3245 709 3288 et
733 3248 897 3303 pauca
929 3248 1188 3303 operum,
1235 3235 1460 3303 plurima
1485 3234 1789 3289 divinitatis
1823 3248 2006 3290 sacra-

419 3338 597 3383 mt-nta
631 3325 876 3396 digessit.

491 3420 577 3473 δ9.
597 3437 642 3475 i-
661 3417 942 3473 Matthmus
968 3416 1147 3486 itaque
1168 3416 1222 3471 in
1253 3416 1516 3485 principio
1544 3418 1777 3486 regalem
1797 3418 2003 3474 Christi

420 3529 656 3583 sequens
698 3512 1044 3581 prosapiam,
1097 3520 1151 3564 et
1192 3510 1475 3575 moralem,
1510 3521 1689 3565 tamen
1742 3510 2002 3580 deinceps

422 3604 603 3672 potius
633 3601 972 3668 disciplinam
1003 3610 1241 3662 secutus,
1278 3614 1444 3667 pauca
1474 3601 1748 3670 signorum
1772 3610 1827 3655 et
1852 3603 2001 3671 plura

422 3694 634 3751 vivendi
665 3700 934 3764 praecepta
961 3691 1281 3760 composuit.
1316 3690 1448 3745 Item
1493 3693 1703 3746 Marcus
1726 3694 2008 3749 abbrevia-

425 3801 507 3844 tor
542 3785 775 3841 Matthtci
802 3828 817 3853 ,
862 3798 924 3837 ea
965 3797 1084 3852 quae
1137 3782 1188 3835 in
1240 3781 1433 3836 itinere
1476 3781 1542 3836 ad
1592 3785 1854 3837 rationem
1882 3785 2008 3840 vita:

428 3880 679 3952 regendae
703 3876 931 3931 docebat
963 3875 1149 3930 Petrus
1172 3915 1190 3941 ,
1233 3875 1408 3931 veloci
1435 3877 1575 3947 ston
1605 3877 1862 3946 retexuit,
1892 3895 2012 3949 gra-

428 3976 584 4030 diens
615 3974 813 4044 pariter
846 3969 1006 4042 215
1039 3967 1179 4023 inter
1219 3968 1417 4025 Lucam
1457 3978 1619 4039 atque
1661 3968 1968 4027 Matthzeum
1996 4014 2012 4038 ,

493 4111 585 4168 86.
618 4110 727 4173 AL,
763 4106 1155 4177 Quadrifartam
1183 4105 1359 4159 sit.—
1396 4103 1656 4159 Virorem.
1682 4106 1791 4173 AL,
1821 4124 2010 4170 rorem.

425 4183 533 4245 AL,
563 4181 805 4251 vigorem.
837 4179 978 4251 bisti:

497 4245 638 4305 Ibid:
673 4248 930 4321 Nonnulli
960 4245 1102 4321 Editi
1136 4246 1352 4321 titulum
1388 4248 1719 4321 pra'mltlunt
1751 4268 1765 4303 :
1799 4251 2009 4321 Prtefa-

428 4324 590 4376 tiones
612 4321 862 4374 librorum
880 4316 1014 4371 Novi
1029 4315 1362 4393 Testameaii.
1390 4315 1858 4393 Comparationem
1879 4315 1999 4393 qua-

429 4404 551 4447 tuor
593 4394 873 4446 ﬂuminum
926 4387 1155 4456 paradisi
1204 4386 1448 4441 adhibuit
1503 4387 1757 4456 Isidorus,
1807 4386 1910 4447 lib:
1955 4410 2009 4448 vr

429 4466 657 4535 l'ltytnol.
687 4503 703 4527 ,
752 4476 871 4535 cap.
903 4460 971 4514 16
1003 4476 1016 4511 :
1048 4458 1193 4535 Inter
1220 4468 1414 4535 cazterd
1427 4468 1596 4511 autem
1628 4462 1848 4516 concilia
1876 4482 2007 4529 qua-

2111 3243 2335 3301 rinthios
2358 3241 2567 3311 gemina
2595 3236 2834 3291 doctrina
2859 3234 3024 3306 216
3042 3233 3298 3300 castigat,
3321 3231 3460 3300 apud
3487 3230 3703 3285 Galatas

2110 3354 2208 3410 per
2235 3336 2456 3408 gratiam
2490 3331 2613 3386 fidei
2643 3328 2884 3385 excludit
2910 3339 3074 3396 opera
3107 3324 3265 3394 legis,
3300 3323 3562 3391 Ephesios
3593 3335 3704 3376 ma-

2107 3428 2324 3500 gniﬁcat
2371 3427 2424 3480 in
2460 3424 2593 3490 lide,
2624 3436 2781 3492 quam
2814 3426 3165 3487 acceperunt;
3215 3415 3392 3469 laudat
3422 3412 3705 3467 Colossen-

2108 3536 2197 3576 ses
2227 3534 2322 3588 pro
2367 3533 2433 3572 eo
2481 3513 2623 3584 quod
2672 3512 2725 3566 in
2776 3510 2879 3564 fide
2910 3509 3289 3579 perstiterunt;
3336 3505 3704 3573 Philippenses

2119 3610 2461 3681 Evangelium
2483 3606 2781 3661 custodisse
2805 3603 3134 3673 gratulatur;
3160 3598 3665 3653 Thessalonicenses
3685 3637 3703 3661 ,

2116 3707 2170 3760 in
2222 3704 2393 3773 prima
2427 3698 2661 3770 Epistola
2682 3738 2697 3763 ,
2749 3696 2853 3751 ﬁde
2882 3695 3118 3749 crevisse
3148 3700 3201 3745 et
3229 3691 3508 3759 operibus,
3543 3689 3593 3740 in
3622 3702 3708 3741 se-

2116 3798 2291 3853 cunda
2311 3840 2326 3863 ,
2362 3792 2757 3864 persecutiones
2790 3788 3044 3843 tolerasse
3093 3785 3295 3838 lortiter
3324 3781 3597 3851 gloriatur.

2191 3890 2282 3945 94.
2313 3887 2524 3942 Instruit
2550 3897 2759 3955 quoque
2779 3897 2868 3950 per
2885 3878 3223 3935 Timotheum
3245 3884 3299 3929 et
3323 3876 3499 3929 Titum
3524 3874 3707 3928 Eccle-

2122 3983 2246 4038 sias.
2275 3980 2643 4037 Philemonem
2668 3977 2734 4031 de
2758 3973 3045 4030 emendato
3070 3986 3228 4026 servo
3253 3969 3509 4024 Onesimo
3534 3976 3705 4038 rogat.

2117 4120 2363 4188 gulorum
2394 4117 2534 4188 ratio
2582 4115 2925 4178 redderetur,
2959 4126 3064 4166 non
3092 4108 3449 4180 judicavimus
3480 4108 3592 4163 lore
3616 4122 3708 4162 ne-

2116 4186 2436 4247 cessarium.
2470 4186 2613 4239 Msa.

2193 4261 2329 4315 Ibid.
2363 4259 2608 4313 Mendum
2654 4254 2876 4323 irrepsit
2915 4253 2968 4307 in
3010 4262 3238 4321 utroque
3265 4265 3385 4305 meo
3411 4250 3708 4319 exemplari

2116 4332 2379 4389 Editionis
2408 4329 2694 4383 Grialianze
2724 4340 2899 4379 verum
2927 4339 3023 4393 pro
3052 4339 3243 4377 rerum.
3277 4326 3447 4375 Ansv.

2184 4403 2274 4457 9l.
2310 4400 2510 4468 Reliqui
2556 4413 2671 4451 vero
2702 4396 2866 4451 (ἐτωςί
2900 4392 3161 4468 sermonis
3191 4394 3387 4461 eloquio
3417 4392 3705 4468 ediderunt.

2116 4475 2238 4527 llaec
2266 4461 2447 4527 multo.
2464 4468 2797 4524 commodior
2825 4467 3008 4532 opinio
3038 4473 3151 4530 est,
3193 4479 3380 4517 omnes
3407 4461 3710 4530 evangelis-

427 4530 675 4612 tuor__esse
695 4534 884 4612 {cimus
918 4530 1227 4612 venerabiles
1251 4530 1495 4612 synodos:
1524 4547 1638 4599 quin
1665 4539 1824 4586 totam
1857 4539 1997 4602 prin-

2112 4556 2191 4599 tas
2212 4588 2226 4610 ,
2263 4555 2455 4612 praeter
2485 4540 2815 4612 Matthaeum,
2835 4530 3038 4612 _Cr:_ece
3064 4536 3373 4612 scripsisse,
3400 4548 3558 4612 quam
3590 4546 3710 4611 quae

425 4605 659 4672 ripaliter
686 4604 842 4675 [idem
871 4602 1500 4675 complectuntur,‘quasi
1522 4611 1740 4670 quatuor
1765 4604 2004 4675 Evange-

428 4677 534 4741 lia,
565 4677 641 4729 vel
669 4671 879 4728 totidem
920 4671 1147 4740 paradisi
1190 4671 1428 4740 ﬂumina.
1467 4672 1595 4726 Vide
1634 4674 1796 4728 etiam
1834 4671 2007 4731 sedo-

431 4749 583 4811 lium,
616 4746 709 4800 lib.
739 4760 818 4808 tu,
847 4758 990 4798 vers.
1020 4743 1142 4798 175.
1172 4742 1275 4795 Pro
1310 4743 1525 4796 virorem
1556 4745 1746 4799 melius
1777 4745 2009 4803 Iortasse

428 4830 525 4889 est
540 4817 981 4889 vigoretiti_Ansv.

502 4881 732 4951 87.'A|.,
769 4885 1002 4958 Subegit,
1025 4886 1110 4958 vel
1134 4881 1425 4955 subjugavit
1456 4900 1550 4953 pro
1571 4886 1816 4958 subiicit,
1845 4898 1899 4943 et
1919 4889 2008 4942 de-

430 4960 602 5016 scribit
630 4972 725 5027 pro
747 4954 1030 5025 descripsit.
1064 4954 1205 5009 Man.

500 5030 591 5087 88.
621 5023 730 5093 AL,
775 5023 996 5081 Vitulum
1023 5040 1117 5094 pro
1141 5023 1288 5078 vituli
1318 5036 1549 5079 mortem.
1580 5027 1719 5081 Man.

504 5100 645 5155 Ibid.
675 5098 904 5167 Insignia
926 5096 1370 5167 evangelistarutn
1411 5097 1600 5151 eodem
1649 5097 1811 5153 modo
1840 5099 2007 5154 relata

434 5181 560 5227 sunt
591 5174 642 5223 in
677 5165 981 5238 Allegoriis,
1011 5184 1065 5219 ιι.
1092 5165 1199 5238 150
1226 5177 1278 5219 et
1307 5181 1459 5238 seqq.
1490 5171 1659 5221 Anev.

505 5242 593 5296 89.
627 5236 908 5293 Matt/tiens
935 5240 1124 5306 itaque.
1161 5237 1285 5290 Haec
1312 5236 1473 5290 verba
1498 5279 1513 5303 ,
1546 5254 1712 5307 usque
1741 5239 1805 5292 ad
1835 5239 1961 5293 illud
1990 5258 2003 5293 :

437 5314 502 5369 Et
529 5314 583 5365 in
620 5311 873 5380 principio
903 5311 1059 5380 fuisse
1088 5308 1409 5361 aununtiavit
1434 5347 1448 5370 ,
1495 5310 1545 5361 in
1569 5310 1779 5363 duobus
1817 5311 2005 5377 Hispa-

433 5382 668 5439 lensibus
697 5390 901 5433 tantum
944 5388 1137 5443 erant,
1180 5390 1233 5434 et
1261 5388 1524 5447 suspectae
1553 5381 1674 5433 ﬁdei
1724 5394 1845 5435 esse
1891 5382 2002 5433 visa

430 5464 578 5515 sunt,
610 5449 858 5520 quocirca
888 5451 1043 5505 obelo
1082 5458 1207 5503 sunt
1233 5448 1469 5519 iugulata
1498 5490 1512 5510 ,
1547 5451 1999 5515 quemadmodum

434 5536 577 5579 totus
604 5523 692 5576 ille
725 5521 872 5574 locus
902 5521 968 5573 de
993 5521 1248 5589 Epistolis
1283 5521 1421 5574 beati
1459 5521 1631 5584 Petri,
1677 5521 1761 5575 cui
1792 5522 2002 5576 initium

433 5605 554 5649 est:
592 5592 656 5647 In
701 5591 866 5659 prima
895 5600 1061 5661 autem
1091 5590 1349 5660 Epistola,
1380 5607 1547 5661 usque
1587 5593 1651 5646 ad
1678 5600 2005 5648 extremum.

441 5668 700 5720 Praeterea
735 5660 986 5716 nonnulla
1026 5660 1127 5713 alia
1169 5664 1328 5716 verba
1374 5673 1487 5717 toto
1518 5679 1681 5732 opere
1725 5663 1882 5717 obelo
1911 5679 2009 5718 no-

437 5748 544 5795 tata
576 5743 720 5804 sunt,
754 5733 821 5788 de
850 5732 1044 5805 quibus
1067 5741 1123 5785 ut
1150 5732 1363 5802 pr0pria
1392 5736 1592 5790 mentio
1625 5733 1795 5799 ﬁeret,
1829 5735 2009 5790 eisin-

2112 4604 2280 4684 nuper"
2326 4612 2545 4681 prodiit,
2578 4609 2809 4684 Marcum
2835 4607 3019 4684 Latine
3062 4606 3373 4675 scripsisse,
3406 4604 3553 4658 nullo
3579 4606 3709 4656 satis

2112 4677 2305 4740 idoneo
2327 4677 2652 4749 argumento
2683 4681 2921 4733 fundata.
2965 4677 3103 4730 Man.

2184 4755 2325 4810 Ibid.
2383 4741 2616 4808 Marcum
2662 4752 2851 4805 Latine
2896 4749 3177 4815 scripsisse
3206 4754 3389 4799 tenent
3429 4741 3709 4815 nonnulli,

2113 4828 2202 4894 qui
2235 4835 2421 4894 putant
2459 4822 2846 4894 autographum
2905 4812 3179 4894 Evangelii
3208 4818 3376 4871 sancti
3412 4812 3574 4894 Marci
3602 4827 3711 4894 _as-

2115 4883 2319 4951 servari
2372 4883 2629 4949 Venetus.
2670 4883 2864 4945 Verum
2912 4883 3179 4943 somnium
3226 4898 3310 4943 est
3358 4884 3613 4954 quidquid
3643 4883 3712 4937 de

2117 4967 2446 5033 autographa
2472 4966 2573 5018 hoc
2600 4963 2795 5018 dicitur
2813 5002 2829 5028 ,
2853 4960 2920 5033 de
2942 4973 3047 5033 quo
3075 4957 3244 5012 videri
3266 4954 3712 5033 itotest_P.Bia_n-

2115 5025 2279 5090 cltinii
2315 5025 2744 5106 Evangeliariutn
2778 5025 3108 5106 quadruplex
3130 5072 3144 5093 ,
3179 5037 3233 5082 et
3259 5027 3530 5106 _Z_aecariae
3594 5025 3713 5106 iiis-

2114 5110 2244 5160 toria
2293 5094 2548 5160 litterati-ia
2597 5094 2957 5168 Italiam-tom.
2990 5094 3067 5165 Ἰ,
3103 5116 3221 5169 pag.
3253 5097 3320 5153 M
3345 5107 3398 5152 et
3447 5112 3560 5169 seq.
3596 5094 3711 5169 Non

2111 5180 2281 5230 solum
2317 5178 2580 5243 Marcum,
2614 5175 2708 5229 sed
2741 5166 2873 5228 alios
2905 5166 3113 5240 quoque
3143 5166 3498 5243 evangelistas
3524 5166 3712 5221 Latine

2110 5248 2395 5315 scripsisse
2426 5240 2594 5316 magis
2624 5244 2853 5299 absurda
2880 5243 3192 5316 opinio_e_st.
3228 5240 3398 5316 Anev.

2180 5311 2269 5371 9*2.
2300 5318 2380 5371 Ad
2408 5311 2906 5378 Thessalonicenses,
2929 5315 2995 5365 ad
3028 5312 3292 5367 Hebraeos.
3324 5311 3579 5365 Hebraeos
3605 5320 3711 5359 non

2110 5392 2259 5456 ponit
2303 5389 2354 5442 in
2404 5402 2628 5441 numero
2655 5386 3049 5456 Ecclesiarum,
3081 5384 3331 5456 quoniam
3359 5380 3425 5435 ad
3450 5394 3544 5435 eos
3572 5380 3712 5456 sc_r_i-

2108 5446 2216 5524 bit,
2251 5468 2307 5514 ut
2336 5460 2492 5529 paulo
2522 5457 2745 5512 interius
2788 5455 2862 5507 ait
2881 5496 2895 5516 ,
2921 5455 3009 5522 qui
3036 5446 3068 5507 a
3096 5446 3198 5529 lide
3225 5460 3584 5509 recesserunt.
3616 5446 3716 5500 Re-

2108 5532 2295 5600 liquas.
2328 5524 2414 5586 AL
2436 5572 2452 5600 ,
2481 5528 2706 5600 reliquas
2733 5542 2849 5583 vero
2875 5535 3111 5600 quatuor.
3142 5524 3280 5579 MAR.

2184 5599 2271 5655 95.
2304 5601 2386 5654 Al.
2416 5591 2722 5666 [Steterunt
2769 5591 3272 5667 pro'perstiterunt,
3322 5602 3378 5651 et
3423 5591 3714 5663 gratulatur

2116 5687 2211 5741 pro
2241 5674 2515 5743 gloriatur.
2552 5669 2694 5724 Msa.
