4104 6172
370 199 474 255 177

366 314 447 368 Ad
477 312 724 365 ultimum
756 309 1009 364 llebrzeos
1030 349 1047 377 ,
1075 307 1163 377 qui
1196 308 1247 361 in
1276 306 1489 361 Christo
1516 305 1874 366 crediderunt,
1907 308 1962 354 et
1990 303 2038 359 Δ

364 400 707 469 postmodum
757 398 1218 467 persecutionibus
1268 395 1504 450 Judaicis
1559 394 1733 449 territi
1788 408 1816 445 a
1864 392 1968 445 fide

364 500 737 559 recesserunt,
785 490 1057 545 confortat
1079 532 1095 557 ,
1128 500 1287 558 atque
1319 488 1385 542 ad
1419 488 1642 557 gratiam
1691 484 1965 556 Evangelii

365 594 602 640 revocat.

809 673 885 727 De
911 670 1159 742 Epistolis
1191 671 1322 725 beati
1354 670 1518 724 Petri.

560 793 751 846 Petrus
781 789 1057 858 apostolus
1101 788 1314 854 scripsit
1345 787 1477 839 duas
1528 786 1820 851 Epistolas,
1850 802 1969 855 qua:
2010 774 2013 779 ’

360 886 639 938 canonica:
670 883 1038 935 nominantur.
1071 879 1299 946 Scripsit
1323 888 1499 931 autem
1534 876 1598 931 iis
1624 878 1731 946 qui,
1768 893 1834 931 ex
1860 878 1969 930 cir-

360 976 700 1030 cumcisione
726 972 1040 1035 credentes,
1075 972 1128 1024 itt
1157 969 1497 1038 dispersione
1522 969 1759 1036 gentium
1791 977 1966 1029 erant,

358 1086 482 1132 qua:
534 1066 749 1128 quidem
805 1065 1056 1119 videntur
1112 1062 1431 1131 quibusdam
1486 1075 1605 1113 esse
1672 1060 1968 1128 planiores;

358 1160 492 1211 dum
525 1168 632 1210 tam
666 1155 945 1225 profundis
984 1154 1206 1220 repletae
1234 1151 1342 1205 sint
1370 1152 1645 1212 sensibus,
1677 1160 1732 1203 ut
1762 1164 1854 1217 per
1878 1164 1972 1204 eas

359 1250 453 1317 qui
487 1257 713 1318 possunt
742 1248 1066 1315 perscrutari
1092 1243 1290 1297 divinae
1316 1243 1554 1296 scientia:
1582 1256 1819 1303 sensum,
1838 1256 1971 1306 qna-

357 1341 406 1394 si
459 1356 553 1407 per
601 1341 765 1394 breve
794 1337 1061 1409 quoddam
1112 1336 1544 1402 receptaculum,
1600 1349 1819 1403 magnas
1848 1350 1974 1387 sen-

360 1430 565 1484 tentias
596 1443 649 1483 et
681 1446 870 1498 magna
902 1428 1005 1483 sibi
1034 1426 1293 1497 mysteria
1317 1424 1547 1480 revelari
1569 1433 1942 1479 contueantur.

435 1543 528 1597 96.
571 1555 616 1593 ›-σ
663 1541 717 1595 1η
750 1540 921 1610 prima
967 1549 1147 1593 autem
1183 1536 1417 1606 Epistula
1462 1538 1648 1591 scribit
1676 1552 1967 1607 regenera-

358 1634 527 1687 tionis
576 1633 904 1700 potentiam,
963 1641 1015 1684 et
1070 1629 1391 1698 prophetas,
1440 1628 1529 1695 qui
1576 1626 1973 1695 prmuuntiave-

355 1735 486 1778 rttnt
533 1722 765 1776 futuram
821 1721 1078 1774 Ecclesia:
1131 1721 1182 1772 in
1215 1717 1555 1788 passiunibus
1606 1718 1970 1770 tolerantiam-

355 1816 631 1870 Admonet
661 1813 854 1867 deinde
895 1812 1173 1879 pontiﬁces
1221 1811 1272 1863 in
1303 1808 1553 1863 castitate
1585 1823 1762 1862 Vivere
1782 1848 1796 1870 ,
1826 1815 1975 1870 et,nt

352 1907 649 1977 parvulos,
680 1904 797 1959 sine
825 1903 951 1957 dolo
981 1917 1218 1957 manere.
1252 1902 1594 1956 Demonstrat
1621 1902 1784 1955 etiam
1813 1915 1972 1955 satic-

352 2007 444 2052 tos
496 1997 704 2066 lapides
731 2011 852 2051 esse
898 1995 1075 2059 vivos,
1110 2007 1162 2049 et
1211 1994 1461 2060 populum
1490 1993 1889 2062 acquisitionis,
1921 2002 1976 2049 et

355 2088 542 2160 regale
572 2086 958 2143 Sacerdotium.
1003 2089 1142 2141 lnter
1188 2085 1302 2139 haec
1349 2084 1696 2155 popularibus
1727 2084 1863 2139 bene
1891 2085 1973 2139 vi-

352 2183 517 2237 vendi
550 2182 798 2235 ordinem
846 2180 1108 2242 instituit;
1160 2178 1405 2231 hortatur
1438 2176 1690 2231 mulieres
1735 2175 1975 2230 subditas

348 2289 509 2338 e~se,
538 2275 794 2343 cultuque
826 2272 1056 2337 iretioso
1101 2284 1207 2323 non
1256 2269 1507 2324 incedere
1528 2309 1543 2333 ,
1573 2270 1715 2324 viros
1763 2284 1974 2338 quoque

349 2370 419 2423 ad
458 2370 731 2422 modicum
768 2366 1025 2421 uxoribus
1056 2364 1351 2429 adhaerere,
1377 2366 1673 2417 orationem
1725 2362 1974 2432 frequen-

349 2468 501 2520 tare,
536 2468 744 2514 etcum
795 2458 1043 2511 omnibus
1090 2456 1414 2510 unanimiter
1457 2458 1657 2509 vivere.
1706 2453 1972 2508 Pratterea

351 2556 551 2608 seritiit
578 2568 720 2607 arca:
750 2553 1095 2624 mysterium,
1120 2552 1234 2606 sive
1264 2552 1510 2621 baptismi
1542 2564 1932 2606 sacramentum
1954 2594 1969 2619 ,

350 2660 451 2713 per
480 2644 629 2712 quod
660 2644 820 2698 homo
847 2659 877 2697 a
908 2643 1087 2697 mundi
1114 2642 1319 2697 actibus
1348 2643 1625 2698 liberatur.

419 2756 522 2811 97.
559 2755 897 2823 Imperatque
942 2754 1194 2810 ﬁdelibus
1220 2755 1388 2808 solius
1432 2754 1633 2808 divitiae
1681 2755 1971 2808 voluntatis

347 2847 579 2903 obedire
639 2849 919 2915 praeceptis
944 2892 957 2914 ,
1014 2862 1115 2901 nec
1146 2848 1281 2900 ultra
1325 2845 1504 2899 carnis
1536 2845 1794 2899 inservire
1824 2844 1967 2897 desi-

346 2940 545 2995 deriis.
583 2939 749 2993 Docet
779 2938 940 2992 etiam
992 2938 1196 2992 clerum
1230 2952 1292 2990 ac
1341 2937 1590 3005 populum
1639 2934 1740 2989 sibi
1787 2934 1969 2988 minis-

349 3044 502 3089 trare
547 3033 822 3096 vicissim,
869 3032 1254 3100 passionesque
1284 3029 1478 3085 Christi
1514 3029 1717 3083 nullum
1769 3043 1960 3094 paves-
1996 3056 2040 3115 Ο

347 3141 512 3187 cere;
544 3138 597 3181 et
630 3126 697 3179 de
725 3128 889 3179 domo
932 3125 1027 3180 Dei
1058 3124 1312 3179 inchoare
1335 3122 1592 3194 judicium
1612 3164 1626 3184 .
1658 3134 1711 3178 et
1740 3137 1966 3177 corona—

348 3220 392 3273 ri
425 3227 688 3281 sanctos,
724 3218 881 3288 217
908 3218 1373 3271 mansuetudinem
1427 3232 1639 3286 quoque
1668 3226 1721 3270 et
1752 3216 1966 3270 humili-

351 3318 521 3364 tatem
547 3309 811 3363 alternam
839 3308 1069 3363 invicem
1106 3309 1697 3373 admonetobservare,
1722 3309 1967 3363 insidias-

349 3416 458 3470 que
502 3400 705 3455 diaboli
736 3403 879 3454 omni
928 3402 1285 3457 sollicitudine
1337 3416 1677 3470 prtecavere,
1706 3401 1966 3472 adjiciens

350 3508 517 3546 omne
548 3506 685 3559 Optts
716 3494 915 3547 bonum
948 3494 1254 3563 incipientis
1282 3510 1377 3565 per
1405 3494 1572 3549 Deum
1600 3493 1670 3548 ad
1712 3509 1966 3548 cousum~

349 3585 644 3638 nationem
677 3583 919 3653 perduci.

418 3701 515 3755 98.
554 3702 608 3754 lu
639 3701 873 3755 secunda
910 3710 1095 3755 autem
1129 3700 1365 3770 Epistula
1403 3702 1693 3771 alloquitur
1735 3702 1920 3758 fideles
1944 3747 1960 3769 ,

352 3792 404 3844 in
445 3790 550 3845 hoc
595 3791 793 3844 mundo
840 3792 994 3860 quasi
1039 3790 1396 3859 interfectos,
1444 3803 1605 3862 atque
1649 3792 1964 3847 exhortatur

350 3896 544 3935 omnes
563 3882 633 3935 de
662 3882 936 3951 pejoribus
960 3886 1024 3935 ad
1050 3884 1272 3939 meliora
1299 3885 1553 3939 transire.
1578 3883 1777 3939 Scribit
1798 3885 1959 3939 etiam

348 3970 618 4040 iustorum
662 3974 950 4026 memorias
985 3971 1306 4028 refovendas
1336 4014 1351 4037 ,
1403 3984 1769 4042 memoratque
1800 3989 1960 4043 pseu-

351 4065 722 4132 doprophetas
764 4068 1044 4135 utriusque
1073 4066 1403 4120 Testamenti
1425 4109 1441 4133 ,
1487 4068 1575 4134 qui
1607 4076 1731 4119 sunt
1763 4068 1959 4137 magis-

353 4160 417 4212 tri
453 4159 740 4216 mendacii.
770 4160 972 4215 Deinde
1001 4161 1163 4215 iufert
1190 4162 1375 4215 diluvii
1413 4161 1721 4229 exemplum
1753 4163 1819 4217 ad
1853 4161 1957 4233 sig-

354 4253 594 4306 nandum
630 4254 908 4307 iuteritunt
935 4254 1250 4322 impiorum,
1281 4266 1334 4308 et
1359 4269 1547 4311 eorum
1575 4255 1697 4324 qui,
1715 4256 1957 4321 volupta-

357 4342 500 4396 tibus
543 4354 887 4411 peccatorum
931 4345 1148 4414 injecti,
1188 4346 1332 4401 servi
1375 4348 1737 4416 corruptionis
1778 4348 1955 4403 eﬂecti

424 4528 515 4582 99.
551 4527 754 4599 scribit
783 4532 942 4584 etiam
978 4529 1253 4585 abundare
1280 4531 1591 4586 novissimis
1622 4535 1956 4603 temporibus

355 4614 649 4684 derisores,
678 4630 727 4673 et
752 4620 891 4689 apud
928 4621 1092 4676 Deum
1123 4622 1273 4677 mille
1301 4637 1473 4676 annos
1503 4640 1664 4678 unum
1695 4624 1839 4682 diem
1871 4628 1957 4682 ha-

358 4708 469 4763 beri
508 4709 786 4778 pnedicat.
834 4712 975 4768 Inter
1006 4715 1120 4769 haec
1163 4716 1618 4771 resurrectionem
1665 4718 1961 4772 elemento-

362 4816 509 4867 rum,
556 4802 960 4873 novitatemque
995 4806 1115 4862 C(Bli
1148 4816 1202 4861 et
1230 4820 1408 4862 terrae.
1450 4809 1531 4862 Ad
1563 4817 1863 4862 extremum
1893 4810 1958 4866 de

360 4888 619 4958 Epistolis
669 4892 816 4947 Pauli
862 4895 1129 4965 loquitur,
1159 4912 1295 4967 quas
1333 4912 1455 4952 cum
1502 4897 1722 4967 quidam
1758 4900 1959 4957 indocti

359 4996 464 5036 non
498 4984 828 5056 intelligunt,
854 5002 1021 5056 pravo
1044 5004 1137 5044 eas
1157 5004 1322 5045 sensu
1346 5001 1627 5047 evertunt.

429 5144 521 5224 90.
580 5144 653 5199 De
690 5147 869 5201 verbis
898 5165 1035 5224 qqure
1070 5150 1170 5224 hoc
1222 5164 1544 5224 numeroet
1594 5152 1763 5207 tribus
1809 5170 1960 5221 seqq.

358 5221 707 5295 epotinentur
725 5258 739 5281 ,
788 5222 945 5284 paulo
972 5231 1095 5295 ante
1116 5221 1357 5295 Mariana
1378 5262 1392 5287 ,
1419 5222 1485 5275 ad
1514 5240 1661 5286 num,
1690 5226 1785 5279 89.
1808 5227 1959 5291 Quod

359 5292 583 5361 dicitur,
614 5300 817 5361 sanctos
844 5292 1193 5361 esselapides
1220 5293 1366 5345 viros
1388 5336 1401 5356 ,
1430 5304 1532 5346 etc.
1571 5337 1585 5355 ,
1617 5297 1867 5350 alluditur
1896 5298 1959 5351 ad

360 5357 521 5431 verba
550 5360 723 5431 sancti
749 5359 923 5431 Pauli:
954 5357 1159 5415 Diléctis
1188 5361 1279 5416 Dei
1297 5365 1505 5425 ,vocatis
1545 5368 1753 5423 sanctis.
1786 5372 1956 5422 Anav.

432 5425 532 5503 0§.
555 5426 739 5503 Forte,
770 5428 1113 5503 voluptatibus
1136 5446 1458 5503 peccatlrrunt
1487 5434 1663 5488 illesti.
1700 5438 1841 5490 Man.

595 5498 838 5577 secunda
859 5496 1078 5577 quoque,
1102 5496 1257 5577 quam
1278 5504 1471 5577 Eleum
1492 5508 1709 5559 dominre
1732 5510 1955 5577 scripsit.

365 5565 595 5649 {trimam
619 5570 843 5649 Joannis
868 5565 1161 5649 Epistulam
1187 5575 1253 5628 ad
1275 5574 1505 5649 Parthos
1530 5580 1787 5647 scriptam
1807 5565 1948 5644 esse,

365 5635 610 5709 Hyginus
633 5640 688 5697 in
718 5656 815 5697 sua
846 5635 1075 5714 epistola
1104 5646 1383 5717 decretali,
1416 5660 1467 5705 et
1528 5635 1877 5720 Aug'uStinos,
1914 5635 1949 5705 ti

1265 192 1331 249 IN
1371 191 1503 247 LIB.
1552 190 1705 246 VET.
1754 189 1838 243 ΕΤ
1879 186 2039 242 NOV.
2080 184 2382 242 TESTAM.
2415 184 2771 242 ΡΒΟΕΕΜΙᾹ.

3560 185 3661 239 178

2499 300 2573 354 De
2604 300 2839 369 Epistolu
2864 301 2999 354 beati
3022 300 3228 356 Jacobi.

2144 392 2267 448 100.
2308 392 2538 447 Jacobus
2571 392 2736 447 frater
2766 392 2979 447 Domini
3009 394 3226 462 scripsit
3251 408 3408 447 unam
3434 393 3661 462 Episto-

2072 476 2177 530 larn
2203 518 2216 536 ,
2247 478 2312 531 ad
2343 478 2749 533 aedificationem
2788 478 3040 533 Ecclesia:
3074 479 3432 546 pertinentem
3459 519 3475 544 ,
3508 479 3662 549 cujus

2071 569 2350 623 sententiie
2386 569 2702 623 immensam
2741 569 2979 624 scientiae
3017 570 3317 626 claritatem
3358 571 3664 643 legentibus

2072 660 2322 716 videntur
2351 660 2651 715 infundere.

2488 753 2561 807 De
2588 752 2833 823 Epistolis
2861 754 2993 809 beati
3018 754 3257 812 Joannis.

2146 844 2267 899 10L
2293 843 2525 899 Joannes
2546 849 2819 913 apestolus
2842 857 2950 901 tres
2973 848 3191 916 scripsit
3213 848 3480 916 Epistolas
3496 891 3510 914 ,
3534 865 3665 915 qua-

2073 951 2191 990 rum
2226 936 2417 1004 prima,
2449 937 2683 991 olllcinm
2715 937 2990 991 charitatis
3020 938 3404 993 commendans
3428 980 3441 1003 ,
3475 948 3582 994 tota
3612 939 3665 993 in

2074 1042 2258 1082 amore
2287 1028 2380 1083 Dei
2407 1037 2463 1083 et
2486 1028 2721 1084 fraterna
2747 1030 3034 1085 dilectione
3068 1041 3331 1087 versatur.

2147 1124 2271 1179 £02.
2300 1123 2544 1179 Secunda
2573 1140 2806 1195 quoque,
2834 1140 2991 1194 quam
3016 1125 3212 1179 Electa:
3239 1123 3472 1179 domina:
3496 1124 3672 1193 scrip-

2074 1214 2145 1269 sit
2172 1258 2187 1282 ,
2227 1215 2530 1271 dilectionis
2571 1216 2811 1269 hortatur
2838 1216 3073 1271 studium
3101 1234 3115 1279 ;
3148 1217 3363 1270 denotat
3396 1215 3555 1269 etiam
3590 1230 3670 1271 se-

2075 1306 2349 1373 ductores,
2377 1318 2430 1362 et
2460 1307 2528 1360 ab
2559 1308 2828 1362 luereticis
2857 1307 3113 1363 admonet
3138 1308 3536 1363 declinandum.

2149 1400 2459 1471 218105.
2488 1401 2726 1455 Tertiam
2763 1410 2941 1455 autem
2969 1400 3099 1455 Caio
3120 1401 3336 1464 scribit,
3368 1402 3417 1454 in
3440 1416 3541 1468 qua
3563 1400 3671 1453 col-

2078 1492 2259 1545 laudat
2281 1508 2402 1546 eum
2428 1493 2477 1545 in
2496 1492 2675 1546 stttdio
2704 1494 2945 1546 veritatis
2970 1502 3023 1548 et
3051 1508 3214 1557 opeie
3240 1491 3625 1547 misericordia:
3655 1508 3679 1556 ι

2076 1582 2272 1637 deinde
2295 1584 2514 1638 denotat
2538 1588 2858 1652 proterviam
2882 1586 3160 1654 cujusdam
3187 1586 3475 1655 Diotrepis,
3499 1592 3557 1640 et
3576 1584 3677 1641 De-

2008 1680 2053 1740 Β
2081 1676 2273 1732 metria
2307 1676 2670 1730 testimonium
2704 1678 2951 1744 perbibet
2980 1678 3241 1732 Veritatis.

2388 1769 2461 1822 De
2492 1768 2727 1841 Epistola
2756 1771 2919 1823 sancti
2944 1770 3100 1824 Juth
3128 1770 3366 1835 apostoli.

2150 1856 2271 1913 104.
2297 1857 2446 1913 Judae
2471 1859 2707 1925 Epistula
2728 1859 2968 1927 increpat
2993 1860 3428 1927 hlaSpliemantes
3450 1860 3503 1913 in
3525 1859 3675 1915 Chri-

2074 1961 2159 2005 sto
2182 1991 2198 2016 ,
2230 1960 2285 2005 et
2324 1953 2581 2019 quosdam
2617 1952 2915 2020 impudicos
2958 1952 3057 2006 sub
3086 1952 3335 2021 exemplo
3365 1951 3672 2019 impiorum,

2075 2043 2164 2113 qui
2189 2058 2283 2111 per
2305 2044 2611 2112 superbiam
2658 2052 2713 2098 et
2741 2043 3003 2097 luxuriam
3030 2042 3372 2110 sempiternis
3394 2041 3675 2096 ardoribus

2076 2137 2256 2192 traditi
2302 2149 2463 2202 sunt,
2501 2150 2598 2205 pro
2636 2137 2831 2205 quibus
2870 2135 3125 2189 admonet
3158 2134 3455 2189 Ecclesiatn
3491 2145 3544 2189 ut
3578 2151 3674 2189 eos

2074 2237 2280 2299 arguat,
2307 2238 2357 2283 et
2388 2228 2454 2283 ad
2482 2227 2846 2297 ptenitentiam
2875 2228 3210 2281 cohortetur.

2516 2320 2592 2373 De
2615 2319 2824 2373 Actibus
2849 2318 3224 2386 apostolorum.

2148 2415 2265 2470 105.
2309 2412 2689 2481 Apostolorum
2719 2411 2943 2466 historia
2992 2410 3264 2465 nascentis
3307 2409 3566 2465 Ecclesia!
3609 2410 3669 2463 li—

2073 2504 2194 2560 dem
2225 2518 2470 2572 apusque
2497 2502 2776 2564 describit,
2808 2501 2961 2569 cujus
2990 2501 3204 2571 quidem
3235 2501 3469 2569 scriptor
3500 2501 3672 2555 Lucas

2073 2596 2400 2666 evangelista
2445 2603 2801 2648 monstratur.
2845 2592 3095 2648 Continet
3137 2601 3314 2646 autem
3355 2608 3416 2645 ea
3463 2608 3583 2662 qua:
3623 2594 3675 2648 in

2072 2685 2256 2741 ludtea
2284 2686 2370 2741 vel
2401 2685 2653 2754 gentibus
2682 2700 2777 2753 per
2807 2684 3035 2755 gratiam
3065 2684 3301 2751 Spiritus
3329 2684 3497 2738 sancti
3523 2726 3537 2749 ,
3566 2694 3672 2738 tant

2072 2796 2105 2834 a
2134 2779 2294 2833 Petro
2324 2794 2482 2849 quam
2514 2779 2581 2831 ab
2608 2778 2727 2831 aliis
2755 2776 3035 2844 apostolis,
3064 2786 3117 2829 et
3141 2776 3445 2844 Specialitcr
3474 2792 3503 2828 a
3531 2776 3669 2830 Pau-

2074 2874 2149 2940 lo,
2182 2883 2405 2941 operata
2440 2872 2518 2925 vel
2548 2880 2694 2941 gesta
2726 2879 2873 2925 sunt.

2672 2963 2747 3017 De
2776 2962 3104 3034 Apocalypsi.

2150 3056 2276 3112 106.
2310 3054 2578 3119 Joannes,
2614 3064 2894 3124 postquam
2933 3054 3175 3110 scribere
3214 3062 3420 3124 septem
3456 3053 3671 3124 julietut

2076 3154 2369 3216 Ecelesiis,
2394 3152 2586 3222 aspicit
2612 3151 2779 3205 lilium
2809 3149 3045 3205 hominis
3067 3149 3345 3204 sedentem
3374 3149 3425 3203 in
3453 3148 3668 3215 throno,

2069 3255 2126 3301 et
2162 3244 2343 3314 viginti
2368 3253 2597 3313 quatuor
2627 3241 2895 3306 seniores,
2919 3250 2975 3296 et
3000 3248 3230 3307 quatuor
3255 3239 3505 3294 animalia
3545 3255 3671 3309 pro.

2068 3337 2314 3393 cedentia
2346 3344 2473 3389 ante
2500 3335 2784 3400 thronum,
2819 3334 2872 3388 in
2907 3334 3137 3389 dextera
3167 3346 3384 3401 quoque
3423 3331 3670 3388 sedentis

2071 3427 2267 3482 librum
2297 3435 2505 3495 septem
2533 3424 2723 3495 sigillis
2748 3424 3036 3495 signatum,
3067 3424 3120 3476 in
3150 3438 3256 3493 quo
3285 3423 3508 3485 bellum,
3538 3437 3665 3492 ege-

2066 3529 2201 3584 stas,
2225 3532 2391 3581 mors,
2422 3519 2627 3572 clamor
2653 3516 3082 3581 interfectorum,
3112 3513 3233 3568 ﬂuis
3257 3528 3473 3584 quoque
3500 3528 3661 3567 mun-

2067 3611 2119 3665 di
2153 3617 2369 3663 notatur
2395 3616 2451 3664 et
2479 3607 2688 3663 saeculi.

2140 3705 2265 3758 107.
2311 3701 2581 3757 Describit
2621 3699 2817 3754 deinde
2879 3698 3126 3754 duodena
3174 3698 3349 3752 millia.
3384 3711 3663 3752 servorum

2067 3798 2189 3862 Dei,
2231 3798 2323 3867 qui
2357 3799 2638 3866 signantur
2679 3796 2732 3848 in
2772 3794 3041 3848 frontibus
3077 3811 3091 3859 ;
3126 3792 3211 3847 ibi.
3241 3804 3447 3861 septeni
3490 3794 3665 3857 angeli

2065 3888 2203 3941 tubis
2228 3896 2429 3940 canunt
2450 3887 2694 3955 sequenti
2718 3883 2983 3955 grandine
3033 3892 3090 3937 et
3112 3884 3234 3952 igne
3253 3898 3375 3938 cuni
3400 3886 3665 3954 sanguine

2063 3978 2119 4033 in
2149 3985 2308 4031 terra.
2331 3977 2513 4031 Tertia
2544 3990 2762 4047 quoque
2790 3989 2914 4044 pars
2944 3983 3104 4030 terra:
3130 3974 3198 4030 ibi
3227 3975 3587 4040 comburitur,
3613 3987 3669 4030 et

2065 4069 2218 4123 tertia
2248 4082 2373 4137 pars
2402 4067 2567 4121 maris
2591 4067 2809 4136 sanguis
2834 4063 3069 4120 efﬁcitur
3104 4081 3119 4131 ;
3144 4075 3398 4134 astraque
3426 4066 3542 4133 ipsa
3568 4080 3667 4119 ru-

2062 4162 2267 4216 tilantia
2316 4161 2532 4215 tertiam
2584 4160 2806 4230 fulgoris
2856 4171 3065 4229 partem
3122 4162 3426 4225 amittunt;
3476 4159 3548 4213 ibi
3596 4162 3665 4213 de

2062 4254 2221 4309 fumo
2240 4256 2381 4324 putei
2410 4254 2631 4309 locusta
2660 4252 3029 4323 producuntur
3057 4253 3476 4319 daemoniorum,
3508 4253 3653 4307 acci-

2068 4347 2273 4415 pientes
2306 4354 2628 4416 potestatetn
2656 4346 2882 4400 laedendi
2910 4344 2999 4415 qui
3032 4360 3140 4399 non
3169 4356 3295 4400 sunt
3322 4347 3443 4415 agni
3471 4360 3665 4400 cruore

1988 4414 2041 4474 θ
2066 4414 2284 4508 signati.

2122 4531 2263 4586 i108.
2299 4531 2568 4587 Praeterea
2600 4530 2836 4585 comedit
2867 4530 3210 4601 Evangelista
3244 4531 3455 4584 librum
3473 4530 3664 4586 Testa»

2064 4624 2228 4679 menti
2259 4625 2368 4679 oris
2398 4623 2782 4694 prazdicatione
2813 4622 3213 4689 suavissimum,
3235 4631 3292 4676 et
3318 4622 3497 4691 operis
3515 4621 3660 4675 difﬁ‘

2064 4716 2263 4770 cultate
2279 4730 2543 4769 amarum.
2567 4714 2887 4783 Metiturque
2904 4715 3127 4769 cteleste
3150 4714 3430 4781 templum,
3460 4712 3659 4765 descri-

2066 4809 2247 4878 bitque
2263 4808 2423 4862 verba
2442 4808 2626 4878 viginti
2654 4816 2881 4875 quatuor
2896 4807 3197 4872 seniorum,
3213 4806 3379 4877 219
3399 4813 3453 4860 et
3480 4817 3657 4857 arcam

2068 4902 2427 4969 Testamenti,
2464 4917 2527 4957 ac
2555 4900 2836 4957 mulierem
2865 4902 3113 4955 amictam
3143 4901 3276 4965 sole,
3322 4910 3658 4968 pugnamque

2069 4997 2120 5051 in
2142 4996 2293 5052 ccelis
2317 4996 2592 5052 Michaelis
2612 5010 2733 5051 cum
2757 4995 3018 5063 dracone,
3041 4994 3359 5062 ruinamque
3380 4990 3659 5049 draconis.

2066 5156 2515 5238 thest.‘evang.,
2544 5176 2598 5227 q.
2632 5160 2723 5238 ξε),
2746 5162 3037 5238 afﬁrmant.
3060 5160 3433 5238 Cztssjodorus,
3462 5164 3555 5219 lib.
3584 5166 3655 5221 do

2070 5227 2242 5305 Diviu.
2277 5227 2459 5305 l_ect._,_'
2486 5245 2604 5305 cap.
2633 5232 2717 5296 it,
2749 5234 2820 5286 ait
2854 5251 2866 5284 :
2902 5232 3138 5298 Eplslola
3170 5231 3310 5305 Petri
3336 5236 3404 5287 ad
3434 5245 3604 5305 gentes
3634 5254 3649 5301 ;

2063 5299 2240 5362 Judtv,
2270 5299 2453 5354 Jacobi
2482 5311 2531 5355 et
2552 5301 2769 5356 Joannis
2798 5306 2865 5356 ad
2900 5305 3137 5358 Parthos.
3169 5304 3310 5359 Man.

2139 5370 2275 5448 Ibid.
2301 5370 2986 5448 ln_llaganoensiEditione
3010 5392 3024 5429 :
3050 5376 3277 5448 secunda
3297 5392 3514 5448 quoque,
3539 5394 3654 5445 quo:

2063 5442 2232 5495 eIeCtis
2264 5442 2526 5496 scribitur.
2568 5443 2672 5497 Sed
2724 5444 3005 5514 inscriptio
3044 5448 3129 5500 eSt
3162 5461 3176 5497 :
3214 5442 3656 5503 Electte'tlu'niime

2060 5521 2108 5564 ct
2139 5514 2271 5565 natis
2296 5514 2430 5583 ejus.
2460 5514 2533 5568 De
2561 5529 2664 5583 qua
2689 5528 2871 5570 sancta
2902 5518 3095 5571 femina
3131 5517 3313 5572 Electa
3347 5537 3526 5576 sermo
3547 5522 3648 5575 ali.~

2060 5582 2181 5655 culti
2210 5583 2267 5635 lit
2297 5582 2347 5637 in
2381 5585 2526 5638 Actis
2556 5582 2871 5655 martyrum.
2905 5589 3073 5643 Ansv.

2132 5654 2254 5710 106.
2285 5654 2368 5710 Al.
2408 5698 2421 5724 ,
2451 5654 2770 5727 proculcatio
2801 5675 2897 5731 pro
2926 5659 3274 5732 procrdcntia.
3310 5661 3456 5716 Man.
