4108 6178
470 214 575 268 J79

1474 219 1533 275 S.
1577 218 1829 275 ISIDOItI
1871 219 2312 275 IIISPALENSIS
2355 219 2657 276 EPISCOPI

3640 219 3739 274 I80

465 332 741 401 ConSpiclt
769 344 1028 403 prasterea
1056 345 1112 389 et
1136 331 1453 389 Antichristi
1484 334 1733 403 ﬁguram,
1767 334 2050 390 habentem
2078 336 2128 397 Α
2159 335 2361 402 luptate
2388 335 2581 390 munda
2618 342 2986 391 servaverunt.
3023 334 3342 404 Exsequitur
3371 332 3565 388 deinde
3610 335 3745 388 inte-

464 427 637 497 capita
670 428 819 498 regni
849 436 1093 496 septem,
1122 437 1175 479 et
1201 440 1404 480 cornua
1431 428 1747 495 poteStatis,
1780 442 1834 484 et
1865 444 2053 484 nume-

466 533 582 573 tum
613 519 859 572 nominis.

546 607 666 663 I09.
697 609 884 663 Narrat
917 609 1055 674 inter
1082 607 1195 661 tunc
1220 617 1276 665 et
1300 608 1564 669 canticum
1594 608 1920 671 Testamenti
1951 625 2050 664 no-

467 715 625 765 vum,
658 703 1066 769 speculaturqne
1096 700 1315 768 angelos
1361 712 1633 771 gestantes
1663 715 1904 772 pateras,
1936 720 2053 759 cer-

466 791 648 860 uitque
701 792 945 857 similiter
996 792 1268 846 interitum
1318 794 1615 857 bestite,et
1668 795 2049 849 beatitudinem

462 895 648 947 eorum
679 881 767 952 qui
798 881 1039 949 corporis
1067 882 1146 941 sui
1172 882 1489 947 vestimenta
1517 885 1722 953 absque
1748 885 1929 946 carnis
1958 898 2050 937 vo-

534 1017 558 1087 I_
569 1016 656 1087 09.
693 1014 804 1087 AL,
846 1014 1083 1082 phialas;
1122 1015 1234 1078 alii,
1266 1017 1493 1071 citharas
1522 1032 1618 1085 pro
1648 1028 1873 1087 pateras.
1907 1019 2044 1073 Man.

530 1084 672 1139 Ibid.
704 1085 950 1140 Nonnulli
986 1088 1122 1141 Editi
1169 1088 1397 1142 addunt:
1430 1084 1610 1142 Iesum
1649 1084 1937 1159 Christum,
1963 1091 2044 1143 cui

761 1237 1013 1244 .—

1623 1270 1998 1282 tam

2159 427 2316 480 ritmn
2349 426 2646 479 meretricis
2675 425 3012 496 Babyloniae,
3038 435 3092 479 et
3119 426 3328 492 nuptias
3362 427 3524 493 Agni,
3547 424 3745 480 adven-

2160 527 2266 575 tum
2285 516 2467 584 judicii
2485 558 2501 582 ,
2527 517 2902 586 interitumque
2924 516 3234 570 Antichristi
3256 557 3269 579 ,
3295 515 3742 583 etsempiternatu

2160 608 2486 674 punitionetu
2517 605 2733 659 diaboli.
2775 607 2854 659 .td
2897 606 3141 659 ultimum
3172 613 3433 659 memorat
3472 620 3747 659 resurrec-

2160 699 2355 753 tionem
2409 710 2777 762 tnortuornm,
2818 699 3048 769 malique
3100 699 3418 759 novitatem,
3450 705 3503 749 et
3558 704 3744 757 teme,

2157 791 2683 859 descriptionemqne
2712 791 3042 854 Jerusalem,
3077 792 3273 843 tlumen
3303 790 3465 842 etiam
3498 786 3745 855 baptismi

2160 883 2415 936 mundum
2438 922 2452 946 ,
2471 883 2776 952 lignumque
2800 885 2920 936 vita:
2946 882 3226 935 Dominum
3250 880 3428 934 Jesum
3451 879 3743 932 Christum.

2160 1028 2233 1071 est
2278 1017 2461 1083 honor,
2504 1019 2669 1088 gloria
2694 1030 2741 1073 et
2780 1021 3064 1090 imprium
3090 1019 3143 1071 in
3187 1016 3379 1072 uacula
3420 1014 3743 1090 rwcutorum.

2160 1094 2346 1143 Amen.
2379 1091 2507 1157 Qua:
2557 1092 2715 1145 verba
2748 1092 2798 1145 in
2844 1088 3152 1143 melioribus
3178 1090 3391 1143 desunt.
3423 1089 3597 1141 Anav.

3270 1237 3719 1246 __—----..~..———~

1376 1400 1745 1514 ΒΑΝ
1751 1401 2052 1521 GT1
2130 1400 2836 1525 ISIDORI

1741 1608 2155 1671 IIISPALENSIS
2189 1611 2476 1663 EPISCOI’I

1084 1775 1697 1919 LIBER
1776 1773 3097 1923 NUMERORUM

1414 2043 1523 2096 QUI
1571 2044 1631 2085 IN
1676 2041 1935 2084 SANCTIS
1985 2040 2355 2097 SCRIPTUBIS
2401 2040 2803 2089 ()CCUBBUNT.

881 2201 1045 2273 220
1065 2198 1295 2255 CAPUT
1326 2197 1610 2255 PRIMUM.

985 2292 1123 2357 Quid
1158 2292 1221 2343 sit
1254 2308 1515 2345 numerus.

529 2385 583 2440 I.
615 2383 730 2439 Non
757 2391 840 2439 est
862 2383 1188 2452 snpertluum
1213 2398 1552 2438 numerorum
1576 2398 1764 2438 causas
1791 2383 1842 2437 in
1865 2383 2048 2452 Scrip-

460 2480 591 2533 turis
612 2477 812 2532 sanctis
843 2476 1137 2530 attendere.
1173 2477 1375 2530 Iiabent
1395 2477 1538 2530 enim
1560 2477 1845 2545 quamdam
1874 2477 2049 2531 scien-

458 2576 545 2627 tias
603 2575 928 2637 dnctrinam,
997 2570 1331 2640 plurimaque
1404 2572 1626 2642 mystica
1687 2576 2043 2624 sacramenta.

462 2664 691 2721 Proinde
716 2666 923 2733 regulas
945 2663 1296 2733 quorumdam
1322 2677 1695 2729 numerorum,
1719 2672 1774 2715 ut
1799 2661 2049 2725 voluisti,

460 2758 659 2824 placuit
691 2754 921 2810 breviter
955 2757 1223 2808 intimare.

525 2849 580 2902 2.
618 2847 672 2901 In
706 2847 964 2916 principio
994 2860 1168 2900 autem
1192 2888 1206 2911 ,
1235 2846 1361 2915 quid
1403 2848 1468 2898 sit
1507 2860 1760 2900 numerus
1789 2845 2050 2899 definien-

459 2944 584 2995 dunt
630 2952 732 2996 est.
763 2941 1026 2995 Numerus
1071 2949 1154 2994 cst
1200 2940 1540 3007 congregatio
1588 2940 1833 3005 unitatis,
1868 2938 1951 2991 vel
1982 2939 2051 2989 ab

459 3050 565 3087 uno
588 3032 934 3101 progrediens
973 3032 1286 3099 multitudo,
1318 3030 1470 3098 cujus
1492 3030 1705 3099 quidem
1730 3028 2050 3083 universitas

460 3124 662 3183 inﬁnita
695 3130 808 3186 est,
845 3137 942 3176 nec
972 3122 1075 3174 ulla
1107 3131 1282 3189 potest
1311 3119 1653 3173 multitudine
1692 3119 1990 3172 terminari.

531 3219 584 3271 3.
624 3215 730 3269 Par
760 3230 1011 3269 numerus
1039 3224 1121 3268 est
1149 3214 1238 3283 qni
1270 3214 1320 3267 in
1361 3212 1569 3265 duabus
1594 3212 1763 3280 requis
1811 3211 2052 3277 partibus

461 3308 628 3369 dividi
671 3316 875 3377 potest;
904 3308 1077 3373 impar.
1104 3321 1263 3369 vero,
1298 3304 1386 3372 qui
1433 3303 1597 3358 dividi
1640 3304 1806 3372 aequis
1848 3303 2053 3356 duabus

467 3401 700 3466 partibus
736 3404 952 3469 nequit,
985 3415 1092 3452 uno
1114 3382 1291 3452 medio
1322 3395 1403 3453 uel
1440 3396 1753 3457 deﬁciente,
1789 3394 1874 3448 veI
1896 3410 2054 3460 supe-

464 3503 632 3549 rante.
669 3491 871 3545 Pariter
906 3506 1001 3558 par
1026 3505 1282 3543 numerus
1308 3501 1390 3543 εει
1419 3490 1507 3558 qui
1538 3488 1830 3541 secundum
1869 3502 2050 3554 parem

2081 2204 2120 2260 Β
2151 2210 2262 2249 ram
2283 2237 2299 2261 ,
2332 2207 2385 2251 et
2438 2196 2893 2252 incrementorum
2938 2211 3182 2263 causam,
3214 2208 3517 2269 statumque
3553 2198 3745 2256 decre-

2152 2302 2471 2345 mentorum.
2493 2290 2621 2345 Nam
2645 2294 2879 2349 omnium
2901 2292 3225 2351 incrementa
3243 2292 3311 2346 ab
3327 2294 3442 2360 ipso
3463 2294 3745 2363 incipiunt,

2150 2403 2441 2456 rursusque
2473 2403 2641 2454 usque
2686 2387 2749 2440 ad
2784 2384 2899 2455 ejus
2931 2387 3188 2439 unitatem
3225 2387 3559 2453 perveniunt.

2223 2476 2273 2531 5.
2308 2480 2438 2532 Nam
2475 2491 2528 2532 et
2558 2489 2676 2547 post
2704 2479 2919 2543 decem,
2950 2480 3048 2532 nisi
3077 2481 3143 2532 al)
3173 2496 3280 2533 uno
3310 2497 3491 2533 rursus
3522 2480 3748 2547 incipia-

2153 2579 2258 2634 tur,
2310 2586 2642 2640 nequaquam
2698 2571 2951 2638 deinceps
3002 2586 3347 2625 numerorum
3415 2573 3744 2626 incrementa

2150 2672 2497 2729 consurgunt.
2530 2662 2667 2715 Idem
2701 2662 2863 2719 etiam
2897 2662 3206 2717 inSecabiIis
3229 2673 3346 2726 est,
3376 2677 3473 2717 nec
3496 2677 3587 2731 per
3611 2661 3748 2715 ullas

2153 2767 2331 2822 partes
2360 2754 2525 2805 dividi
2562 2764 2775 2822 potest,
2804 2756 2925 2820 quia
2977 2755 3173 2823 ubique
3220 2770 3341 2822 pars
3385 2762 3500 2817 est,
3548 2754 3749 2821 ubique

2155 2857 2295 2902 totus
2326 2853 2436 2907 est,
2470 2849 2534 2898 ad
2577 2846 2728 2913 cujus
2760 2848 3060 2912 exemplum
3095 2863 3230 2899 unus
3258 2857 3339 2899 est
3390 2846 3560 2909 Deus,
3605 2860 3748 2903 unus

2153 2958 2237 3003 est
2268 2946 2530 3000 mediator
2574 2944 2665 2998 Dei
2712 2951 2764 2995 et
2796 2944 3069 2996 hominum
3098 2944 3268 2998 IIomo
3297 2942 3537 2996 Christus
3563 2942 3748 2995 Iesus.

2156 3039 2452 3094 I‘araclitus
2481 3052 2693 3105 quoque
2720 3036 2946 3100 Spiritus
2979 3053 3143 3101 unus;
3190 3053 3293 3089 una
3338 3046 3420 3089 est
3449 3036 3613 3087 Mater
3645 3034 3750 3088 Ec-
3820 3053 3824 3057 ·

2154 3131 2350 3191 ιιΙι-εἰη,
2400 3128 2737 3182 fecunditatis
2792 3128 3129 3181 successibus
3172 3126 3419 3193 copiosa,
3472 3142 3566 3195 pro
3594 3124 3750 3194 cujus

2157 3225 2371 3278 uiiitatis
2422 3224 2645 3275 formula
2696 3222 3009 3275 insinuanda
3044 3221 3263 3288 angelus
3309 3220 3397 3274 ille
3424 3218 3562 3288 apud
3614 3218 3749 3272 Eze-

2156 3313 2382 3366 cltielent
2430 3314 2593 3366 limen
2654 3321 2821 3380 porta:
2867 3310 3162 3365 Jerusalem
3209 3310 3416 3364 calamo
3467 3324 3574 3363 uno
3621 3323 3755 3362 me-

2159 3404 2307 3457 titur.

2231 3495 2282 3549 ti.
2312 3495 2417 3551 Sed
2458 3504 2510 3548 et
2534 3511 2654 3549 arca
2687 3495 2797 3551 Noe
2824 3494 3055 3563 desuper
3081 3492 3299 3547 collecta
3327 3491 3377 3546 in
3406 3506 3570 3544 unum
3602 3491 3755 3544 cubi—

468 3599 748 3640 ltttuterum
772 3586 969 3650 pariter
990 3581 1264 3641 dividitur,
1289 3594 1569 3648 quousque
1588 3580 1651 3631 ad
1678 3577 2052 3631 ittdivisibilem

2162 3601 2269 3643 tum
2303 3598 2644 3652 eoarctatur;
2694 3589 2747 3642 in
2790 3589 2956 3642 latere
3004 3601 3216 3656 quoque
3260 3599 3396 3638 arcie
3446 3582 3505 3635 ﬁt
3551 3582 3753 3635 ostium

467 3674 739 3741 perveniat
771 3674 1024 3725 unitatem
1046 3710 1060 3729 ,
1095 3680 1151 3724 ut
1183 3680 1301 3736 puta
1326 3716 1340 3736 ,
1370 3670 1637 3741 sexaginta
1680 3681 1919 3739 quatuor.
1955 3669 2056 3722 Ila-

468 3767 557 3821 bet
595 3767 737 3819 enim
771 3767 926 3835 221
957 3762 1302 3817 medietatem
1330 3762 1538 3831 triginta
1579 3762 1717 3824 duo;
1761 3760 1849 3815 hic
1877 3775 2052 3815 autem

465 3858 702 3920 sedecim,
739 3856 956 3911 sedecim
987 3872 1112 3909 vero
1140 3864 1285 3918 octo,
1314 3856 1607 3907 octonarius
1646 3868 1772 3908 vero
1801 3864 2055 3921 quatuor,

463 3950 819 4018 quaternarius
849 3948 955 4000 duo
975 3987 991 4011 ,
1023 3947 1253 4000 biaatius
1296 3961 1486 4011 unum,
1520 3944 1612 4013 qui
1656 3943 1945 4015 singularis
1974 3944 2057 3997 in-

468 4038 755 4100 divisibilis
781 4049 886 4092 est.

1100 4127 1329 4183 CAPUT
1359 4128 1426 4181 Il.

1109 4221 1186 4275 De
1212 4223 1428 4274 unitate.

541 4314 596 4369 ι.
630 4313 816 4371 Unica:
844 4325 928 4371 est
951 4329 1070 4382 pars
1109 4314 1327 4369 minima
1361 4328 1727 4381 numerorum,
1748 4328 1867 4382 qua:
1889 4315 2058 4368 secari

472 4422 583 4463 non.
625 4418 819 4479 potest.
853 4407 1001 4462 Idem
1049 4420 1226 4467 autent
1275 4422 1413 4459 unus
1448 4422 1635 4459 semen
1678 4423 2057 4473 numerorum,

473 4516 578 4556 non
609 4518 881 4557 numerus.
919 4502 992 4555 Ex
1025 4502 1140 4568 ipso
1165 4500 1307 4554 enim
1339 4500 1520 4554 caeteri
1554 4512 1801 4563 manant,
1824 4502 1906 4555 vel
1934 4518 2060 4570 pro-

2160 3695 2349 3735 unum.
2381 3678 2555 3734 Unum
2587 3691 2667 3733 est
2688 3679 2848 3733 etiam
2883 3682 2932 3732 in
2977 3678 3214 3732 Ecclesia
3240 3677 3586 3738 baptismum;
3618 3674 3755 3727 Iides

2160 3773 2348 3827 eadem
2375 3788 2475 3825 una
2505 3782 2607 3827 est.
2637 3771 2861 3825 Mundus
2902 3770 3150 3835 idemque
3181 3782 3334 3821 unus.
3366 3766 3506 3818 Solis
3547 3766 3711 3819 etiam
3734 3808 3749 3829 ,

2161 3880 2323 3933 quem
2368 3863 2669 3927 cernimus,
2706 3865 2885 3917 lumen
2930 3878 3114 3915 unum.
3145 3862 3313 3927 Quam
3364 3859 3617 3913 unitatem
3648 3857 3756 3911 rite

2161 3958 2432 4026 sapientes
2490 3958 2645 4027 hujus
2693 3958 2873 4011 mundi
2920 3955 3258 4010 eooeordiam
3285 3996 3301 4019 ,
3330 3953 3412 4007 vel
3452 3954 3707 4022 pietatem
3734 3991 3750 4014 ,

2161 4050 2557 4117 amicitiamque
2602 4050 2882 4113 dixerunt,
2922 4048 3062 4116 quod
3112 4047 3181 4101 ita
3238 4054 3501 4109 nectatur,
3536 4052 3591 4095 ut
3640 4058 3752 4097 non

2161 4149 2375 4195 secetur
2406 4140 2456 4193 in
2489 4147 2685 4205 partes.

2236 4235 2289 4287 7.
2327 4234 2509 4301 Itaque
2551 4233 2673 4299 quia
2722 4231 3035 4285 divisionem
3084 4229 3164 4281 sui
3197 4228 3370 4281 ttnitas
3426 4241 3530 4279 non
3571 4227 3755 4293 capit,

2165 4322 2359 4378 deinde
2389 4337 2510 4375 cum
2544 4338 2707 4375 unum
2754 4322 2947 4375 factum
2983 4321 3035 4373 in
3083 4334 3405 4387 quocunque
3433 4316 3757 4379 deﬂuxerit,

2166 4418 2290 4471 licet
2321 4418 2438 4486 ejus
2485 4418 2620 4471 linea
2673 4416 3010 4479 insecabilis,
3060 4430 3122 4469 ac
3165 4415 3280 4468 sine
3327 4428 3427 4467 una
3460 4411 3762 4464 latitudinis

2166 4512 2557 4581 signiﬁcatione
2601 4510 2879 4576 habeatur,
2913 4521 3087 4563 tamen
3135 4506 3436 4575 conjunctis
3490 4503 3759 4559 binarium

471 4604 750 4660 creantur;
796 4594 1163 4664 eomdernque
1181 4594 1361 4646 solum
1402 4607 1523 4646 esse
1560 4594 1816 4664 (constat)
1848 4610 2059 4649 mensw
2093 4591 2141 4650 Ι)
2168 4604 2376 4658 reddet.

546 4735 601 4789 1,
632 4729 762 4803 Quae
800 4730 865 4783 ad
903 4729 1043 4803 hunc
1064 4729 1256 4782 librum
1291 4726 1615 4803 [tractationis
1636 4728 1759 4803 Ioco
1791 4729 2062 4784 illustran-

472 4805 600 4860 dum
628 4800 803 4855 facere
834 4801 1065 4854 maxime
1088 4808 1322 4864 possent,
1348 4815 1410 4853 ea
1442 4801 1623 4852 omnia
1651 4800 1837 4853 sedulo
1857 4816 1886 4853 a
1906 4806 2061 4856 nobis

476 4879 533 4933 in
565 4873 894 4937 Isidoriattis,
926 4888 1045 4941 cap.
1082 4870 1172 4933 63,
1203 4872 1444 4939 exposita
1481 4883 1626 4937 sunt,
1654 4872 1739 4924 ulti
1775 4873 1939 4924 etiam
1968 4890 2060 4925 au-

476 4961 655 5009 ctores
683 4944 983 5005 indicantur
1003 4944 1096 5013 qui
1120 4945 1188 4998 de
1211 4943 1498 5012 allegorica
1520 4960 1615 4995 seu
1642 4945 1858 5013 mystica
1885 4960 2067 4998 nume-

477 5035 658 5085 torttnt
722 5017 1159 5085 interpretatione
1222 5023 1405 5082 agunt,
1450 5014 1646 5082 quique
1692 5030 1811 5085 euut
1860 5014 2065 5067 Isidoro

481 5082 663 5145 nostro
695 5090 761 5140 ab
803 5082 1085 5154 iis‘quiltus
1115 5086 1162 5137 id
1205 5096 1371 5137 ohttm
1424 5085 1602 5146 luerit,
1632 5083 1867 5136 conferri
1913 5094 2062 5154 pote-

481 5173 622 5214 runt.
654 5158 806 5225 Quod
856 5160 929 5210 ait
970 5158 1227 5220 Isidorus,
1253 5165 1307 5207 ut
1338 5156 1560 5213 voluisti.
1598 5155 1791 5207 indicat
1830 5170 1965 5219 opus
1992 5158 2057 5208 ad

478 5234 708 5298 aliquem
752 5228 917 5284 fuisse
958 5230 1256 5290 direcmtn;
1298 5226 1390 5279 sed
1417 5227 1658 5292 quisnam
1692 5227 1736 5277 is
1764 5225 1942 5287 Fuerit,
1977 5227 2059 5278 in-

478 5297 682 5355 certum
713 5302 932 5353 omnino
959 5308 1064 5354 est.
1096 5302 1226 5352 Cum
1256 5298 1388 5351 liber
1418 5313 1559 5351 nunc
1593 5297 1818 5363 primum
1848 5298 2060 5360 edatur,

478 5383 531 5425 et
561 5386 626 5425 ex
659 5386 763 5424 uno
791 5381 1001 5423 tantum
1027 5386 1130 5425 ms.
1158 5368 1453 5434 exemplari
1485 5368 1802 5421 'I-‘aurinensi
1828 5367 2064 5434 descrip-

481 5454 566 5497 tus
594 5443 685 5504 sit,
717 5455 888 5506 neque
911 5441 1053 5494 enim
1091 5444 1234 5497 aliud
1260 5441 1539 5505 exemplar
1568 5440 1692 5491 alibi
1724 5450 1934 5493 exstare
1965 5453 2061 5490 no-

481 5516 559 5577 vi,
605 5513 779 5568 nullas
824 5515 997 5564 varias
1046 5514 1305 5569 lectiones
1360 5512 1558 5565 allerro
1609 5510 1752 5575 licet,
1780 5526 1841 5564 ac
1885 5509 2059 5564 solum

481 5584 767 5641 nonnullas
811 5584 1148 5650 conjecturas
1179 5589 1228 5639 in
1278 5588 1410 5637 locis
1449 5581 1849 5637 obscurioribtu
1890 5597 2061 5651 appo-

480 5672 627 5713 nam.
659 5656 716 5712 In
770 5658 949 5709 multis
982 5656 1110 5711 locis
1149 5671 1315 5710 sacra:
1346 5655 1636 5723 Scripturae
1666 5669 1918 5708 numeros
1945 5667 2062 5723 my-

480 5726 648 5784 sterio
679 5728 863 5797 aliquo
888 5726 1125 5797 gaudere
1168 5728 1328 5782 tradit
1353 5729 1515 5782 etiam
1543 5723 1796 5791 Isidorus,
1830 5723 2062 5794 Etymol.

2165 4736 2257 4789 lib.
2292 4751 2373 4800 III,
2426 4750 2545 4800 cap.
2578 4736 2630 4797 4.
2675 4734 2901 4787 Sanctus
2953 4732 3297 4797 Augustinus,
3341 4735 3533 4796 qumst.
3564 4726 3667 4782 I52
3702 4729 3762 4783 in

2164 4807 2386 4868 Genet,
2423 4807 2510 4859 lib.
2548 4822 2560 4859 ι
2590 4823 2600 4856 :
2632 4802 2697 4857 In
2730 4807 2974 4865 numeris,
3005 4820 3131 4868 quos
3158 4803 3209 4854 in
3237 4802 3517 4862 Scripturis
3543 4815 3651 4850 esse
3675 4818 3767 4853 sa-

2166 4879 2477 4930 cratissimo;
2504 4885 2549 4929 et
2577 4880 2930 4945 mysteriorum
2974 4876 3312 4936 plenissimos,
3343 4888 3409 4945 ea:
3429 4869 3758 4937 quibusdam,

2165 4966 2287 5017 quos
2319 4950 2439 5001 inde
2470 4964 2613 5003 nosse
2635 4948 2910 5016 potuimus,
2944 4946 3239 5012 dignissime
3265 4944 3535 5017 credimus.

2238 5022 2289 5075 5.
2325 5017 2455 5081 Par,
2486 5028 2591 5072 etc.
2629 5014 2930 5087 Etytnoiog.
2958 5017 3049 5070 lib.
3082 5031 3159 5073 ut,
3188 5030 3313 5081 cap.
3342 5014 3395 5067 5.

2238 5089 2296 5142 4.
2332 5091 2520 5145 Addidi
2565 5083 2781 5149 constat,
2810 5083 2947 5155 quod
2998 5088 3047 5139 itt
3098 5087 3282 5139 Isidori
3318 5083 3568 5153 operibus
3614 5084 3766 5137 solet

2169 5160 2379 5220 abesse,
2415 5171 2471 5213 ut
2494 5175 2636 5223 smne
2663 5159 3036 5211 animadverti.

2241 5231 2295 5285 5.
2326 5231 2555 5284 Sanctus
2584 5229 2847 5294 Leander,
2883 5228 3072 5282 Isidori
3108 5225 3292 5286 frater,
3322 5225 3374 5277 in
3429 5224 3653 5283 homilia
3687 5224 3765 5276 de

2166 5302 2518 5354 conversione
2558 5300 2851 5354 Gothorum
2879 5300 2930 5353 in
2962 5299 3108 5352 Actis
3138 5297 3351 5348 concilii
3383 5296 3623 5353 To'etani
3653 5309 3710 5345 III
3742 5311 3757 5345 :

2173 5372 2314 5425 Unus
2363 5383 2433 5424 est
2479 5375 2613 5423 enim
2645 5368 2877 5424 Christus
2922 5369 3191 5432 Dominus,
3222 5371 3371 5437 cujus
3399 5376 3470 5422 est
3522 5381 3639 5437 una,
3668 5380 3766 5425 per

2168 5452 2328 5496 totum
2375 5443 2625 5495 mundum
2672 5439 2927 5507 Ecclesia,
2971 5450 3078 5495 etc.
3130 5437 3205 5495 De
3235 5436 3387 5507 chns
3436 5436 3767 5491 fecunditate

2170 5515 2335 5568 multa
2367 5513 2436 5567 ibi
2467 5512 2732 5567 Leander.

2241 5589 2294 5640 6.
2332 5588 2518 5640 Posset
2562 5584 2661 5650 legi
2709 5599 2930 5645 tinus..."
2963 5580 3263 5649 baptismus.
3293 5581 3397 5639 Sed
3429 5578 3557 5633 nihil
3587 5584 3770 5650 muto‘

2242 5657 2296 5714 7.
2329 5656 2502 5712 Malim
2533 5649 2641 5710 sine
2668 5652 2847 5710 ulla...
2879 5655 3172 5725 conjunctio
3211 5653 3463 5713 binarium
3494 5649 3686 5709 reddit.
