  <div class='ocr_page' id='page_1' title='image "/cluster/home/n/w/nwhite01/storage/ocr_20150623/83/hvd.32044054758875/096.png"; bbox 0 0 4104 6172; ppageno 0'>
   <div class='ocr_carea' id='block_1_1' title="bbox 398 179 490 236">
    <p class='ocr_par' dir='ltr' id='par_1_1' title="bbox 398 179 490 236">
     <span class='ocr_line' id='line_1_1' title="bbox 398 179 490 236; baseline 0.033 -3"><span class='ocrx_word' id='word_1_1' title='bbox 398 179 490 236; x_wconf 82' lang='lat' dir='ltr'><strong>tst</strong></span> 
     </span>
    </p>
   </div>
   <div class='ocr_carea' id='block_1_2' title="bbox 891 283 1514 360">
    <p class='ocr_par' dir='ltr' id='par_1_2' title="bbox 891 283 1514 360">
     <span class='ocr_line' id='line_1_2' title="bbox 891 283 1514 360; baseline -0.002 -21"><span class='ocrx_word' id='word_1_2' title='bbox 891 291 1053 360; x_wconf 61' lang='grc' dir='ltr'><strong>κερ</strong></span> <span class='ocrx_word' id='word_1_3' title='bbox 1090 284 1366 341; x_wconf 82' lang='lat' dir='ltr'><strong>CAPUT</strong></span> <span class='ocrx_word' id='word_1_4' title='bbox 1409 283 1514 339; x_wconf 88' lang='grc' dir='ltr'>ιιι.</span> 
     </span>
    </p>
   </div>
   <div class='ocr_carea' id='block_1_3' title="bbox 933 379 1483 433">
    <p class='ocr_par' dir='ltr' id='par_1_3' title="bbox 933 379 1483 433">
     <span class='ocr_line' id='line_1_3' title="bbox 933 379 1483 433; baseline -0.005 -1"><span class='ocrx_word' id='word_1_5' title='bbox 933 381 1007 433; x_wconf 88' lang='lat' dir='ltr'><strong>De</strong></span> <span class='ocrx_word' id='word_1_6' title='bbox 1027 379 1226 433; x_wconf 81' lang='lat' dir='ltr'><strong>binario</strong></span> <span class='ocrx_word' id='word_1_7' title='bbox 1255 393 1483 431; x_wconf 67' lang='lat' dir='ltr'><strong>numero.</strong></span> 
     </span>
    </p>
   </div>
   <div class='ocr_carea' id='block_1_4' title="bbox 462 469 1987 537">
    <p class='ocr_par' dir='ltr' id='par_1_4' title="bbox 462 469 1987 537">
     <span class='ocr_line' id='line_1_4' title="bbox 462 469 1987 537; baseline -0.007 -8"><span class='ocrx_word' id='word_1_8' title='bbox 462 474 516 529; x_wconf 86' lang='lat'><strong>8.</strong></span> <span class='ocrx_word' id='word_1_9' title='bbox 544 471 795 526; x_wconf 83' lang='lat' dir='ltr'><strong>Binarius</strong></span> <span class='ocrx_word' id='word_1_10' title='bbox 840 485 1099 524; x_wconf 86' lang='lat' dir='ltr'><strong>numerus</strong></span> <span class='ocrx_word' id='word_1_11' title='bbox 1150 469 1315 537; x_wconf 82' lang='lat' dir='ltr'><strong>prima</strong></span> <span class='ocrx_word' id='word_1_12' title='bbox 1356 481 1699 521; x_wconf 87' lang='lat' dir='ltr'><strong>numerorum</strong></span> <span class='ocrx_word' id='word_1_13' title='bbox 1734 479 1987 532; x_wconf 85' lang='lat' dir='ltr'><strong>procrea-</strong></span> 
     </span>
    </p>
   </div>
   <div class='ocr_carea' id='block_1_5' title="bbox 391 555 1989 633">
    <p class='ocr_par' dir='ltr' id='par_1_5' title="bbox 391 555 1989 633">
     <span class='ocr_line' id='line_1_5' title="bbox 391 555 1989 633; baseline -0.006 -13"><span class='ocrx_word' id='word_1_14' title='bbox 391 568 492 629; x_wconf 87' lang='lat' dir='ltr'><strong>tio,</strong></span> <span class='ocrx_word' id='word_1_15' title='bbox 518 565 797 633; x_wconf 86' lang='lat' dir='ltr'><strong>primaque</strong></span> <span class='ocrx_word' id='word_1_16' title='bbox 836 570 922 616; x_wconf 89' lang='lat' dir='ltr'><strong>est</strong></span> <span class='ocrx_word' id='word_1_17' title='bbox 948 561 1115 615; x_wconf 81' lang='lat' dir='ltr'><strong>forma</strong></span> <span class='ocrx_word' id='word_1_18' title='bbox 1136 602 1152 626; x_wconf 91' lang='lat'><strong>,</strong></span> <span class='ocrx_word' id='word_1_19' title='bbox 1188 558 1471 627; x_wconf 90' lang='lat' dir='ltr'><strong>parilitatis</strong></span> <span class='ocrx_word' id='word_1_20' title='bbox 1508 555 1843 624; x_wconf 89' lang='lat' dir='ltr'><strong>corporatio,</strong></span> <span class='ocrx_word' id='word_1_21' title='bbox 1875 570 1989 611; x_wconf 88' lang='lat' dir='ltr'><strong>mo-</strong></span> 
     </span>
    </p>
   </div>
   <div class='ocr_carea' id='block_1_6' title="bbox 390 646 1990 724">
    <p class='ocr_par' dir='ltr' id='par_1_6' title="bbox 390 646 1990 724">
     <span class='ocr_line' id='line_1_6' title="bbox 390 646 1990 724; baseline -0.008 -13"><span class='ocrx_word' id='word_1_22' title='bbox 390 671 583 724; x_wconf 77' lang='lat' dir='ltr'><strong>tusque</strong></span> <span class='ocrx_word' id='word_1_23' title='bbox 623 655 782 722; x_wconf 80' lang='lat' dir='ltr'><strong>primi</strong></span> <span class='ocrx_word' id='word_1_24' title='bbox 826 696 843 721; x_wconf 94' lang='lat'><strong>,</strong></span> <span class='ocrx_word' id='word_1_25' title='bbox 866 654 1153 720; x_wconf 79' lang='lat' dir='ltr'><strong>sociusque</strong></span> <span class='ocrx_word' id='word_1_26' title='bbox 1196 648 1580 717; x_wconf 68' lang='lat' dir='ltr'><strong>praecedentis,</strong></span> <span class='ocrx_word' id='word_1_27' title='bbox 1609 656 1664 701; x_wconf 91' lang='lat' dir='ltr'><strong>et</strong></span> <span class='ocrx_word' id='word_1_28' title='bbox 1702 646 1883 709; x_wconf 82' lang='lat' dir='ltr'><strong>irater,</strong></span> <span class='ocrx_word' id='word_1_29' title='bbox 1909 654 1990 700; x_wconf 86' lang='lat' dir='ltr'><strong>est</strong></span> 
     </span>
    </p>
   </div>
   <div class='ocr_carea' id='block_1_7' title="bbox 384 738 1989 808">
    <p class='ocr_par' dir='ltr' id='par_1_7' title="bbox 384 738 1989 808">
     <span class='ocr_line' id='line_1_7' title="bbox 384 738 1989 808; baseline -0.007 -3"><span class='ocrx_word' id='word_1_30' title='bbox 384 752 551 805; x_wconf 82' lang='lat' dir='ltr'><strong>etiam</strong></span> <span class='ocrx_word' id='word_1_31' title='bbox 588 748 892 801; x_wconf 76' lang='lat' dir='ltr'><strong>medietatis</strong></span> <span class='ocrx_word' id='word_1_32' title='bbox 935 758 1126 807; x_wconf 83' lang='lat' dir='ltr'><strong>capax.</strong></span> <span class='ocrx_word' id='word_1_33' title='bbox 1160 742 1291 797; x_wconf 87' lang='lat' dir='ltr'><strong>Nam</strong></span> <span class='ocrx_word' id='word_1_34' title='bbox 1324 742 1464 794; x_wconf 91' lang='lat' dir='ltr'><strong>bona</strong></span> <span class='ocrx_word' id='word_1_35' title='bbox 1495 738 1738 808; x_wconf 85' lang='lat' dir='ltr'><strong>malaque</strong></span> <span class='ocrx_word' id='word_1_36' title='bbox 1774 739 1989 807; x_wconf 84' lang='lat' dir='ltr'><strong>partici-</strong></span> 
     </span>
    </p>
   </div>
   <div class='ocr_carea' id='block_1_8' title="bbox 390 831 1984 909">
    <p class='ocr_par' dir='ltr' id='par_1_8' title="bbox 390 831 1984 909">
     <span class='ocr_line' id='line_1_8' title="bbox 390 831 1984 909; baseline -0.005 -18"><span class='ocrx_word' id='word_1_37' title='bbox 390 849 479 909; x_wconf 85' lang='lat' dir='ltr'><strong>pat</strong></span> <span class='ocrx_word' id='word_1_38' title='bbox 506 838 735 908; x_wconf 82' lang='lat' dir='ltr'><strong>quadam</strong></span> <span class='ocrx_word' id='word_1_39' title='bbox 763 834 1034 891; x_wconf 55' lang='lat' dir='ltr'><strong>d‘scordia</strong></span> <span class='ocrx_word' id='word_1_40' title='bbox 1057 874 1072 901; x_wconf 90' lang='lat'><strong>,</strong></span> <span class='ocrx_word' id='word_1_41' title='bbox 1096 849 1201 903; x_wconf 89' lang='lat' dir='ltr'><strong>qua</strong></span> <span class='ocrx_word' id='word_1_42' title='bbox 1222 833 1321 888; x_wconf 78' lang='lat' dir='ltr'><strong>sibi</strong></span> <span class='ocrx_word' id='word_1_43' title='bbox 1343 834 1568 887; x_wconf 79' lang='lat' dir='ltr'><strong>invicem</strong></span> <span class='ocrx_word' id='word_1_44' title='bbox 1594 831 1658 884; x_wconf 91' lang='lat' dir='ltr'><strong>ad</strong></span> <span class='ocrx_word' id='word_1_45' title='bbox 1673 840 1984 894; x_wconf 62' lang='lat' dir='ltr'><strong>versantur;</strong></span> 
     </span>
    </p>
   </div>
   <div class='ocr_carea' id='block_1_9' title="bbox 390 922 1992 997">
    <p class='ocr_par' dir='ltr' id='par_1_9' title="bbox 390 922 1992 997">
     <span class='ocr_line' id='line_1_9' title="bbox 390 922 1992 997; baseline -0.005 -13"><span class='ocrx_word' id='word_1_46' title='bbox 390 941 579 997; x_wconf 86' lang='lat' dir='ltr'><strong>utpote</strong></span> <span class='ocrx_word' id='word_1_47' title='bbox 606 946 723 997; x_wconf 79' lang='lat' dir='ltr'><strong>qua:</strong></span> <span class='ocrx_word' id='word_1_48' title='bbox 752 930 926 997; x_wconf 86' lang='lat' dir='ltr'><strong>prima</strong></span> <span class='ocrx_word' id='word_1_49' title='bbox 966 926 1159 994; x_wconf 75' lang='lat' dir='ltr'><strong>poterit</strong></span> <span class='ocrx_word' id='word_1_50' title='bbox 1187 925 1255 980; x_wconf 83' lang='lat' dir='ltr'><strong>ab</strong></span> <span class='ocrx_word' id='word_1_51' title='bbox 1299 924 1606 979; x_wconf 65' lang='lat' dir='ltr'><strong>adhaerente</strong></span> <span class='ocrx_word' id='word_1_52' title='bbox 1633 922 1900 990; x_wconf 87' lang='lat' dir='ltr'><strong>separari,</strong></span> <span class='ocrx_word' id='word_1_53' title='bbox 1932 931 1992 976; x_wconf 89' lang='lat' dir='ltr'><strong>ut</strong></span> 
     </span>
    </p>
   </div>
   <div class='ocr_carea' id='block_1_10' title="bbox 388 1016 1987 1088">
    <p class='ocr_par' dir='ltr' id='par_1_10' title="bbox 388 1016 1987 1088">
     <span class='ocr_line' id='line_1_10' title="bbox 388 1016 1987 1088; baseline -0.005 -12"><span class='ocrx_word' id='word_1_54' title='bbox 388 1023 512 1076; x_wconf 83' lang='lat' dir='ltr'><strong>bina</strong></span> <span class='ocrx_word' id='word_1_55' title='bbox 557 1022 646 1076; x_wconf 82' lang='lat' dir='ltr'><strong>illa</strong></span> <span class='ocrx_word' id='word_1_56' title='bbox 688 1030 744 1075; x_wconf 88' lang='lat' dir='ltr'><strong>et</strong></span> <span class='ocrx_word' id='word_1_57' title='bbox 787 1019 981 1073; x_wconf 90' lang='lat' dir='ltr'><strong>munda</strong></span> <span class='ocrx_word' id='word_1_58' title='bbox 1014 1036 1135 1088; x_wconf 69' lang='lat' dir='ltr'><strong>qua:</strong></span> <span class='ocrx_word' id='word_1_59' title='bbox 1168 1019 1465 1087; x_wconf 84' lang='lat' dir='ltr'><strong>ﬁguraliter</strong></span> <span class='ocrx_word' id='word_1_60' title='bbox 1495 1018 1907 1071; x_wconf 85' lang='lat' dir='ltr'><strong>introducantur</strong></span> <span class='ocrx_word' id='word_1_61' title='bbox 1934 1016 1987 1068; x_wconf 89' lang='lat' dir='ltr'><strong>in</strong></span> 
     </span>
    </p>
   </div>
   <div class='ocr_carea' id='block_1_11' title="bbox 384 1105 1985 1180">
    <p class='ocr_par' dir='ltr' id='par_1_11' title="bbox 384 1105 1985 1180">
     <span class='ocr_line' id='line_1_11' title="bbox 384 1105 1985 1180; baseline -0.003 -16"><span class='ocrx_word' id='word_1_62' title='bbox 384 1128 606 1178; x_wconf 81' lang='lat' dir='ltr'><strong>arcam,</strong></span> <span class='ocrx_word' id='word_1_63' title='bbox 638 1128 757 1179; x_wconf 67' lang='lat' dir='ltr'><strong>qua:</strong></span> <span class='ocrx_word' id='word_1_64' title='bbox 803 1112 1049 1180; x_wconf 85' lang='lat' dir='ltr'><strong>quidem,</strong></span> <span class='ocrx_word' id='word_1_65' title='bbox 1083 1109 1207 1163; x_wconf 89' lang='lat' dir='ltr'><strong>dum</strong></span> <span class='ocrx_word' id='word_1_66' title='bbox 1255 1125 1319 1163; x_wconf 78' lang='lat' dir='ltr'><strong>ex</strong></span> <span class='ocrx_word' id='word_1_67' title='bbox 1355 1108 1621 1177; x_wconf 69' lang='lat' dir='ltr'><strong>parilitate</strong></span> <span class='ocrx_word' id='word_1_68' title='bbox 1663 1105 1985 1171; x_wconf 83' lang='lat' dir='ltr'><strong>consistant,</strong></span> 
     </span>
    </p>
   </div>
   <div class='ocr_carea' id='block_1_12' title="bbox 385 1200 1641 1275">
    <p class='ocr_par' dir='ltr' id='par_1_12' title="bbox 385 1200 1641 1275">
     <span class='ocr_line' id='line_1_12' title="bbox 385 1200 1641 1275; baseline -0.007 -15"><span class='ocrx_word' id='word_1_69' title='bbox 385 1208 444 1261; x_wconf 89' lang='lat' dir='ltr'><strong>in</strong></span> <span class='ocrx_word' id='word_1_70' title='bbox 476 1220 539 1259; x_wconf 85' lang='lat' dir='ltr'><strong>se</strong></span> <span class='ocrx_word' id='word_1_71' title='bbox 567 1214 745 1275; x_wconf 83' lang='lat' dir='ltr'><strong>tamen</strong></span> <span class='ocrx_word' id='word_1_72' title='bbox 776 1202 1001 1275; x_wconf 81' lang='lat' dir='ltr'><strong>mystice</strong></span> <span class='ocrx_word' id='word_1_73' title='bbox 1032 1202 1282 1256; x_wconf 88' lang='lat' dir='ltr'><strong>videntur</strong></span> <span class='ocrx_word' id='word_1_74' title='bbox 1303 1214 1423 1254; x_wconf 86' lang='lat' dir='ltr'><strong>esse</strong></span> <span class='ocrx_word' id='word_1_75' title='bbox 1450 1200 1641 1255; x_wconf 89' lang='lat' dir='ltr'><strong>divisa.</strong></span> 
     </span>
    </p>
   </div>
   <div class='ocr_carea' id='block_1_13' title="bbox 457 1293 1989 1364">
    <p class='ocr_par' dir='ltr' id='par_1_13' title="bbox 457 1293 1989 1364">
     <span class='ocr_line' id='line_1_13' title="bbox 457 1293 1989 1364; baseline -0.002 -13"><span class='ocrx_word' id='word_1_76' title='bbox 457 1296 516 1351; x_wconf 89' lang='lat'><strong>9.</strong></span> <span class='ocrx_word' id='word_1_77' title='bbox 549 1297 630 1352; x_wconf 81' lang='lat' dir='ltr'><strong>Ad</strong></span> <span class='ocrx_word' id='word_1_78' title='bbox 664 1298 764 1352; x_wconf 89' lang='lat' dir='ltr'><strong>hoc</strong></span> <span class='ocrx_word' id='word_1_79' title='bbox 790 1311 959 1364; x_wconf 87' lang='lat' dir='ltr'><strong>genus</strong></span> <span class='ocrx_word' id='word_1_80' title='bbox 993 1295 1260 1362; x_wconf 79' lang='lat' dir='ltr'><strong>pertinent</strong></span> <span class='ocrx_word' id='word_1_81' title='bbox 1307 1302 1362 1347; x_wconf 87' lang='lat' dir='ltr'><strong>et</strong></span> <span class='ocrx_word' id='word_1_82' title='bbox 1405 1293 1477 1346; x_wconf 88' lang='lat' dir='ltr'><strong>illi</strong></span> <span class='ocrx_word' id='word_1_83' title='bbox 1503 1294 1610 1347; x_wconf 93' lang='lat' dir='ltr'><strong>duo</strong></span> <span class='ocrx_word' id='word_1_84' title='bbox 1634 1293 1685 1347; x_wconf 90' lang='lat' dir='ltr'><strong>in</strong></span> <span class='ocrx_word' id='word_1_85' title='bbox 1713 1308 1871 1361; x_wconf 84' lang='lat' dir='ltr'><strong>agro,</strong></span> <span class='ocrx_word' id='word_1_86' title='bbox 1900 1293 1989 1361; x_wconf 85' lang='lat' dir='ltr'><strong>qui</strong></span> 
     </span>
    </p>
   </div>
   <div class='ocr_carea' id='block_1_14' title="bbox 385 1384 1989 1455">
    <p class='ocr_par' dir='ltr' id='par_1_14' title="bbox 385 1384 1989 1455">
     <span class='ocr_line' id='line_1_14' title="bbox 385 1384 1989 1455; baseline -0.002 -14"><span class='ocrx_word' id='word_1_87' title='bbox 385 1387 623 1442; x_wconf 87' lang='lat' dir='ltr'><strong>invicem</strong></span> <span class='ocrx_word' id='word_1_88' title='bbox 656 1389 1053 1449; x_wconf 68' lang='lat' dir='ltr'><strong>discirrnuntur,</strong></span> <span class='ocrx_word' id='word_1_89' title='bbox 1078 1386 1198 1455; x_wconf 89' lang='lat' dir='ltr'><strong>quia</strong></span> <span class='ocrx_word' id='word_1_90' title='bbox 1219 1424 1234 1449; x_wconf 92' lang='lat'><strong>,</strong></span> <span class='ocrx_word' id='word_1_91' title='bbox 1266 1384 1584 1440; x_wconf 71' lang='lat' dir='ltr'><strong>adveniente</strong></span> <span class='ocrx_word' id='word_1_92' title='bbox 1610 1385 1793 1438; x_wconf 68' lang='lat' dir='ltr'><strong>saeculi</strong></span> <span class='ocrx_word' id='word_1_93' title='bbox 1828 1385 1989 1438; x_wconf 89' lang='lat' dir='ltr'><strong>tribu-</strong></span> 
     </span>
    </p>
   </div>
   <div class='ocr_carea' id='block_1_15' title="bbox 388 1478 1992 1549">
    <p class='ocr_par' dir='ltr' id='par_1_15' title="bbox 388 1478 1992 1549">
     <span class='ocr_line' id='line_1_15' title="bbox 388 1478 1992 1549; baseline -0.001 -15"><span class='ocrx_word' id='word_1_94' title='bbox 388 1483 625 1549; x_wconf 85' lang='lat' dir='ltr'><strong>latione,</strong></span> <span class='ocrx_word' id='word_1_95' title='bbox 656 1498 718 1535; x_wconf 79' lang='lat' dir='ltr'><strong>ex</strong></span> <span class='ocrx_word' id='word_1_96' title='bbox 752 1480 883 1549; x_wconf 81' lang='lat' dir='ltr'><strong>ipsis</strong></span> <span class='ocrx_word' id='word_1_97' title='bbox 910 1480 1127 1549; x_wconf 90' lang='lat' dir='ltr'><strong>quidam</strong></span> <span class='ocrx_word' id='word_1_98' title='bbox 1168 1479 1437 1548; x_wconf 83' lang='lat' dir='ltr'><strong>pertinent</strong></span> <span class='ocrx_word' id='word_1_99' title='bbox 1479 1478 1530 1532; x_wconf 93' lang='lat' dir='ltr'><strong>in</strong></span> <span class='ocrx_word' id='word_1_100' title='bbox 1566 1478 1723 1532; x_wconf 82' lang='lat' dir='ltr'><strong>tidem</strong></span> <span class='ocrx_word' id='word_1_101' title='bbox 1745 1519 1759 1542; x_wconf 94' lang='lat'><strong>,</strong></span> <span class='ocrx_word' id='word_1_102' title='bbox 1793 1488 1847 1531; x_wconf 90' lang='lat' dir='ltr'><strong>et</strong></span> <span class='ocrx_word' id='word_1_103' title='bbox 1876 1494 1992 1532; x_wconf 86' lang='lat' dir='ltr'><strong>rur-</strong></span> 
     </span>
    </p>
   </div>
   <div class='ocr_carea' id='block_1_16' title="bbox 385 1569 1987 1641">
    <p class='ocr_par' dir='ltr' id='par_1_16' title="bbox 385 1569 1987 1641">
     <span class='ocr_line' id='line_1_16' title="bbox 385 1569 1987 1641; baseline -0.002 -15"><span class='ocrx_word' id='word_1_104' title='bbox 385 1586 511 1627; x_wconf 81' lang='lat' dir='ltr'><strong>smn</strong></span> <span class='ocrx_word' id='word_1_105' title='bbox 558 1583 837 1637; x_wconf 78' lang='lat' dir='ltr'><strong>vocantur,</strong></span> <span class='ocrx_word' id='word_1_106' title='bbox 884 1573 1100 1641; x_wconf 83' lang='lat' dir='ltr'><strong>quidam</strong></span> <span class='ocrx_word' id='word_1_107' title='bbox 1147 1586 1278 1627; x_wconf 77' lang='lat' dir='ltr'><strong>vero</strong></span> <span class='ocrx_word' id='word_1_108' title='bbox 1326 1569 1712 1624; x_wconf 84' lang='lat' dir='ltr'><strong>tentationibus</strong></span> <span class='ocrx_word' id='word_1_109' title='bbox 1758 1570 1987 1633; x_wconf 87' lang='lat' dir='ltr'><strong>cedunt,</strong></span> 
     </span>
    </p>
   </div>
   <div class='ocr_carea' id='block_1_17' title="bbox 384 1661 2071 1734">
    <p class='ocr_par' dir='ltr' id='par_1_17' title="bbox 384 1661 2071 1734">
     <span class='ocr_line' id='line_1_17' title="bbox 384 1661 2071 1734; baseline 0.001 -20"><span class='ocrx_word' id='word_1_110' title='bbox 384 1674 552 1731; x_wconf 79' lang='lat' dir='ltr'><strong>atque</strong></span> <span class='ocrx_word' id='word_1_111' title='bbox 582 1665 751 1718; x_wconf 67' lang='grc' dir='ltr'><strong>γυιὶειί</strong></span> <span class='ocrx_word' id='word_1_112' title='bbox 784 1665 833 1717; x_wconf 90' lang='lat' dir='ltr'><strong>in</strong></span> <span class='ocrx_word' id='word_1_113' title='bbox 868 1665 1128 1732; x_wconf 83' lang='lat' dir='ltr'><strong>profunda</strong></span> <span class='ocrx_word' id='word_1_114' title='bbox 1162 1664 1425 1716; x_wconf 82' lang='lat' dir='ltr'><strong>laxantur.</strong></span> <span class='ocrx_word' id='word_1_115' title='bbox 1471 1661 1737 1717; x_wconf 66' lang='lat' dir='ltr'><strong>Praeterea</strong></span> <span class='ocrx_word' id='word_1_116' title='bbox 1769 1676 1989 1716; x_wconf 90' lang='lat' dir='ltr'><strong>concor-</strong></span> <span class='ocrx_word' id='word_1_117' title='bbox 2026 1674 2071 1734; x_wconf 76' lang='grc' dir='ltr'><strong>Β</strong></span> 
     </span>
    </p>
   </div>
   <div class='ocr_carea' id='block_1_18' title="bbox 382 1754 1994 1824">
    <p class='ocr_par' dir='ltr' id='par_1_18' title="bbox 382 1754 1994 1824">
     <span class='ocr_line' id='line_1_18' title="bbox 382 1754 1994 1824; baseline 0 -16"><span class='ocrx_word' id='word_1_118' title='bbox 382 1757 524 1809; x_wconf 84' lang='lat' dir='ltr'><strong>dant</strong></span> <span class='ocrx_word' id='word_1_119' title='bbox 551 1768 605 1811; x_wconf 92' lang='lat' dir='ltr'><strong>et</strong></span> <span class='ocrx_word' id='word_1_120' title='bbox 636 1758 689 1809; x_wconf 88' lang='lat' dir='ltr'><strong>in</strong></span> <span class='ocrx_word' id='word_1_121' title='bbox 724 1758 919 1809; x_wconf 83' lang='lat' dir='ltr'><strong>bonam</strong></span> <span class='ocrx_word' id='word_1_122' title='bbox 952 1764 1157 1824; x_wconf 88' lang='lat' dir='ltr'><strong>partem</strong></span> <span class='ocrx_word' id='word_1_123' title='bbox 1206 1765 1465 1823; x_wconf 86' lang='lat' dir='ltr'><strong>utraque,</strong></span> <span class='ocrx_word' id='word_1_124' title='bbox 1492 1755 1641 1824; x_wconf 82' lang='lat' dir='ltr'><strong>juxta</strong></span> <span class='ocrx_word' id='word_1_125' title='bbox 1681 1754 1823 1822; x_wconf 90' lang='lat' dir='ltr'><strong>quod</strong></span> <span class='ocrx_word' id='word_1_126' title='bbox 1869 1764 1994 1808; x_wconf 83' lang='lat' dir='ltr'><strong>sunt</strong></span> 
     </span>
    </p>
   </div>
   <div class='ocr_carea' id='block_1_19' title="bbox 382 1846 1994 1917">
    <p class='ocr_par' dir='ltr' id='par_1_19' title="bbox 382 1846 1994 1917">
     <span class='ocr_line' id='line_1_19' title="bbox 382 1846 1994 1917; baseline -0.001 -16"><span class='ocrx_word' id='word_1_127' title='bbox 382 1851 499 1902; x_wconf 84' lang='lat' dir='ltr'><strong>duo</strong></span> <span class='ocrx_word' id='word_1_128' title='bbox 525 1848 873 1903; x_wconf 88' lang='lat' dir='ltr'><strong>Testamenta</strong></span> <span class='ocrx_word' id='word_1_129' title='bbox 906 1847 1038 1917; x_wconf 82' lang='lat' dir='ltr'><strong>legis</strong></span> <span class='ocrx_word' id='word_1_130' title='bbox 1068 1856 1122 1900; x_wconf 77' lang='lat' dir='ltr'><strong>et</strong></span> <span class='ocrx_word' id='word_1_131' title='bbox 1153 1846 1597 1913; x_wconf 84' lang='lat' dir='ltr'><strong>Evangeliorum;</strong></span> <span class='ocrx_word' id='word_1_132' title='bbox 1638 1855 1762 1900; x_wconf 87' lang='lat' dir='ltr'><strong>sunt</strong></span> <span class='ocrx_word' id='word_1_133' title='bbox 1793 1855 1846 1899; x_wconf 93' lang='lat' dir='ltr'><strong>et</strong></span> <span class='ocrx_word' id='word_1_134' title='bbox 1875 1846 1994 1900; x_wconf 68' lang='lat' dir='ltr'><strong>duae</strong></span> 
     </span>
    </p>
   </div>
   <div class='ocr_carea' id='block_1_20' title="bbox 386 1938 1992 2008">
    <p class='ocr_par' dir='ltr' id='par_1_20' title="bbox 386 1938 1992 2008">
     <span class='ocr_line' id='line_1_20' title="bbox 386 1938 1992 2008; baseline -0.002 -15"><span class='ocrx_word' id='word_1_135' title='bbox 386 1940 589 1994; x_wconf 80' lang='lat' dir='ltr'><strong>tabula:</strong></span> <span class='ocrx_word' id='word_1_136' title='bbox 610 1941 832 2006; x_wconf 67' lang='lat' dir='ltr'><strong>lapidem</strong></span> <span class='ocrx_word' id='word_1_137' title='bbox 851 1982 866 2006; x_wconf 92' lang='lat'><strong>,</strong></span> <span class='ocrx_word' id='word_1_138' title='bbox 896 1940 1156 2008; x_wconf 89' lang='lat' dir='ltr'><strong>inquibus</strong></span> <span class='ocrx_word' id='word_1_139' title='bbox 1180 1949 1448 2008; x_wconf 69' lang='lat' dir='ltr'><strong>praecepta</strong></span> <span class='ocrx_word' id='word_1_140' title='bbox 1474 1938 1607 2008; x_wconf 89' lang='lat' dir='ltr'><strong>legis</strong></span> <span class='ocrx_word' id='word_1_141' title='bbox 1628 1939 1825 2006; x_wconf 90' lang='lat' dir='ltr'><strong>scripta</strong></span> <span class='ocrx_word' id='word_1_142' title='bbox 1846 1946 1992 2000; x_wconf 82' lang='lat' dir='ltr'><strong>sunt,</strong></span> 
     </span>
    </p>
   </div>
   <div class='ocr_carea' id='block_1_21' title="bbox 383 2029 1992 2101">
    <p class='ocr_par' dir='ltr' id='par_1_21' title="bbox 383 2029 1992 2101">
     <span class='ocr_line' id='line_1_21' title="bbox 383 2029 1992 2101; baseline -0.001 -19"><span class='ocrx_word' id='word_1_143' title='bbox 383 2030 727 2100; x_wconf 85' lang='lat' dir='ltr'><strong>totidemque</strong></span> <span class='ocrx_word' id='word_1_144' title='bbox 758 2031 897 2085; x_wconf 70' lang='lat' dir='ltr'><strong>tuba:</strong></span> <span class='ocrx_word' id='word_1_145' title='bbox 925 2040 1190 2099; x_wconf 79' lang='lat' dir='ltr'><strong>argentea:</strong></span> <span class='ocrx_word' id='word_1_146' title='bbox 1250 2030 1382 2101; x_wconf 88' lang='lat' dir='ltr'><strong>legis</strong></span> <span class='ocrx_word' id='word_1_147' title='bbox 1416 2038 1471 2085; x_wconf 84' lang='lat' dir='ltr'><strong>et</strong></span> <span class='ocrx_word' id='word_1_148' title='bbox 1508 2029 1695 2097; x_wconf 69' lang='lat' dir='ltr'><strong>gratiae</strong></span> <span class='ocrx_word' id='word_1_149' title='bbox 1723 2038 1872 2083; x_wconf 91' lang='lat' dir='ltr'><strong>erant</strong></span> <span class='ocrx_word' id='word_1_150' title='bbox 1895 2070 1908 2096; x_wconf 94' lang='lat'><strong>,</strong></span> <span class='ocrx_word' id='word_1_151' title='bbox 1940 2032 1992 2081; x_wconf 90' lang='lat' dir='ltr'><strong>in</strong></span> 
     </span>
    </p>
   </div>
   <div class='ocr_carea' id='block_1_22' title="bbox 382 2120 1814 2191">
    <p class='ocr_par' dir='ltr' id='par_1_22' title="bbox 382 2120 1814 2191">
     <span class='ocr_line' id='line_1_22' title="bbox 382 2120 1814 2191; baseline 0.001 -17"><span class='ocrx_word' id='word_1_152' title='bbox 382 2122 590 2191; x_wconf 81' lang='lat' dir='ltr'><strong>quibus</strong></span> <span class='ocrx_word' id='word_1_153' title='bbox 619 2132 798 2190; x_wconf 86' lang='lat' dir='ltr'><strong>patres</strong></span> <span class='ocrx_word' id='word_1_154' title='bbox 826 2122 893 2174; x_wconf 90' lang='lat' dir='ltr'><strong>ad</strong></span> <span class='ocrx_word' id='word_1_155' title='bbox 926 2121 1286 2191; x_wconf 84' lang='lat' dir='ltr'><strong>promovenda</strong></span> <span class='ocrx_word' id='word_1_156' title='bbox 1323 2131 1493 2173; x_wconf 87' lang='lat' dir='ltr'><strong>castra</strong></span> <span class='ocrx_word' id='word_1_157' title='bbox 1530 2120 1814 2176; x_wconf 89' lang='lat' dir='ltr'><strong>cauebant.</strong></span> 
     </span>
    </p>
   </div>
   <div class='ocr_carea' id='block_1_23' title="bbox 462 2210 1996 2281">
    <p class='ocr_par' dir='ltr' id='par_1_23' title="bbox 462 2210 1996 2281">
     <span class='ocr_line' id='line_1_23' title="bbox 462 2210 1996 2281; baseline -0.002 -15"><span class='ocrx_word' id='word_1_158' title='bbox 462 2213 557 2266; x_wconf 81' lang='lat' dir='ltr'><strong>IO.</strong></span> <span class='ocrx_word' id='word_1_159' title='bbox 588 2213 705 2266; x_wconf 90' lang='lat' dir='ltr'><strong>Duo</strong></span> <span class='ocrx_word' id='word_1_160' title='bbox 734 2214 892 2267; x_wconf 89' lang='lat' dir='ltr'><strong>etiam</strong></span> <span class='ocrx_word' id='word_1_161' title='bbox 919 2213 1200 2281; x_wconf 82' lang='lat' dir='ltr'><strong>Seraphim</strong></span> <span class='ocrx_word' id='word_1_162' title='bbox 1227 2212 1556 2275; x_wconf 82' lang='lat' dir='ltr'><strong>scribuntur,</strong></span> <span class='ocrx_word' id='word_1_163' title='bbox 1586 2210 1675 2281; x_wconf 90' lang='lat' dir='ltr'><strong>qui</strong></span> <span class='ocrx_word' id='word_1_164' title='bbox 1700 2220 1822 2266; x_wconf 84' lang='lat' dir='ltr'><strong>ante</strong></span> <span class='ocrx_word' id='word_1_165' title='bbox 1846 2211 1996 2266; x_wconf 80' lang='lat' dir='ltr'><strong>thro-</strong></span> 
     </span>
    </p>
   </div>
   <div class='ocr_carea' id='block_1_24' title="bbox 385 2303 1993 2373">
    <p class='ocr_par' dir='ltr' id='par_1_24' title="bbox 385 2303 1993 2373">
     <span class='ocr_line' id='line_1_24' title="bbox 385 2303 1993 2373; baseline -0.002 -14"><span class='ocrx_word' id='word_1_166' title='bbox 385 2320 520 2359; x_wconf 87' lang='lat' dir='ltr'><strong>num</strong></span> <span class='ocrx_word' id='word_1_167' title='bbox 569 2305 852 2367; x_wconf 76' lang='lat' dir='ltr'><strong>sedentes,</strong></span> <span class='ocrx_word' id='word_1_168' title='bbox 892 2303 1091 2371; x_wconf 79' lang='lat' dir='ltr'><strong>jugiter</strong></span> <span class='ocrx_word' id='word_1_169' title='bbox 1121 2304 1376 2373; x_wconf 83' lang='lat' dir='ltr'><strong>hymnum</strong></span> <span class='ocrx_word' id='word_1_170' title='bbox 1421 2303 1770 2359; x_wconf 89' lang='lat' dir='ltr'><strong>decantantes</strong></span> <span class='ocrx_word' id='word_1_171' title='bbox 1812 2319 1993 2358; x_wconf 82' lang='lat' dir='ltr'><strong>erum-</strong></span> 
     </span>
    </p>
   </div>
   <div class='ocr_carea' id='block_1_25' title="bbox 387 2394 1996 2465">
    <p class='ocr_par' dir='ltr' id='par_1_25' title="bbox 387 2394 1996 2465">
     <span class='ocr_line' id='line_1_25' title="bbox 387 2394 1996 2465; baseline 0 -15"><span class='ocrx_word' id='word_1_172' title='bbox 387 2405 557 2465; x_wconf 87' lang='lat' dir='ltr'><strong>punt;</strong></span> <span class='ocrx_word' id='word_1_173' title='bbox 586 2394 708 2449; x_wconf 64' lang='lat' dir='ltr'><strong>duae</strong></span> <span class='ocrx_word' id='word_1_174' title='bbox 748 2396 911 2449; x_wconf 88' lang='lat' dir='ltr'><strong>etiam</strong></span> <span class='ocrx_word' id='word_1_175' title='bbox 960 2395 1116 2449; x_wconf 66' lang='lat' dir='ltr'><strong>olivae</strong></span> <span class='ocrx_word' id='word_1_176' title='bbox 1157 2410 1185 2448; x_wconf 90' lang='lat' dir='ltr'><strong>a</strong></span> <span class='ocrx_word' id='word_1_177' title='bbox 1238 2395 1430 2450; x_wconf 79' lang='lat' dir='ltr'><strong>dextra</strong></span> <span class='ocrx_word' id='word_1_178' title='bbox 1468 2396 1706 2463; x_wconf 66' lang='lat' dir='ltr'><strong>laevaque</strong></span> <span class='ocrx_word' id='word_1_179' title='bbox 1735 2394 1996 2463; x_wconf 81' lang='lat' dir='ltr'><strong>lampadis</strong></span> 
     </span>
    </p>
   </div>
   <div class='ocr_carea' id='block_1_26' title="bbox 386 2487 1993 2559">
    <p class='ocr_par' dir='ltr' id='par_1_26' title="bbox 386 2487 1993 2559">
     <span class='ocr_line' id='line_1_26' title="bbox 386 2487 1993 2559; baseline 0 -16"><span class='ocrx_word' id='word_1_180' title='bbox 386 2488 442 2544; x_wconf 89' lang='lat' dir='ltr'><strong>in</strong></span> <span class='ocrx_word' id='word_1_181' title='bbox 491 2489 759 2544; x_wconf 84' lang='lat' dir='ltr'><strong>Zacharia</strong></span> <span class='ocrx_word' id='word_1_182' title='bbox 791 2491 1059 2559; x_wconf 80' lang='lat' dir='ltr'><strong>leguntur.</strong></span> <span class='ocrx_word' id='word_1_183' title='bbox 1089 2487 1224 2544; x_wconf 82' lang='lat' dir='ltr'><strong>Sunt</strong></span> <span class='ocrx_word' id='word_1_184' title='bbox 1249 2498 1303 2543; x_wconf 89' lang='lat' dir='ltr'><strong>et</strong></span> <span class='ocrx_word' id='word_1_185' title='bbox 1336 2489 1443 2543; x_wconf 90' lang='lat' dir='ltr'><strong>dno</strong></span> <span class='ocrx_word' id='word_1_186' title='bbox 1477 2491 1635 2543; x_wconf 84' lang='lat' dir='ltr'><strong>ubera</strong></span> <span class='ocrx_word' id='word_1_187' title='bbox 1678 2488 1993 2543; x_wconf 88' lang='lat' dir='ltr'><strong>Testamen-</strong></span> 
     </span>
    </p>
   </div>
   <div class='ocr_carea' id='block_1_27' title="bbox 384 2580 1995 2651">
    <p class='ocr_par' dir='ltr' id='par_1_27' title="bbox 384 2580 1995 2651">
     <span class='ocr_line' id='line_1_27' title="bbox 384 2580 1995 2651; baseline -0.001 -13"><span class='ocrx_word' id='word_1_188' title='bbox 384 2592 572 2638; x_wconf 85' lang='lat' dir='ltr'><strong>torum</strong></span> <span class='ocrx_word' id='word_1_189' title='bbox 623 2598 866 2651; x_wconf 65' lang='lat' dir='ltr'><strong>sponsae,</strong></span> <span class='ocrx_word' id='word_1_190' title='bbox 898 2581 948 2637; x_wconf 91' lang='lat' dir='ltr'><strong>id</strong></span> <span class='ocrx_word' id='word_1_191' title='bbox 988 2590 1103 2649; x_wconf 90' lang='lat' dir='ltr'><strong>est,</strong></span> <span class='ocrx_word' id='word_1_192' title='bbox 1137 2582 1392 2637; x_wconf 67' lang='lat' dir='ltr'><strong>Ecclesia:</strong></span> <span class='ocrx_word' id='word_1_193' title='bbox 1442 2583 1493 2636; x_wconf 92' lang='lat' dir='ltr'><strong>in</strong></span> <span class='ocrx_word' id='word_1_194' title='bbox 1545 2580 1781 2637; x_wconf 88' lang='lat' dir='ltr'><strong>Cauticis</strong></span> <span class='ocrx_word' id='word_1_195' title='bbox 1827 2583 1995 2636; x_wconf 80' lang='lat' dir='ltr'><strong>canti-</strong></span> 
     </span>
    </p>
   </div>
   <div class='ocr_carea' id='block_1_28' title="bbox 385 2674 1996 2744">
    <p class='ocr_par' dir='ltr' id='par_1_28' title="bbox 385 2674 1996 2744">
     <span class='ocr_line' id='line_1_28' title="bbox 385 2674 1996 2744; baseline -0.001 -15"><span class='ocrx_word' id='word_1_196' title='bbox 385 2676 717 2741; x_wconf 85' lang='lat' dir='ltr'><strong>corum;ibi</strong></span> <span class='ocrx_word' id='word_1_197' title='bbox 761 2676 921 2729; x_wconf 85' lang='lat' dir='ltr'><strong>etiam</strong></span> <span class='ocrx_word' id='word_1_198' title='bbox 951 2685 1004 2731; x_wconf 90' lang='lat' dir='ltr'><strong>et</strong></span> <span class='ocrx_word' id='word_1_199' title='bbox 1050 2674 1157 2730; x_wconf 91' lang='lat' dir='ltr'><strong>duo</strong></span> <span class='ocrx_word' id='word_1_200' title='bbox 1204 2674 1413 2728; x_wconf 87' lang='lat' dir='ltr'><strong>ltinnuli</strong></span> <span class='ocrx_word' id='word_1_201' title='bbox 1459 2675 1672 2744; x_wconf 76' lang='lat' dir='ltr'><strong>gemelli</strong></span> <span class='ocrx_word' id='word_1_202' title='bbox 1706 2684 1996 2744; x_wconf 80' lang='lat' dir='ltr'><strong>pascuntur</strong></span> 
     </span>
    </p>
   </div>
   <div class='ocr_carea' id='block_1_29' title="bbox 386 2768 841 2837">
    <p class='ocr_par' dir='ltr' id='par_1_29' title="bbox 386 2768 841 2837">
     <span class='ocr_line' id='line_1_29' title="bbox 386 2768 841 2837; baseline -0.002 -15"><span class='ocrx_word' id='word_1_203' title='bbox 386 2768 544 2823; x_wconf 86' lang='lat' dir='ltr'><strong>inter</strong></span> <span class='ocrx_word' id='word_1_204' title='bbox 573 2768 679 2822; x_wconf 82' lang='lat' dir='ltr'><strong>lilia</strong></span> <span class='ocrx_word' id='word_1_205' title='bbox 706 2768 841 2837; x_wconf 88' lang='lat' dir='ltr'><strong>agri.</strong></span> 
     </span>
    </p>
   </div>
   <div class='ocr_carea' id='block_1_30' title="bbox 463 2857 1995 2930">
    <p class='ocr_par' dir='ltr' id='par_1_30' title="bbox 463 2857 1995 2930">
     <span class='ocr_line' id='line_1_30' title="bbox 463 2857 1995 2930; baseline 0.001 -19"><span class='ocrx_word' id='word_1_206' title='bbox 463 2860 559 2913; x_wconf 74' lang='lat' dir='ltr'><strong>il.</strong></span> <span class='ocrx_word' id='word_1_207' title='bbox 588 2859 647 2913; x_wconf 90' lang='lat' dir='ltr'><strong>In</strong></span> <span class='ocrx_word' id='word_1_208' title='bbox 692 2857 1012 2930; x_wconf 74' lang='lat' dir='ltr'><strong>Apocalypsi</strong></span> <span class='ocrx_word' id='word_1_209' title='bbox 1054 2874 1267 2927; x_wconf 86' lang='lat' dir='ltr'><strong>quoque</strong></span> <span class='ocrx_word' id='word_1_210' title='bbox 1310 2859 1418 2914; x_wconf 89' lang='lat' dir='ltr'><strong>duo</strong></span> <span class='ocrx_word' id='word_1_211' title='bbox 1463 2868 1627 2914; x_wconf 89' lang='lat' dir='ltr'><strong>testes</strong></span> <span class='ocrx_word' id='word_1_212' title='bbox 1672 2857 1995 2928; x_wconf 86' lang='lat' dir='ltr'><strong>prophetare</strong></span> 
     </span>
    </p>
   </div>
   <div class='ocr_carea' id='block_1_31' title="bbox 382 2950 1995 3023">
    <p class='ocr_par' dir='ltr' id='par_1_31' title="bbox 382 2950 1995 3023">
     <span class='ocr_line' id='line_1_31' title="bbox 382 2950 1995 3023; baseline 0.004 -22"><span class='ocrx_word' id='word_1_213' title='bbox 382 2951 675 3021; x_wconf 69' lang='lat' dir='ltr'><strong>iubentur,</strong></span> <span class='ocrx_word' id='word_1_214' title='bbox 705 2961 760 3006; x_wconf 93' lang='lat' dir='ltr'><strong>et</strong></span> <span class='ocrx_word' id='word_1_215' title='bbox 788 2952 840 3005; x_wconf 92' lang='lat' dir='ltr'><strong>in</strong></span> <span class='ocrx_word' id='word_1_216' title='bbox 864 2950 1095 3007; x_wconf 80' lang='lat' dir='ltr'><strong>Jeremia</strong></span> <span class='ocrx_word' id='word_1_217' title='bbox 1126 2953 1234 3006; x_wconf 89' lang='lat' dir='ltr'><strong>duo</strong></span> <span class='ocrx_word' id='word_1_218' title='bbox 1262 2951 1331 3007; x_wconf 89' lang='lat' dir='ltr'><strong>de</strong></span> <span class='ocrx_word' id='word_1_219' title='bbox 1362 2951 1681 3019; x_wconf 88' lang='lat' dir='ltr'><strong>cognatione</strong></span> <span class='ocrx_word' id='word_1_220' title='bbox 1709 2951 1882 3023; x_wconf 88' lang='lat' dir='ltr'><strong>gentis</strong></span> <span class='ocrx_word' id='word_1_221' title='bbox 1909 2967 1995 3008; x_wconf 91' lang='lat' dir='ltr'><strong>as-</strong></span> 
     </span>
    </p>
   </div>
   <div class='ocr_carea' id='block_1_32' title="bbox 383 3042 2067 3117">
    <p class='ocr_par' dir='ltr' id='par_1_32' title="bbox 383 3042 2067 3117">
     <span class='ocr_line' id='line_1_32' title="bbox 383 3042 2067 3117; baseline -0.001 -18"><span class='ocrx_word' id='word_1_222' title='bbox 383 3051 704 3099; x_wconf 89' lang='lat' dir='ltr'><strong>sumuntur.</strong></span> <span class='ocrx_word' id='word_1_223' title='bbox 736 3042 790 3095; x_wconf 88' lang='lat' dir='ltr'><strong>lu</strong></span> <span class='ocrx_word' id='word_1_224' title='bbox 819 3043 1109 3114; x_wconf 60' lang='lat' dir='ltr'><strong>Evangelia</strong></span> <span class='ocrx_word' id='word_1_225' title='bbox 1155 3056 1367 3112; x_wconf 87' lang='lat' dir='ltr'><strong>quoque</strong></span> <span class='ocrx_word' id='word_1_226' title='bbox 1408 3042 1519 3095; x_wconf 91' lang='lat' dir='ltr'><strong>bini</strong></span> <span class='ocrx_word' id='word_1_227' title='bbox 1546 3042 1614 3098; x_wconf 85' lang='lat' dir='ltr'><strong>de</strong></span> <span class='ocrx_word' id='word_1_228' title='bbox 1652 3043 1990 3112; x_wconf 82' lang='lat' dir='ltr'><strong>septuaginta</strong></span> <span class='ocrx_word' id='word_1_229' title='bbox 2022 3054 2067 3117; x_wconf 71' lang='grc' dir='ltr'><strong>ρ</strong></span> 
     </span>
    </p>
   </div>
   <div class='ocr_carea' id='block_1_33' title="bbox 383 3132 1992 3203">
    <p class='ocr_par' dir='ltr' id='par_1_33' title="bbox 383 3132 1992 3203">
     <span class='ocr_line' id='line_1_33' title="bbox 383 3132 1992 3203; baseline 0.001 -16"><span class='ocrx_word' id='word_1_230' title='bbox 383 3134 675 3203; x_wconf 87' lang='lat' dir='ltr'><strong>discipulis</strong></span> <span class='ocrx_word' id='word_1_231' title='bbox 698 3144 823 3188; x_wconf 89' lang='lat' dir='ltr'><strong>ante</strong></span> <span class='ocrx_word' id='word_1_232' title='bbox 850 3135 1038 3188; x_wconf 72' lang='lat' dir='ltr'><strong>[aciem</strong></span> <span class='ocrx_word' id='word_1_233' title='bbox 1061 3132 1259 3188; x_wconf 86' lang='lat' dir='ltr'><strong>Christi</strong></span> <span class='ocrx_word' id='word_1_234' title='bbox 1285 3134 1593 3198; x_wconf 84' lang='lat' dir='ltr'><strong>mittuntur,</strong></span> <span class='ocrx_word' id='word_1_235' title='bbox 1620 3143 1674 3188; x_wconf 88' lang='lat' dir='ltr'><strong>et</strong></span> <span class='ocrx_word' id='word_1_236' title='bbox 1692 3134 1797 3188; x_wconf 92' lang='lat' dir='ltr'><strong>duo</strong></span> <span class='ocrx_word' id='word_1_237' title='bbox 1821 3135 1992 3203; x_wconf 88' lang='lat' dir='ltr'><strong>pisces</strong></span> 
     </span>
    </p>
   </div>
   <div class='ocr_carea' id='block_1_34' title="bbox 388 3225 1993 3294">
    <p class='ocr_par' dir='ltr' id='par_1_34' title="bbox 388 3225 1993 3294">
     <span class='ocr_line' id='line_1_34' title="bbox 388 3225 1993 3294; baseline 0.002 -16"><span class='ocrx_word' id='word_1_238' title='bbox 388 3225 443 3279; x_wconf 87' lang='lat' dir='ltr'><strong>in</strong></span> <span class='ocrx_word' id='word_1_239' title='bbox 478 3241 670 3280; x_wconf 88' lang='lat' dir='ltr'><strong>eremo</strong></span> <span class='ocrx_word' id='word_1_240' title='bbox 703 3226 899 3294; x_wconf 91' lang='lat' dir='ltr'><strong>populo</strong></span> <span class='ocrx_word' id='word_1_241' title='bbox 942 3226 1271 3279; x_wconf 89' lang='lat' dir='ltr'><strong>dividuntur.</strong></span> <span class='ocrx_word' id='word_1_242' title='bbox 1311 3226 1424 3279; x_wconf 92' lang='lat' dir='ltr'><strong>Duo</strong></span> <span class='ocrx_word' id='word_1_243' title='bbox 1467 3233 1591 3279; x_wconf 88' lang='lat' dir='ltr'><strong>sunt</strong></span> <span class='ocrx_word' id='word_1_244' title='bbox 1620 3235 1675 3281; x_wconf 87' lang='lat' dir='ltr'><strong>et</strong></span> <span class='ocrx_word' id='word_1_245' title='bbox 1717 3225 1993 3281; x_wconf 88' lang='lat' dir='ltr'><strong>cbaritatis</strong></span> 
     </span>
    </p>
   </div>
   <div class='ocr_carea' id='block_1_35' title="bbox 389 3317 1988 3387">
    <p class='ocr_par' dir='ltr' id='par_1_35' title="bbox 389 3317 1988 3387">
     <span class='ocr_line' id='line_1_35' title="bbox 389 3317 1988 3387; baseline -0.001 -16"><span class='ocrx_word' id='word_1_246' title='bbox 389 3327 698 3386; x_wconf 57' lang='lat' dir='ltr'><strong>praecepta,</strong></span> <span class='ocrx_word' id='word_1_247' title='bbox 729 3318 921 3387; x_wconf 84' lang='lat' dir='ltr'><strong>quibus</strong></span> <span class='ocrx_word' id='word_1_248' title='bbox 963 3318 1048 3371; x_wconf 84' lang='lat' dir='ltr'><strong>lex</strong></span> <span class='ocrx_word' id='word_1_249' title='bbox 1095 3327 1202 3372; x_wconf 90' lang='lat' dir='ltr'><strong>tota</strong></span> <span class='ocrx_word' id='word_1_250' title='bbox 1248 3317 1475 3386; x_wconf 85' lang='lat' dir='ltr'><strong>pendet,</strong></span> <span class='ocrx_word' id='word_1_251' title='bbox 1507 3328 1665 3387; x_wconf 86' lang='lat' dir='ltr'><strong>atque</strong></span> <span class='ocrx_word' id='word_1_252' title='bbox 1696 3318 1988 3387; x_wconf 60' lang='lat' dir='ltr'><strong>prophetae.</strong></span> 
     </span>
    </p>
   </div>
   <div class='ocr_carea' id='block_1_36' title="bbox 390 3408 1991 3479">
    <p class='ocr_par' dir='ltr' id='par_1_36' title="bbox 390 3408 1991 3479">
     <span class='ocr_line' id='line_1_36' title="bbox 390 3408 1991 3479; baseline 0 -17"><span class='ocrx_word' id='word_1_253' title='bbox 390 3409 553 3465; x_wconf 83' lang='lat' dir='ltr'><strong>Unde</strong></span> <span class='ocrx_word' id='word_1_254' title='bbox 585 3408 729 3464; x_wconf 91' lang='lat' dir='ltr'><strong>idem</strong></span> <span class='ocrx_word' id='word_1_255' title='bbox 764 3424 1018 3464; x_wconf 87' lang='lat' dir='ltr'><strong>numerus</strong></span> <span class='ocrx_word' id='word_1_256' title='bbox 1064 3410 1295 3465; x_wconf 88' lang='lat' dir='ltr'><strong>societas</strong></span> <span class='ocrx_word' id='word_1_257' title='bbox 1338 3421 1454 3475; x_wconf 90' lang='lat' dir='ltr'><strong>est,</strong></span> <span class='ocrx_word' id='word_1_258' title='bbox 1485 3425 1590 3479; x_wconf 90' lang='lat' dir='ltr'><strong>quo</strong></span> <span class='ocrx_word' id='word_1_259' title='bbox 1635 3410 1845 3464; x_wconf 91' lang='lat' dir='ltr'><strong>vinculo</strong></span> <span class='ocrx_word' id='word_1_260' title='bbox 1876 3409 1991 3463; x_wconf 85' lang='lat' dir='ltr'><strong>ani-</strong></span> 
     </span>
    </p>
   </div>
   <div class='ocr_carea' id='block_1_37' title="bbox 391 3502 1994 3579">
    <p class='ocr_par' dir='ltr' id='par_1_37' title="bbox 391 3502 1994 3579">
     <span class='ocr_line' id='line_1_37' title="bbox 391 3502 1994 3579; baseline -0.001 -22"><span class='ocrx_word' id='word_1_261' title='bbox 391 3520 501 3559; x_wconf 63' lang='lat' dir='ltr'><strong>mm</strong></span> <span class='ocrx_word' id='word_1_262' title='bbox 527 3514 947 3569; x_wconf 88' lang='lat' dir='ltr'><strong>connectuntur,</strong></span> <span class='ocrx_word' id='word_1_263' title='bbox 977 3514 1032 3559; x_wconf 92' lang='lat' dir='ltr'><strong>et</strong></span> <span class='ocrx_word' id='word_1_264' title='bbox 1070 3503 1211 3572; x_wconf 89' lang='lat' dir='ltr'><strong>quod</strong></span> <span class='ocrx_word' id='word_1_265' title='bbox 1264 3502 1443 3557; x_wconf 91' lang='lat' dir='ltr'><strong>minus</strong></span> <span class='ocrx_word' id='word_1_266' title='bbox 1481 3518 1639 3571; x_wconf 89' lang='lat' dir='ltr'><strong>quam</strong></span> <span class='ocrx_word' id='word_1_267' title='bbox 1689 3506 1831 3558; x_wconf 89' lang='lat' dir='ltr'><strong>inter</strong></span> <span class='ocrx_word' id='word_1_268' title='bbox 1858 3502 1994 3579; x_wconf 86' lang='lat' dir='ltr'><strong>duos</strong></span> 
     </span>
    </p>
   </div>
   <div class='ocr_carea' id='block_1_38' title="bbox 387 3594 1992 3664">
    <p class='ocr_par' dir='ltr' id='par_1_38' title="bbox 387 3594 1992 3664">
     <span class='ocr_line' id='line_1_38' title="bbox 387 3594 1992 3664; baseline 0 -17"><span class='ocrx_word' id='word_1_269' title='bbox 387 3596 634 3649; x_wconf 85' lang='lat' dir='ltr'><strong>eharitas</strong></span> <span class='ocrx_word' id='word_1_270' title='bbox 666 3612 769 3649; x_wconf 89' lang='lat' dir='ltr'><strong>non</strong></span> <span class='ocrx_word' id='word_1_271' title='bbox 805 3595 1051 3649; x_wconf 85' lang='lat' dir='ltr'><strong>habetur.</strong></span> <span class='ocrx_word' id='word_1_272' title='bbox 1087 3594 1233 3649; x_wconf 88' lang='lat' dir='ltr'><strong>ldem</strong></span> <span class='ocrx_word' id='word_1_273' title='bbox 1278 3609 1491 3664; x_wconf 85' lang='lat' dir='ltr'><strong>quoque</strong></span> <span class='ocrx_word' id='word_1_274' title='bbox 1536 3610 1789 3649; x_wconf 80' lang='lat' dir='ltr'><strong>numerus</strong></span> <span class='ocrx_word' id='word_1_275' title='bbox 1833 3596 1992 3649; x_wconf 88' lang='lat' dir='ltr'><strong>etiam</strong></span> 
     </span>
    </p>
   </div>
   <div class='ocr_carea' id='block_1_39' title="bbox 384 3684 1815 3757">
    <p class='ocr_par' dir='ltr' id='par_1_39' title="bbox 384 3684 1815 3757">
     <span class='ocr_line' id='line_1_39' title="bbox 384 3684 1815 3757; baseline -0.001 -16"><span class='ocrx_word' id='word_1_276' title='bbox 384 3686 615 3755; x_wconf 69' lang='lat' dir='ltr'><strong>iustitia:</strong></span> <span class='ocrx_word' id='word_1_277' title='bbox 632 3728 646 3750; x_wconf 96' lang='lat'><strong>,</strong></span> <span class='ocrx_word' id='word_1_278' title='bbox 670 3702 777 3755; x_wconf 88' lang='lat' dir='ltr'><strong>quo</strong></span> <span class='ocrx_word' id='word_1_279' title='bbox 797 3687 966 3756; x_wconf 67' lang='lat' dir='ltr'><strong>aequis</strong></span> <span class='ocrx_word' id='word_1_280' title='bbox 992 3687 1222 3757; x_wconf 84' lang='lat' dir='ltr'><strong>gaudeat</strong></span> <span class='ocrx_word' id='word_1_281' title='bbox 1264 3684 1462 3755; x_wconf 83' lang='lat' dir='ltr'><strong>pariter</strong></span> <span class='ocrx_word' id='word_1_282' title='bbox 1488 3686 1815 3756; x_wconf 85' lang='lat' dir='ltr'><strong>ponderatis.</strong></span> 
     </span>
    </p>
   </div>
   <div class='ocr_carea' id='block_1_40' title="bbox 470 3776 1994 3846">
    <p class='ocr_par' dir='ltr' id='par_1_40' title="bbox 470 3776 1994 3846">
     <span class='ocr_line' id='line_1_40' title="bbox 470 3776 1994 3846; baseline 0.001 -17"><span class='ocrx_word' id='word_1_283' title='bbox 470 3777 558 3830; x_wconf 71' lang='lat'><strong>12.</strong></span> <span class='ocrx_word' id='word_1_284' title='bbox 594 3776 858 3832; x_wconf 62' lang='lat' dir='ltr'><strong>Praeterea</strong></span> <span class='ocrx_word' id='word_1_285' title='bbox 881 3778 989 3831; x_wconf 90' lang='lat' dir='ltr'><strong>duo</strong></span> <span class='ocrx_word' id='word_1_286' title='bbox 1018 3788 1142 3831; x_wconf 80' lang='lat' dir='ltr'><strong>sunt</strong></span> <span class='ocrx_word' id='word_1_287' title='bbox 1168 3786 1223 3831; x_wconf 88' lang='lat' dir='ltr'><strong>et</strong></span> <span class='ocrx_word' id='word_1_288' title='bbox 1251 3792 1370 3846; x_wconf 75' lang='lat' dir='ltr'><strong>qua:</strong></span> <span class='ocrx_word' id='word_1_289' title='bbox 1394 3778 1665 3831; x_wconf 86' lang='lat' dir='ltr'><strong>hominem</strong></span> <span class='ocrx_word' id='word_1_290' title='bbox 1689 3777 1754 3831; x_wconf 92' lang='lat' dir='ltr'><strong>ad</strong></span> <span class='ocrx_word' id='word_1_291' title='bbox 1788 3777 1994 3832; x_wconf 89' lang='lat' dir='ltr'><strong>beatam</strong></span> 
     </span>
    </p>
   </div>
   <div class='ocr_carea' id='block_1_41' title="bbox 393 3869 1992 3941">
    <p class='ocr_par' dir='ltr' id='par_1_41' title="bbox 393 3869 1992 3941">
     <span class='ocr_line' id='line_1_41' title="bbox 393 3869 1992 3941; baseline 0.003 -22"><span class='ocrx_word' id='word_1_292' title='bbox 393 3871 561 3923; x_wconf 85' lang='lat' dir='ltr'><strong>vitam</strong></span> <span class='ocrx_word' id='word_1_293' title='bbox 582 3870 745 3941; x_wconf 76' lang='lat'><strong>223</strong></span> <span class='ocrx_word' id='word_1_294' title='bbox 776 3869 1691 3940; x_wconf 85' lang='lat' dir='ltr'><strong>perducunt,ﬁdes,scilicet,atque</strong></span> <span class='ocrx_word' id='word_1_295' title='bbox 1706 3886 1871 3939; x_wconf 84' lang='lat' dir='ltr'><strong>Opus;</strong></span> <span class='ocrx_word' id='word_1_296' title='bbox 1900 3872 1992 3926; x_wconf 89' lang='lat' dir='ltr'><strong>sed</strong></span> 
     </span>
    </p>
   </div>
   <div class='ocr_carea' id='block_1_42' title="bbox 392 3961 1995 4028">
    <p class='ocr_par' dir='ltr' id='par_1_42' title="bbox 392 3961 1995 4028">
     <span class='ocr_line' id='line_1_42' title="bbox 392 3961 1995 4028; baseline 0.002 -13"><span class='ocrx_word' id='word_1_297' title='bbox 392 3961 534 4015; x_wconf 87' lang='lat' dir='ltr'><strong>ﬁdes</strong></span> <span class='ocrx_word' id='word_1_298' title='bbox 566 3970 780 4015; x_wconf 80' lang='lat' dir='ltr'><strong>constat</strong></span> <span class='ocrx_word' id='word_1_299' title='bbox 808 3977 873 4015; x_wconf 80' lang='lat' dir='ltr'><strong>ex</strong></span> <span class='ocrx_word' id='word_1_300' title='bbox 898 3962 1197 4027; x_wconf 78' lang='lat' dir='ltr'><strong>divinitate,</strong></span> <span class='ocrx_word' id='word_1_301' title='bbox 1223 3977 1360 4028; x_wconf 81' lang='lat' dir='ltr'><strong>Opus</strong></span> <span class='ocrx_word' id='word_1_302' title='bbox 1382 3974 1561 4017; x_wconf 86' lang='lat' dir='ltr'><strong>autem</strong></span> <span class='ocrx_word' id='word_1_303' title='bbox 1589 3963 1641 4016; x_wconf 94' lang='lat' dir='ltr'><strong>in</strong></span> <span class='ocrx_word' id='word_1_304' title='bbox 1673 3962 1995 4019; x_wconf 89' lang='lat' dir='ltr'><strong>rectitudine</strong></span> 
     </span>
    </p>
   </div>
   <div class='ocr_carea' id='block_1_43' title="bbox 392 4053 1994 4125">
    <p class='ocr_par' dir='ltr' id='par_1_43' title="bbox 392 4053 1994 4125">
     <span class='ocr_line' id='line_1_43' title="bbox 392 4053 1994 4125; baseline 0.003 -21"><span class='ocrx_word' id='word_1_305' title='bbox 392 4053 556 4118; x_wconf 67' lang='lat' dir='ltr'><strong>vitae;</strong></span> <span class='ocrx_word' id='word_1_306' title='bbox 588 4054 717 4122; x_wconf 89' lang='lat' dir='ltr'><strong>quin</strong></span> <span class='ocrx_word' id='word_1_307' title='bbox 748 4056 909 4107; x_wconf 83' lang='lat' dir='ltr'><strong>etiam</strong></span> <span class='ocrx_word' id='word_1_308' title='bbox 950 4066 1003 4109; x_wconf 88' lang='lat' dir='ltr'><strong>et</strong></span> <span class='ocrx_word' id='word_1_309' title='bbox 1033 4055 1152 4109; x_wconf 63' lang='lat' dir='ltr'><strong>duae</strong></span> <span class='ocrx_word' id='word_1_310' title='bbox 1177 4055 1298 4110; x_wconf 74' lang='lat' dir='ltr'><strong>vita:</strong></span> <span class='ocrx_word' id='word_1_311' title='bbox 1323 4056 1477 4111; x_wconf 91' lang='lat' dir='ltr'><strong>nobis</strong></span> <span class='ocrx_word' id='word_1_312' title='bbox 1501 4055 1554 4109; x_wconf 89' lang='lat' dir='ltr'><strong>in</strong></span> <span class='ocrx_word' id='word_1_313' title='bbox 1589 4056 1827 4111; x_wconf 84' lang='lat' dir='ltr'><strong>Ecclesia</strong></span> <span class='ocrx_word' id='word_1_314' title='bbox 1856 4071 1994 4125; x_wconf 73' lang='lat' dir='ltr'><strong>prae-</strong></span> 
     </span>
    </p>
   </div>
   <div class='ocr_carea' id='block_1_44' title="bbox 391 4143 1995 4217">
    <p class='ocr_par' dir='ltr' id='par_1_44' title="bbox 391 4143 1995 4217">
     <span class='ocr_line' id='line_1_44' title="bbox 391 4143 1995 4217; baseline 0.002 -20"><span class='ocrx_word' id='word_1_315' title='bbox 391 4143 665 4208; x_wconf 86' lang='lat' dir='ltr'><strong>dicantur,</strong></span> <span class='ocrx_word' id='word_1_316' title='bbox 692 4159 796 4199; x_wconf 89' lang='lat' dir='ltr'><strong>una</strong></span> <span class='ocrx_word' id='word_1_317' title='bbox 829 4146 1139 4214; x_wconf 78' lang='lat' dir='ltr'><strong>temporalis</strong></span> <span class='ocrx_word' id='word_1_318' title='bbox 1159 4186 1175 4211; x_wconf 93' lang='lat'><strong>,</strong></span> <span class='ocrx_word' id='word_1_319' title='bbox 1201 4147 1251 4201; x_wconf 92' lang='lat' dir='ltr'><strong>in</strong></span> <span class='ocrx_word' id='word_1_320' title='bbox 1278 4162 1382 4217; x_wconf 88' lang='lat' dir='ltr'><strong>qua</strong></span> <span class='ocrx_word' id='word_1_321' title='bbox 1404 4161 1469 4201; x_wconf 81' lang='lat' dir='ltr'><strong>ex</strong></span> <span class='ocrx_word' id='word_1_322' title='bbox 1496 4146 1598 4201; x_wconf 88' lang='lat' dir='ltr'><strong>lide</strong></span> <span class='ocrx_word' id='word_1_323' title='bbox 1620 4147 1843 4202; x_wconf 75' lang='lat' dir='ltr'><strong>vivimus</strong></span> <span class='ocrx_word' id='word_1_324' title='bbox 1861 4187 1875 4213; x_wconf 92' lang='lat'><strong>,</strong></span> <span class='ocrx_word' id='word_1_325' title='bbox 1894 4147 1995 4202; x_wconf 88' lang='lat' dir='ltr'><strong>alia</strong></span> 
     </span>
    </p>
   </div>
   <div class='ocr_carea' id='block_1_45' title="bbox 391 4236 1998 4310">
    <p class='ocr_par' dir='ltr' id='par_1_45' title="bbox 391 4236 1998 4310">
     <span class='ocr_line' id='line_1_45' title="bbox 391 4236 1998 4310; baseline 0.002 -21"><span class='ocrx_word' id='word_1_326' title='bbox 391 4248 637 4301; x_wconf 64' lang='lat' dir='ltr'><strong>eterna,</strong></span> <span class='ocrx_word' id='word_1_327' title='bbox 680 4236 732 4289; x_wconf 92' lang='lat' dir='ltr'><strong>in</strong></span> <span class='ocrx_word' id='word_1_328' title='bbox 781 4251 885 4305; x_wconf 86' lang='lat' dir='ltr'><strong>qua</strong></span> <span class='ocrx_word' id='word_1_329' title='bbox 932 4236 1101 4291; x_wconf 89' lang='lat' dir='ltr'><strong>Deum</strong></span> <span class='ocrx_word' id='word_1_330' title='bbox 1144 4237 1301 4307; x_wconf 85' lang='lat' dir='ltr'><strong>plena</strong></span> <span class='ocrx_word' id='word_1_331' title='bbox 1352 4238 1590 4293; x_wconf 79' lang='lat' dir='ltr'><strong>veritatis</strong></span> <span class='ocrx_word' id='word_1_332' title='bbox 1644 4239 1998 4310; x_wconf 87' lang='lat' dir='ltr'><strong>intelligentia</strong></span> 
     </span>
    </p>
   </div>
   <div class='ocr_carea' id='block_1_46' title="bbox 392 4325 907 4395">
    <p class='ocr_par' dir='ltr' id='par_1_46' title="bbox 392 4325 907 4395">
     <span class='ocr_line' id='line_1_46' title="bbox 392 4325 907 4395; baseline 0 -14"><span class='ocrx_word' id='word_1_333' title='bbox 392 4335 610 4381; x_wconf 86' lang='lat' dir='ltr'><strong>contem</strong></span> <span class='ocrx_word' id='word_1_334' title='bbox 620 4325 907 4395; x_wconf 83' lang='lat' dir='ltr'><strong>plabimur.</strong></span> 
     </span>
    </p>
   </div>
   <div class='ocr_carea' id='block_1_47' title="bbox 1017 4417 1371 4473">
    <p class='ocr_par' dir='ltr' id='par_1_47' title="bbox 1017 4417 1371 4473">
     <span class='ocr_line' id='line_1_47' title="bbox 1017 4417 1371 4473; baseline 0 -2"><span class='ocrx_word' id='word_1_335' title='bbox 1017 4417 1244 4473; x_wconf 82' lang='lat' dir='ltr'><strong>CAPUT</strong></span> <span class='ocrx_word' id='word_1_336' title='bbox 1284 4417 1371 4472; x_wconf 86' lang='lat' dir='ltr'><strong>IV.</strong></span> 
     </span>
    </p>
   </div>
   <div class='ocr_carea' id='block_1_48' title="bbox 905 4508 1498 4563">
    <p class='ocr_par' dir='ltr' id='par_1_48' title="bbox 905 4508 1498 4563">
     <span class='ocr_line' id='line_1_48' title="bbox 905 4508 1498 4563; baseline 0.003 -3"><span class='ocrx_word' id='word_1_337' title='bbox 905 4508 981 4563; x_wconf 87' lang='lat' dir='ltr'><strong>De</strong></span> <span class='ocrx_word' id='word_1_338' title='bbox 1011 4511 1238 4563; x_wconf 84' lang='lat' dir='ltr'><strong>ternario</strong></span> <span class='ocrx_word' id='word_1_339' title='bbox 1263 4524 1498 4562; x_wconf 84' lang='lat' dir='ltr'><strong>numero.</strong></span> 
     </span>
    </p>
   </div>
   <div class='ocr_carea' id='block_1_49' title="bbox 474 4600 1998 4671">
    <p class='ocr_par' dir='ltr' id='par_1_49' title="bbox 474 4600 1998 4671">
     <span class='ocr_line' id='line_1_49' title="bbox 474 4600 1998 4671; baseline 0 -16"><span class='ocrx_word' id='word_1_340' title='bbox 474 4601 564 4655; x_wconf 75' lang='lat' dir='ltr'><strong>i5.</strong></span> <span class='ocrx_word' id='word_1_341' title='bbox 619 4600 897 4656; x_wconf 82' lang='lat' dir='ltr'><strong>Ternarius</strong></span> <span class='ocrx_word' id='word_1_342' title='bbox 947 4601 1189 4671; x_wconf 85' lang='lat' dir='ltr'><strong>princeps</strong></span> <span class='ocrx_word' id='word_1_343' title='bbox 1237 4610 1325 4655; x_wconf 86' lang='lat' dir='ltr'><strong>est</strong></span> <span class='ocrx_word' id='word_1_344' title='bbox 1378 4602 1660 4669; x_wconf 89' lang='lat' dir='ltr'><strong>imparinm</strong></span> <span class='ocrx_word' id='word_1_345' title='bbox 1710 4617 1998 4667; x_wconf 88' lang='lat' dir='ltr'><strong>numerus,</strong></span> 
     </span>
    </p>
   </div>
   <div class='ocr_carea' id='block_1_50' title="bbox 401 4693 2003 4764">
    <p class='ocr_par' dir='ltr' id='par_1_50' title="bbox 401 4693 2003 4764">
     <span class='ocr_line' id='line_1_50' title="bbox 401 4693 2003 4764; baseline 0.001 -15"><span class='ocrx_word' id='word_1_346' title='bbox 401 4695 783 4764; x_wconf 75' lang='lat' dir='ltr'><strong>perfectasque</strong></span> <span class='ocrx_word' id='word_1_347' title='bbox 826 4710 1050 4757; x_wconf 84' lang='lat' dir='ltr'><strong>census;</strong></span> <span class='ocrx_word' id='word_1_348' title='bbox 1105 4710 1227 4748; x_wconf 88' lang='lat' dir='ltr'><strong>nam</strong></span> <span class='ocrx_word' id='word_1_349' title='bbox 1262 4696 1363 4750; x_wconf 86' lang='lat' dir='ltr'><strong>iste</strong></span> <span class='ocrx_word' id='word_1_350' title='bbox 1413 4693 1557 4763; x_wconf 86' lang='lat' dir='ltr'><strong>prior</strong></span> <span class='ocrx_word' id='word_1_351' title='bbox 1605 4694 2003 4762; x_wconf 87' lang='lat' dir='ltr'><strong>iuitium,_me-</strong></span> 
     </span>
    </p>
   </div>
   <div class='ocr_carea' id='block_1_51' title="bbox 398 4784 2002 4855">
    <p class='ocr_par' dir='ltr' id='par_1_51' title="bbox 398 4784 2002 4855">
     <span class='ocr_line' id='line_1_51' title="bbox 398 4784 2002 4855; baseline 0.001 -16"><span class='ocrx_word' id='word_1_352' title='bbox 398 4786 659 4855; x_wconf 83' lang='lat' dir='ltr'><strong>diumque</strong></span> <span class='ocrx_word' id='word_1_353' title='bbox 708 4784 978 4852; x_wconf 88' lang='lat' dir='ltr'><strong>ﬁnemque</strong></span> <span class='ocrx_word' id='word_1_354' title='bbox 1028 4786 1288 4851; x_wconf 89' lang='lat' dir='ltr'><strong>sortitur,</strong></span> <span class='ocrx_word' id='word_1_355' title='bbox 1347 4794 1402 4838; x_wconf 89' lang='lat' dir='ltr'><strong>et</strong></span> <span class='ocrx_word' id='word_1_356' title='bbox 1453 4794 1640 4838; x_wconf 85' lang='lat' dir='ltr'><strong>centro</strong></span> <span class='ocrx_word' id='word_1_357' title='bbox 1696 4786 2002 4841; x_wconf 79' lang='lat' dir='ltr'><strong>medietatis</strong></span> 
     </span>
    </p>
   </div>
   <div class='ocr_carea' id='block_1_52' title="bbox 402 4876 2001 4949">
    <p class='ocr_par' dir='ltr' id='par_1_52' title="bbox 402 4876 2001 4949">
     <span class='ocr_line' id='line_1_52' title="bbox 402 4876 2001 4949; baseline 0.003 -18"><span class='ocrx_word' id='word_1_358' title='bbox 402 4878 838 4948; x_wconf 86' lang='lat' dir='ltr'><strong>principiumque</strong></span> <span class='ocrx_word' id='word_1_359' title='bbox 870 4878 1139 4947; x_wconf 84' lang='lat' dir='ltr'><strong>ﬁnemque</strong></span> <span class='ocrx_word' id='word_1_360' title='bbox 1187 4876 1379 4945; x_wconf 69' lang='lat' dir='ltr'><strong>mquali</strong></span> <span class='ocrx_word' id='word_1_361' title='bbox 1405 4878 1526 4946; x_wconf 90' lang='lat' dir='ltr'><strong>jure</strong></span> <span class='ocrx_word' id='word_1_362' title='bbox 1566 4880 1861 4948; x_wconf 86' lang='lat' dir='ltr'><strong>componit,</strong></span> <span class='ocrx_word' id='word_1_363' title='bbox 1913 4882 2001 4949; x_wconf 89' lang='lat' dir='ltr'><strong>qui</strong></span> 
     </span>
    </p>
   </div>
   <div class='ocr_carea' id='block_1_53' title="bbox 477 5013 2002 5086">
    <p class='ocr_par' dir='ltr' id='par_1_53' title="bbox 477 5013 2002 5086">
     <span class='ocr_line' id='line_1_53' title="bbox 477 5013 2002 5086; baseline -0.003 -13"><span class='ocrx_word' id='word_1_364' title='bbox 477 5022 529 5073; x_wconf 92' lang='lat'><strong>8.</strong></span> <span class='ocrx_word' id='word_1_365' title='bbox 566 5017 728 5072; x_wconf 78' lang='lat' dir='ltr'><strong>Multa</strong></span> <span class='ocrx_word' id='word_1_366' title='bbox 776 5019 878 5072; x_wconf 91' lang='lat' dir='ltr'><strong>huc</strong></span> <span class='ocrx_word' id='word_1_367' title='bbox 918 5033 983 5071; x_wconf 75' lang='lat' dir='ltr'><strong>ex</strong></span> <span class='ocrx_word' id='word_1_368' title='bbox 1017 5016 1301 5086; x_wconf 79' lang='lat' dir='ltr'><strong>Allegoriis</strong></span> <span class='ocrx_word' id='word_1_369' title='bbox 1349 5014 1563 5086; x_wconf 72' lang='lat' dir='ltr'><strong>lsidori,</strong></span> <span class='ocrx_word' id='word_1_370' title='bbox 1613 5013 1840 5086; x_wconf 87' lang='lat' dir='ltr'><strong>aliisque</strong></span> <span class='ocrx_word' id='word_1_371' title='bbox 1885 5016 2002 5085; x_wconf 83' lang='lat' dir='ltr'><strong>ejus</strong></span> 
     </span>
    </p>
   </div>
   <div class='ocr_carea' id='block_1_54' title="bbox 402 5085 2000 5156">
    <p class='ocr_par' dir='ltr' id='par_1_54' title="bbox 402 5085 2000 5156">
     <span class='ocr_line' id='line_1_54' title="bbox 402 5085 2000 5156; baseline -0.001 -15"><span class='ocrx_word' id='word_1_372' title='bbox 402 5089 659 5156; x_wconf 82' lang='lat' dir='ltr'><strong>operibus</strong></span> <span class='ocrx_word' id='word_1_373' title='bbox 709 5089 919 5142; x_wconf 75' lang='lat' dir='ltr'><strong>biblicis</strong></span> <span class='ocrx_word' id='word_1_374' title='bbox 969 5085 1157 5142; x_wconf 82' lang='lat' dir='ltr'><strong>aﬂ&#39;erri</strong></span> <span class='ocrx_word' id='word_1_375' title='bbox 1181 5095 1435 5155; x_wconf 91' lang='lat' dir='ltr'><strong>possent;</strong></span> <span class='ocrx_word' id='word_1_376' title='bbox 1475 5085 1569 5139; x_wconf 84' lang='lat' dir='ltr'><strong>sed</strong></span> <span class='ocrx_word' id='word_1_377' title='bbox 1617 5085 1750 5139; x_wconf 82' lang='lat' dir='ltr'><strong>nihil</strong></span> <span class='ocrx_word' id='word_1_378' title='bbox 1790 5095 1873 5141; x_wconf 88' lang='lat' dir='ltr'><strong>est</strong></span> <span class='ocrx_word' id='word_1_379' title='bbox 1904 5104 2000 5140; x_wconf 85' lang='lat' dir='ltr'><strong>ne-</strong></span> 
     </span>
    </p>
   </div>
   <div class='ocr_carea' id='block_1_55' title="bbox 402 5157 2001 5225">
    <p class='ocr_par' dir='ltr' id='par_1_55' title="bbox 402 5157 2001 5225">
     <span class='ocr_line' id='line_1_55' title="bbox 402 5157 2001 5225; baseline -0.003 -10"><span class='ocrx_word' id='word_1_380' title='bbox 402 5176 557 5215; x_wconf 75' lang='lat' dir='ltr'><strong>cesse</strong></span> <span class='ocrx_word' id='word_1_381' title='bbox 588 5160 782 5223; x_wconf 81' lang='lat' dir='ltr'><strong>passim</strong></span> <span class='ocrx_word' id='word_1_382' title='bbox 809 5160 859 5212; x_wconf 91' lang='lat' dir='ltr'><strong>in</strong></span> <span class='ocrx_word' id='word_1_383' title='bbox 888 5159 967 5212; x_wconf 86' lang='lat' dir='ltr'><strong>his</strong></span> <span class='ocrx_word' id='word_1_384' title='bbox 991 5157 1289 5223; x_wconf 90' lang='lat' dir='ltr'><strong>immorari,</strong></span> <span class='ocrx_word' id='word_1_385' title='bbox 1315 5172 1437 5211; x_wconf 92' lang='lat' dir='ltr'><strong>cum</strong></span> <span class='ocrx_word' id='word_1_386' title='bbox 1472 5166 1682 5211; x_wconf 76' lang='lat' dir='ltr'><strong>Constet</strong></span> <span class='ocrx_word' id='word_1_387' title='bbox 1703 5173 1824 5211; x_wconf 85' lang='lat' dir='ltr'><strong>eum</strong></span> <span class='ocrx_word' id='word_1_388' title='bbox 1858 5172 2001 5225; x_wconf 69' lang='lat' dir='ltr'><strong>saape</strong></span> 
     </span>
    </p>
   </div>
   <div class='ocr_carea' id='block_1_56' title="bbox 405 5244 797 5297">
    <p class='ocr_par' dir='ltr' id='par_1_56' title="bbox 405 5244 797 5297">
     <span class='ocr_line' id='line_1_56' title="bbox 405 5244 797 5297; baseline -0.003 -12"><span class='ocrx_word' id='word_1_389' title='bbox 405 5245 499 5285; x_wconf 85' lang='lat' dir='ltr'><strong>sua</strong></span> <span class='ocrx_word' id='word_1_390' title='bbox 531 5244 797 5297; x_wconf 82' lang='lat' dir='ltr'><strong>repetere.</strong></span> 
     </span>
    </p>
   </div>
   <div class='ocr_carea' id='block_1_57' title="bbox 485 5296 1353 5372">
    <p class='ocr_par' dir='ltr' id='par_1_57' title="bbox 485 5296 1353 5372">
     <span class='ocr_line' id='line_1_57' title="bbox 485 5296 1353 5372; baseline -0.003 -17"><span class='ocrx_word' id='word_1_391' title='bbox 485 5301 568 5356; x_wconf 78' lang='grc'><strong>10.</strong></span> <span class='ocrx_word' id='word_1_392' title='bbox 610 5301 808 5372; x_wconf 68' lang='lat' dir='ltr'><strong>lielege</strong></span> <span class='ocrx_word' id='word_1_393' title='bbox 850 5298 1142 5363; x_wconf 68' lang='lat' dir='ltr'><strong>Prnmmia,</strong></span> <span class='ocrx_word' id='word_1_394' title='bbox 1177 5296 1353 5372; x_wconf 74' lang='lat' dir='ltr'><strong>n._42.</strong></span> 
     </span>
    </p>
   </div>
   <div class='ocr_carea' id='block_1_58' title="bbox 484 5369 1994 5439">
    <p class='ocr_par' dir='ltr' id='par_1_58' title="bbox 484 5369 1994 5439">
     <span class='ocr_line' id='line_1_58' title="bbox 484 5369 1994 5439; baseline 0.001 -16"><span class='ocrx_word' id='word_1_395' title='bbox 484 5373 566 5426; x_wconf 77' lang='lat' dir='ltr'><strong>l5.</strong></span> <span class='ocrx_word' id='word_1_396' title='bbox 605 5369 864 5435; x_wconf 46' lang='lat' dir='ltr'><strong>Quia‘tres</strong></span> <span class='ocrx_word' id='word_1_397' title='bbox 893 5387 1048 5423; x_wconf 81' lang='lat' dir='ltr'><strong>unum</strong></span> <span class='ocrx_word' id='word_1_398' title='bbox 1078 5381 1215 5424; x_wconf 81' lang='lat' dir='ltr'><strong>sunt.</strong></span> <span class='ocrx_word' id='word_1_399' title='bbox 1248 5369 1302 5423; x_wconf 92' lang='lat' dir='ltr'><strong>ln</strong></span> <span class='ocrx_word' id='word_1_400' title='bbox 1330 5369 1427 5424; x_wconf 83' lang='lat' dir='ltr'><strong>Ms.</strong></span> <span class='ocrx_word' id='word_1_401' title='bbox 1460 5376 1579 5423; x_wconf 83' lang='lat' dir='ltr'><strong>erat</strong></span> <span class='ocrx_word' id='word_1_402' title='bbox 1611 5371 1699 5439; x_wconf 82' lang='lat' dir='ltr'><strong>qui</strong></span> <span class='ocrx_word' id='word_1_403' title='bbox 1730 5379 1854 5434; x_wconf 73' lang='lat' dir='ltr'><strong>tres,</strong></span> <span class='ocrx_word' id='word_1_404' title='bbox 1888 5380 1994 5424; x_wconf 91' lang='lat' dir='ltr'><strong>etc.</strong></span> 
     </span>
    </p>
   </div>
   <div class='ocr_carea' id='block_1_59' title="bbox 408 5439 1991 5508">
    <p class='ocr_par' dir='ltr' id='par_1_59' title="bbox 408 5439 1991 5508">
     <span class='ocr_line' id='line_1_59' title="bbox 408 5439 1991 5508; baseline -0.001 -14"><span class='ocrx_word' id='word_1_405' title='bbox 408 5443 654 5496; x_wconf 75' lang='lat' dir='ltr'><strong>innititur</strong></span> <span class='ocrx_word' id='word_1_406' title='bbox 682 5442 1046 5496; x_wconf 86' lang='lat' dir='ltr'><strong>testimonium</strong></span> <span class='ocrx_word' id='word_1_407' title='bbox 1080 5441 1251 5495; x_wconf 87' lang='lat' dir='ltr'><strong>sancti</strong></span> <span class='ocrx_word' id='word_1_408' title='bbox 1303 5439 1526 5494; x_wconf 80' lang='lat' dir='ltr'><strong>Joannis</strong></span> <span class='ocrx_word' id='word_1_409' title='bbox 1562 5440 1660 5508; x_wconf 85' lang='lat' dir='ltr'><strong>Ep.</strong></span> <span class='ocrx_word' id='word_1_410' title='bbox 1696 5456 1734 5505; x_wconf 89' lang='grc' dir='ltr'><strong>ι,</strong></span> <span class='ocrx_word' id='word_1_411' title='bbox 1781 5456 1901 5507; x_wconf 85' lang='lat' dir='ltr'><strong>cap.</strong></span> <span class='ocrx_word' id='word_1_412' title='bbox 1939 5457 1991 5505; x_wconf 91' lang='lat' dir='ltr'><strong>v,</strong></span> 
     </span>
    </p>
   </div>
   <div class='ocr_carea' id='block_1_60' title="bbox 410 5510 1990 5581">
    <p class='ocr_par' dir='ltr' id='par_1_60' title="bbox 410 5510 1990 5581">
     <span class='ocr_line' id='line_1_60' title="bbox 410 5510 1990 5581; baseline 0.001 -18"><span class='ocrx_word' id='word_1_413' title='bbox 410 5514 441 5563; x_wconf 89' lang='lat'>7</span> <span class='ocrx_word' id='word_1_414' title='bbox 473 5532 483 5562; x_wconf 87' lang='lat'><strong>:</strong></span> <span class='ocrx_word' id='word_1_415' title='bbox 514 5511 641 5566; x_wconf 77' lang='lat' dir='ltr'><strong>Tres</strong></span> <span class='ocrx_word' id='word_1_416' title='bbox 686 5523 822 5574; x_wconf 81' lang='lat' dir='ltr'><strong>sunt,</strong></span> <span class='ocrx_word' id='word_1_417' title='bbox 857 5513 944 5581; x_wconf 84' lang='lat' dir='ltr'><strong>qui</strong></span> <span class='ocrx_word' id='word_1_418' title='bbox 973 5512 1316 5566; x_wconf 72' lang='lat' dir='ltr'><strong>testimonium</strong></span> <span class='ocrx_word' id='word_1_419' title='bbox 1346 5513 1467 5563; x_wconf 82' lang='lat' dir='ltr'><strong>dant</strong></span> <span class='ocrx_word' id='word_1_420' title='bbox 1510 5512 1562 5563; x_wconf 77' lang='lat' dir='ltr'><strong>in</strong></span> <span class='ocrx_word' id='word_1_421' title='bbox 1604 5510 1751 5569; x_wconf 77' lang='lat' dir='ltr'><strong>caelo.</strong></span> <span class='ocrx_word' id='word_1_422' title='bbox 1788 5512 1990 5578; x_wconf 72' lang='lat' dir='ltr'><strong>PATER,</strong></span> 
     </span>
    </p>
   </div>
   <div class='ocr_carea' id='block_1_61' title="bbox 414 5582 1989 5647">
    <p class='ocr_par' dir='ltr' id='par_1_61' title="bbox 414 5582 1989 5647">
     <span class='ocr_line' id='line_1_61' title="bbox 414 5582 1989 5647; baseline 0.004 -15"><span class='ocrx_word' id='word_1_423' title='bbox 414 5583 661 5643; x_wconf 61' lang='lat' dir='ltr'><strong>Hauon,</strong></span> <span class='ocrx_word' id='word_1_424' title='bbox 696 5600 761 5637; x_wconf 77' lang='lat' dir='ltr'><strong>er</strong></span> <span class='ocrx_word' id='word_1_425' title='bbox 792 5587 1033 5637; x_wconf 79' lang='lat' dir='ltr'><strong>SPIBHUS</strong></span> <span class='ocrx_word' id='word_1_426' title='bbox 1056 5598 1302 5647; x_wconf 65' lang='lat' dir='ltr'><strong>ssscrus,</strong></span> <span class='ocrx_word' id='word_1_427' title='bbox 1332 5592 1377 5635; x_wconf 84' lang='lat' dir='ltr'><strong>et</strong></span> <span class='ocrx_word' id='word_1_428' title='bbox 1418 5582 1469 5634; x_wconf 82' lang='grc' dir='ltr'><strong>Ιιὶ</strong></span> <span class='ocrx_word' id='word_1_429' title='bbox 1515 5590 1616 5635; x_wconf 86' lang='lat' dir='ltr'><strong>tres</strong></span> <span class='ocrx_word' id='word_1_430' title='bbox 1660 5599 1820 5635; x_wconf 74' lang='lat' dir='ltr'><strong>ununt</strong></span> <span class='ocrx_word' id='word_1_431' title='bbox 1849 5595 1989 5639; x_wconf 78' lang='lat' dir='ltr'><strong>sunt.</strong></span> 
     </span>
    </p>
   </div>
   <div class='ocr_carea' id='block_1_62' title="bbox 412 5653 1986 5724">
    <p class='ocr_par' dir='ltr' id='par_1_62' title="bbox 412 5653 1986 5724">
     <span class='ocr_line' id='line_1_62' title="bbox 412 5653 1986 5724; baseline 0.006 -23"><span class='ocrx_word' id='word_1_432' title='bbox 412 5653 560 5712; x_wconf 73' lang='lat' dir='ltr'><strong>Quod</strong></span> <span class='ocrx_word' id='word_1_433' title='bbox 583 5653 952 5709; x_wconf 80' lang='lat' dir='ltr'><strong>authenticunt</strong></span> <span class='ocrx_word' id='word_1_434' title='bbox 976 5668 1095 5708; x_wconf 81' lang='lat' dir='ltr'><strong>esse</strong></span> <span class='ocrx_word' id='word_1_435' title='bbox 1118 5669 1181 5709; x_wconf 83' lang='lat' dir='ltr'><strong>ex</strong></span> <span class='ocrx_word' id='word_1_436' title='bbox 1210 5656 1307 5709; x_wconf 68' lang='grc' dir='ltr'>ὴοο</span> <span class='ocrx_word' id='word_1_437' title='bbox 1329 5668 1536 5724; x_wconf 62' lang='lat' dir='ltr'><strong>quoque</strong></span> <span class='ocrx_word' id='word_1_438' title='bbox 1569 5653 1685 5708; x_wconf 88' lang='lat' dir='ltr'><strong>loco</strong></span> <span class='ocrx_word' id='word_1_439' title='bbox 1712 5656 1986 5724; x_wconf 86' lang='lat' dir='ltr'><strong>probatur.</strong></span> 
     </span>
    </p>
   </div>
   <div class='ocr_carea' id='block_1_63' title="bbox 956 163 3147 239">
    <p class='ocr_par' dir='ltr' id='par_1_63' title="bbox 956 163 3147 239">
     <span class='ocr_line' id='line_1_63' title="bbox 956 163 3147 239; baseline -0.007 -7"><span class='ocrx_word' id='word_1_440' title='bbox 956 174 1157 232; x_wconf 77' lang='lat' dir='ltr'><strong>LIBER</strong></span> <span class='ocrx_word' id='word_1_441' title='bbox 1198 171 1635 229; x_wconf 76' lang='lat' dir='ltr'><strong>NUMERORUM</strong></span> <span class='ocrx_word' id='word_1_442' title='bbox 1674 168 1792 239; x_wconf 81' lang='lat' dir='ltr'><strong>QUI</strong></span> <span class='ocrx_word' id='word_1_443' title='bbox 1831 166 1900 224; x_wconf 81' lang='lat' dir='ltr'><strong>IN</strong></span> <span class='ocrx_word' id='word_1_444' title='bbox 1942 164 2230 223; x_wconf 77' lang='lat' dir='ltr'><strong>SANCTIS</strong></span> <span class='ocrx_word' id='word_1_445' title='bbox 2266 163 2671 222; x_wconf 72' lang='lat' dir='ltr'><strong>SCRIPTURIS</strong></span> <span class='ocrx_word' id='word_1_446' title='bbox 2710 164 3147 221; x_wconf 74' lang='lat' dir='ltr'><strong>OCCL‘liliUNT.</strong></span> 
     </span>
    </p>
   </div>
   <div class='ocr_carea' id='block_1_64' title="bbox 3584 168 3682 223">
    <p class='ocr_par' dir='ltr' id='par_1_64' title="bbox 3584 168 3682 223">
     <span class='ocr_line' id='line_1_64' title="bbox 3584 168 3682 223; baseline -0.061 1"><span class='ocrx_word' id='word_1_447' title='bbox 3584 168 3682 223; x_wconf 70' lang='lat'><strong>181</strong></span> 
     </span>
    </p>
   </div>
   <div class='ocr_carea' id='block_1_65' title="bbox 2012 279 3686 355">
    <p class='ocr_par' dir='ltr' id='par_1_65' title="bbox 2012 279 3686 355">
     <span class='ocr_line' id='line_1_65' title="bbox 2012 279 3686 355; baseline 0.004 -22"><span class='ocrx_word' id='word_1_448' title='bbox 2012 279 2215 341; x_wconf 79' lang='lat' dir='ltr'><strong>Adum</strong></span> <span class='ocrx_word' id='word_1_449' title='bbox 2264 296 2390 335; x_wconf 88' lang='lat' dir='ltr'><strong>vere</strong></span> <span class='ocrx_word' id='word_1_450' title='bbox 2433 290 2646 337; x_wconf 83' lang='lat' dir='ltr'><strong>c0nstet</strong></span> <span class='ocrx_word' id='word_1_451' title='bbox 2672 295 2738 337; x_wconf 85' lang='lat' dir='ltr'><strong>ex</strong></span> <span class='ocrx_word' id='word_1_452' title='bbox 2770 280 2972 348; x_wconf 86' lang='lat' dir='ltr'><strong>tribus,</strong></span> <span class='ocrx_word' id='word_1_453' title='bbox 3027 282 3318 338; x_wconf 87' lang='lat' dir='ltr'><strong>secundum</strong></span> <span class='ocrx_word' id='word_1_454' title='bbox 3350 283 3553 355; x_wconf 85' lang='lat' dir='ltr'><strong>aliquid</strong></span> <span class='ocrx_word' id='word_1_455' title='bbox 3606 297 3686 339; x_wconf 85' lang='lat' dir='ltr'><strong>ta-</strong></span> 
     </span>
    </p>
   </div>
   <div class='ocr_carea' id='block_1_66' title="bbox 2094 374 3681 445">
    <p class='ocr_par' dir='ltr' id='par_1_66' title="bbox 2094 374 3681 445">
     <span class='ocr_line' id='line_1_66' title="bbox 2094 374 3681 445; baseline 0.002 -19"><span class='ocrx_word' id='word_1_456' title='bbox 2094 387 2214 427; x_wconf 91' lang='lat' dir='ltr'><strong>men</strong></span> <span class='ocrx_word' id='word_1_457' title='bbox 2245 387 2382 427; x_wconf 91' lang='lat' dir='ltr'><strong>unus</strong></span> <span class='ocrx_word' id='word_1_458' title='bbox 2410 385 2516 437; x_wconf 74' lang='grc' dir='ltr'>εει,</span> <span class='ocrx_word' id='word_1_459' title='bbox 2546 374 2669 442; x_wconf 87' lang='lat' dir='ltr'><strong>quia</strong></span> <span class='ocrx_word' id='word_1_460' title='bbox 2699 382 2807 427; x_wconf 90' lang='lat' dir='ltr'><strong>tres</strong></span> <span class='ocrx_word' id='word_1_461' title='bbox 2838 389 2998 426; x_wconf 88' lang='lat' dir='ltr'><strong>unum</strong></span> <span class='ocrx_word' id='word_1_462' title='bbox 3030 384 3191 437; x_wconf 89' lang='lat' dir='ltr'><strong>sunt;</strong></span> <span class='ocrx_word' id='word_1_463' title='bbox 3227 389 3390 428; x_wconf 89' lang='lat' dir='ltr'><strong>unum</strong></span> <span class='ocrx_word' id='word_1_464' title='bbox 3424 376 3605 445; x_wconf 83' lang='lat' dir='ltr'><strong>utique</strong></span> <span class='ocrx_word' id='word_1_465' title='bbox 3630 378 3681 429; x_wconf 91' lang='lat' dir='ltr'><strong>in</strong></span> 
     </span>
    </p>
   </div>
   <div class='ocr_carea' id='block_1_67' title="bbox 2097 464 3686 535">
    <p class='ocr_par' dir='ltr' id='par_1_67' title="bbox 2097 464 3686 535">
     <span class='ocr_line' id='line_1_67' title="bbox 2097 464 3686 535; baseline 0.003 -17"><span class='ocrx_word' id='word_1_466' title='bbox 2097 464 2399 531; x_wconf 77' lang='lat' dir='ltr'><strong>Divinitate,</strong></span> <span class='ocrx_word' id='word_1_467' title='bbox 2449 478 2559 521; x_wconf 88' lang='lat' dir='ltr'><strong>tres</strong></span> <span class='ocrx_word' id='word_1_468' title='bbox 2601 466 2652 520; x_wconf 92' lang='lat' dir='ltr'><strong>in</strong></span> <span class='ocrx_word' id='word_1_469' title='bbox 2679 482 3026 535; x_wconf 88' lang='lat' dir='ltr'><strong>personarum</strong></span> <span class='ocrx_word' id='word_1_470' title='bbox 3071 468 3454 531; x_wconf 84' lang='lat' dir='ltr'><strong>distinctione;</strong></span> <span class='ocrx_word' id='word_1_471' title='bbox 3486 470 3538 524; x_wconf 91' lang='lat' dir='ltr'><strong>in</strong></span> <span class='ocrx_word' id='word_1_472' title='bbox 3586 486 3686 523; x_wconf 82' lang='lat' dir='ltr'><strong>na-</strong></span> 
     </span>
    </p>
   </div>
   <div class='ocr_carea' id='block_1_68' title="bbox 2094 557 3065 625">
    <p class='ocr_par' dir='ltr' id='par_1_68' title="bbox 2094 557 3065 625">
     <span class='ocr_line' id='line_1_68' title="bbox 2094 557 3065 625; baseline 0.004 -16"><span class='ocrx_word' id='word_1_473' title='bbox 2094 563 2213 610; x_wconf 84' lang='lat' dir='ltr'><strong>tura</strong></span> <span class='ocrx_word' id='word_1_474' title='bbox 2245 572 2430 619; x_wconf 91' lang='lat' dir='ltr'><strong>unum,</strong></span> <span class='ocrx_word' id='word_1_475' title='bbox 2465 565 2574 611; x_wconf 80' lang='lat' dir='ltr'><strong>tres</strong></span> <span class='ocrx_word' id='word_1_476' title='bbox 2606 557 2657 610; x_wconf 92' lang='lat' dir='ltr'><strong>in</strong></span> <span class='ocrx_word' id='word_1_477' title='bbox 2686 558 3065 625; x_wconf 88' lang='lat' dir='ltr'><strong>appellatione.</strong></span> 
     </span>
    </p>
   </div>
   <div class='ocr_carea' id='block_1_69' title="bbox 2166 649 3683 720">
    <p class='ocr_par' dir='ltr' id='par_1_69' title="bbox 2166 649 3683 720">
     <span class='ocr_line' id='line_1_69' title="bbox 2166 649 3683 720; baseline 0.003 -18"><span class='ocrx_word' id='word_1_478' title='bbox 2166 649 2251 702; x_wconf 72' lang='grc' dir='ltr'><strong>Μ.</strong></span> <span class='ocrx_word' id='word_1_479' title='bbox 2297 649 2424 704; x_wconf 86' lang='lat' dir='ltr'><strong>Jure</strong></span> <span class='ocrx_word' id='word_1_480' title='bbox 2453 664 2581 719; x_wconf 83' lang='lat' dir='ltr'><strong>ergo</strong></span> <span class='ocrx_word' id='word_1_481' title='bbox 2614 651 2697 704; x_wconf 89' lang='lat' dir='ltr'><strong>hic</strong></span> <span class='ocrx_word' id='word_1_482' title='bbox 2728 666 2980 706; x_wconf 87' lang='lat' dir='ltr'><strong>numerus</strong></span> <span class='ocrx_word' id='word_1_483' title='bbox 3012 651 3293 707; x_wconf 86' lang='lat' dir='ltr'><strong>Trinitatis</strong></span> <span class='ocrx_word' id='word_1_484' title='bbox 3340 652 3573 720; x_wconf 75' lang='lat' dir='ltr'><strong>speciem</strong></span> <span class='ocrx_word' id='word_1_485' title='bbox 3607 656 3683 707; x_wconf 86' lang='lat' dir='ltr'><strong>si-</strong></span> 
     </span>
    </p>
   </div>
   <div class='ocr_carea' id='block_1_70' title="bbox 2092 744 3691 814">
    <p class='ocr_par' dir='ltr' id='par_1_70' title="bbox 2092 744 3691 814">
     <span class='ocr_line' id='line_1_70' title="bbox 2092 744 3691 814; baseline 0.004 -19"><span class='ocrx_word' id='word_1_486' title='bbox 2092 744 2338 814; x_wconf 85' lang='lat' dir='ltr'><strong>gniﬁcat;</strong></span> <span class='ocrx_word' id='word_1_487' title='bbox 2371 745 2563 799; x_wconf 85' lang='lat' dir='ltr'><strong>eodem</strong></span> <span class='ocrx_word' id='word_1_488' title='bbox 2600 758 2829 814; x_wconf 88' lang='lat' dir='ltr'><strong>namque</strong></span> <span class='ocrx_word' id='word_1_489' title='bbox 2860 760 3085 800; x_wconf 87' lang='lat' dir='ltr'><strong>numero</strong></span> <span class='ocrx_word' id='word_1_490' title='bbox 3119 746 3171 799; x_wconf 92' lang='lat' dir='ltr'><strong>in</strong></span> <span class='ocrx_word' id='word_1_491' title='bbox 3207 755 3318 800; x_wconf 90' lang='lat' dir='ltr'><strong>toto</strong></span> <span class='ocrx_word' id='word_1_492' title='bbox 3347 748 3478 801; x_wconf 87' lang='lat' dir='ltr'><strong>urbe</strong></span> <span class='ocrx_word' id='word_1_493' title='bbox 3504 762 3691 801; x_wconf 84' lang='lat' dir='ltr'><strong>sacro-</strong></span> 
     </span>
    </p>
   </div>
   <div class='ocr_carea' id='block_1_71' title="bbox 2092 834 3688 905">
    <p class='ocr_par' dir='ltr' id='par_1_71' title="bbox 2092 834 3688 905">
     <span class='ocr_line' id='line_1_71' title="bbox 2092 834 3688 905; baseline 0.002 -17"><span class='ocrx_word' id='word_1_494' title='bbox 2092 845 2275 889; x_wconf 86' lang='lat' dir='ltr'><strong>sancta</strong></span> <span class='ocrx_word' id='word_1_495' title='bbox 2305 834 2541 889; x_wconf 82' lang='lat' dir='ltr'><strong>Trinitas</strong></span> <span class='ocrx_word' id='word_1_496' title='bbox 2569 845 2733 905; x_wconf 84' lang='lat' dir='ltr'><strong>atque</strong></span> <span class='ocrx_word' id='word_1_497' title='bbox 2784 834 3044 890; x_wconf 87' lang='lat' dir='ltr'><strong>Divinitas</strong></span> <span class='ocrx_word' id='word_1_498' title='bbox 3097 837 3442 905; x_wconf 84' lang='lat' dir='ltr'><strong>praedicatur,</strong></span> <span class='ocrx_word' id='word_1_499' title='bbox 3470 837 3688 893; x_wconf 87' lang='lat' dir='ltr'><strong>eodem-</strong></span> 
     </span>
    </p>
   </div>
   <div class='ocr_carea' id='block_1_72' title="bbox 2092 930 3674 1002">
    <p class='ocr_par' dir='ltr' id='par_1_72' title="bbox 2092 930 3674 1002">
     <span class='ocr_line' id='line_1_72' title="bbox 2092 930 3674 1002; baseline 0.005 -23"><span class='ocrx_word' id='word_1_500' title='bbox 2092 942 2196 994; x_wconf 87' lang='lat' dir='ltr'><strong>que</strong></span> <span class='ocrx_word' id='word_1_501' title='bbox 2225 944 2449 982; x_wconf 89' lang='lat' dir='ltr'><strong>numero</strong></span> <span class='ocrx_word' id='word_1_502' title='bbox 2480 930 2734 999; x_wconf 85' lang='lat' dir='ltr'><strong>trisagion</strong></span> <span class='ocrx_word' id='word_1_503' title='bbox 2763 930 2995 1002; x_wconf 81' lang='lat' dir='ltr'><strong>hymnus</strong></span> <span class='ocrx_word' id='word_1_504' title='bbox 3026 931 3094 983; x_wconf 91' lang='lat' dir='ltr'><strong>ab</strong></span> <span class='ocrx_word' id='word_1_505' title='bbox 3120 932 3325 999; x_wconf 84' lang='lat' dir='ltr'><strong>angelis</strong></span> <span class='ocrx_word' id='word_1_506' title='bbox 3354 931 3406 986; x_wconf 91' lang='lat' dir='ltr'><strong>in</strong></span> <span class='ocrx_word' id='word_1_507' title='bbox 3435 932 3674 989; x_wconf 77' lang='lat' dir='ltr'><strong>ctelesti-</strong></span> 
     </span>
    </p>
   </div>
   <div class='ocr_carea' id='block_1_73' title="bbox 2094 1016 3688 1080">
    <p class='ocr_par' dir='ltr' id='par_1_73' title="bbox 2094 1016 3688 1080">
     <span class='ocr_line' id='line_1_73' title="bbox 2094 1016 3688 1080; baseline 0.006 -9"><span class='ocrx_word' id='word_1_508' title='bbox 2094 1016 2193 1071; x_wconf 77' lang='lat' dir='ltr'><strong>bus</strong></span> <span class='ocrx_word' id='word_1_509' title='bbox 2242 1019 2471 1072; x_wconf 85' lang='lat' dir='ltr'><strong>canitur.</strong></span> <span class='ocrx_word' id='word_1_510' title='bbox 2524 1021 2661 1073; x_wconf 84' lang='lat' dir='ltr'><strong>Area</strong></span> <span class='ocrx_word' id='word_1_511' title='bbox 2710 1022 2872 1075; x_wconf 84' lang='lat' dir='ltr'><strong>etiam</strong></span> <span class='ocrx_word' id='word_1_512' title='bbox 2924 1020 3111 1075; x_wconf 91' lang='lat' dir='ltr'><strong>diluvii</strong></span> <span class='ocrx_word' id='word_1_513' title='bbox 3166 1023 3507 1079; x_wconf 86' lang='lat' dir='ltr'><strong>tricamerata</strong></span> <span class='ocrx_word' id='word_1_514' title='bbox 3558 1040 3688 1080; x_wconf 89' lang='lat' dir='ltr'><strong>con-</strong></span> 
     </span>
    </p>
   </div>
   <div class='ocr_carea' id='block_1_74' title="bbox 2092 1109 3679 1185">
    <p class='ocr_par' dir='ltr' id='par_1_74' title="bbox 2092 1109 3679 1185">
     <span class='ocr_line' id='line_1_74' title="bbox 2092 1109 3679 1185; baseline 0.006 -22"><span class='ocrx_word' id='word_1_515' title='bbox 2092 1109 2333 1175; x_wconf 82' lang='lat' dir='ltr'><strong>5truitur,</strong></span> <span class='ocrx_word' id='word_1_516' title='bbox 2370 1126 2437 1164; x_wconf 75' lang='lat' dir='ltr'><strong>ex</strong></span> <span class='ocrx_word' id='word_1_517' title='bbox 2472 1110 2643 1166; x_wconf 90' lang='lat' dir='ltr'><strong>tribus</strong></span> <span class='ocrx_word' id='word_1_518' title='bbox 2676 1111 2795 1165; x_wconf 86' lang='lat' dir='ltr'><strong>ﬁliis</strong></span> <span class='ocrx_word' id='word_1_519' title='bbox 2825 1112 2936 1168; x_wconf 84' lang='lat' dir='ltr'><strong>Noe</strong></span> <span class='ocrx_word' id='word_1_520' title='bbox 2965 1124 3174 1168; x_wconf 72' lang='lat' dir='ltr'><strong>cunctte</strong></span> <span class='ocrx_word' id='word_1_521' title='bbox 3203 1124 3391 1184; x_wconf 87' lang='lat' dir='ltr'><strong>gentes</strong></span> <span class='ocrx_word' id='word_1_522' title='bbox 3432 1127 3550 1185; x_wconf 91' lang='lat' dir='ltr'><strong>post</strong></span> <span class='ocrx_word' id='word_1_523' title='bbox 3597 1118 3679 1171; x_wconf 84' lang='lat' dir='ltr'><strong>di-</strong></span> 
     </span>
    </p>
   </div>
   <div class='ocr_carea' id='block_1_75' title="bbox 2094 1201 3686 1270">
    <p class='ocr_par' dir='ltr' id='par_1_75' title="bbox 2094 1201 3686 1270">
     <span class='ocr_line' id='line_1_75' title="bbox 2094 1201 3686 1270; baseline 0.006 -17"><span class='ocrx_word' id='word_1_524' title='bbox 2094 1201 2297 1254; x_wconf 84' lang='lat' dir='ltr'><strong>luvium</strong></span> <span class='ocrx_word' id='word_1_525' title='bbox 2329 1214 2672 1270; x_wconf 87' lang='lat' dir='ltr'><strong>reparantur.</strong></span> <span class='ocrx_word' id='word_1_526' title='bbox 2703 1203 2797 1258; x_wconf 90' lang='lat' dir='ltr'><strong>llic</strong></span> <span class='ocrx_word' id='word_1_527' title='bbox 2822 1205 2983 1259; x_wconf 89' lang='lat' dir='ltr'><strong>etiam</strong></span> <span class='ocrx_word' id='word_1_528' title='bbox 3016 1221 3270 1261; x_wconf 87' lang='lat' dir='ltr'><strong>numerus</strong></span> <span class='ocrx_word' id='word_1_529' title='bbox 3295 1206 3477 1263; x_wconf 89' lang='lat' dir='ltr'><strong>decies</strong></span> <span class='ocrx_word' id='word_1_530' title='bbox 3549 1210 3686 1263; x_wconf 87' lang='lat' dir='ltr'><strong>mul-</strong></span> 
     </span>
    </p>
   </div>
   <div class='ocr_carea' id='block_1_76' title="bbox 2096 1294 3686 1369">
    <p class='ocr_par' dir='ltr' id='par_1_76' title="bbox 2096 1294 3686 1369">
     <span class='ocr_line' id='line_1_76' title="bbox 2096 1294 3686 1369; baseline 0.006 -23"><span class='ocrx_word' id='word_1_531' title='bbox 2096 1294 2366 1362; x_wconf 87' lang='lat' dir='ltr'><strong>tiplicatus</strong></span> <span class='ocrx_word' id='word_1_532' title='bbox 2394 1296 2731 1351; x_wconf 63' lang='lat' dir='ltr'><strong>altitudinem</strong></span> <span class='ocrx_word' id='word_1_533' title='bbox 2783 1312 2923 1352; x_wconf 76' lang='lat' dir='ltr'><strong>arcae</strong></span> <span class='ocrx_word' id='word_1_534' title='bbox 2968 1300 3191 1369; x_wconf 86' lang='lat' dir='ltr'><strong>mystica</strong></span> <span class='ocrx_word' id='word_1_535' title='bbox 3224 1303 3433 1354; x_wconf 85' lang='lat' dir='ltr'><strong>ratione</strong></span> <span class='ocrx_word' id='word_1_536' title='bbox 3461 1302 3686 1356; x_wconf 82' lang='lat' dir='ltr'><strong>conclu-</strong></span> 
     </span>
    </p>
   </div>
   <div class='ocr_carea' id='block_1_77' title="bbox 2097 1385 3689 1459">
    <p class='ocr_par' dir='ltr' id='par_1_77' title="bbox 2097 1385 3689 1459">
     <span class='ocr_line' id='line_1_77' title="bbox 2097 1385 3689 1459; baseline 0.005 -21"><span class='ocrx_word' id='word_1_537' title='bbox 2097 1385 2197 1451; x_wconf 88' lang='lat' dir='ltr'><strong>dit,</strong></span> <span class='ocrx_word' id='word_1_538' title='bbox 2250 1386 2455 1440; x_wconf 82' lang='lat' dir='ltr'><strong>centies</strong></span> <span class='ocrx_word' id='word_1_539' title='bbox 2481 1396 2824 1456; x_wconf 87' lang='lat' dir='ltr'><strong>computatus</strong></span> <span class='ocrx_word' id='word_1_540' title='bbox 2856 1388 3099 1457; x_wconf 78' lang='lat' dir='ltr'><strong>ejusdem</strong></span> <span class='ocrx_word' id='word_1_541' title='bbox 3136 1390 3528 1459; x_wconf 75' lang='lat' dir='ltr'><strong>longitudinem</strong></span> <span class='ocrx_word' id='word_1_542' title='bbox 3565 1392 3689 1448; x_wconf 56' lang='lat' dir='ltr'><strong>el&#39;ﬁ.</strong></span> 
     </span>
    </p>
   </div>
   <div class='ocr_carea' id='block_1_78' title="bbox 2095 1479 3684 1555">
    <p class='ocr_par' dir='ltr' id='par_1_78' title="bbox 2095 1479 3684 1555">
     <span class='ocr_line' id='line_1_78' title="bbox 2095 1479 3684 1555; baseline 0.007 -24"><span class='ocrx_word' id='word_1_543' title='bbox 2095 1479 2205 1544; x_wconf 90' lang='lat' dir='ltr'><strong>cit;</strong></span> <span class='ocrx_word' id='word_1_544' title='bbox 2238 1479 2394 1547; x_wconf 77' lang='lat' dir='ltr'><strong>cuius</strong></span> <span class='ocrx_word' id='word_1_545' title='bbox 2425 1481 2642 1550; x_wconf 87' lang='lat' dir='ltr'><strong>quidem</strong></span> <span class='ocrx_word' id='word_1_546' title='bbox 2675 1482 2882 1538; x_wconf 90' lang='lat' dir='ltr'><strong>numeri</strong></span> <span class='ocrx_word' id='word_1_547' title='bbox 2906 1486 3230 1552; x_wconf 74' lang='lat' dir='ltr'><strong>exernplaln</strong></span> <span class='ocrx_word' id='word_1_548' title='bbox 3261 1487 3430 1542; x_wconf 88' lang='lat' dir='ltr'><strong>sacris</strong></span> <span class='ocrx_word' id='word_1_549' title='bbox 3453 1486 3684 1555; x_wconf 85' lang='lat' dir='ltr'><strong>eloquiis</strong></span> 
     </span>
    </p>
   </div>
   <div class='ocr_carea' id='block_1_79' title="bbox 2093 1572 2484 1639">
    <p class='ocr_par' dir='ltr' id='par_1_79' title="bbox 2093 1572 2484 1639">
     <span class='ocr_line' id='line_1_79' title="bbox 2093 1572 2484 1639; baseline 0.005 -17"><span class='ocrx_word' id='word_1_550' title='bbox 2093 1572 2308 1639; x_wconf 84' lang='lat' dir='ltr'><strong>eopiosa</strong></span> <span class='ocrx_word' id='word_1_551' title='bbox 2339 1582 2484 1624; x_wconf 83' lang='lat' dir='ltr'><strong>sunt.</strong></span> 
     </span>
    </p>
   </div>
   <div class='ocr_carea' id='block_1_80' title="bbox 2170 1661 3692 1734">
    <p class='ocr_par' dir='ltr' id='par_1_80' title="bbox 2170 1661 3692 1734">
     <span class='ocr_line' id='line_1_80' title="bbox 2170 1661 3692 1734; baseline 0.007 -20"><span class='ocrx_word' id='word_1_552' title='bbox 2170 1661 2259 1715; x_wconf 81' lang='lat' dir='ltr'><strong>i5.</strong></span> <span class='ocrx_word' id='word_1_553' title='bbox 2297 1661 2430 1716; x_wconf 88' lang='lat' dir='ltr'><strong>Tres</strong></span> <span class='ocrx_word' id='word_1_554' title='bbox 2458 1677 2690 1732; x_wconf 89' lang='lat' dir='ltr'><strong>namque</strong></span> <span class='ocrx_word' id='word_1_555' title='bbox 2721 1664 2945 1734; x_wconf 87' lang='lat' dir='ltr'><strong>angelos</strong></span> <span class='ocrx_word' id='word_1_556' title='bbox 2975 1666 3249 1721; x_wconf 82' lang='lat' dir='ltr'><strong>Abraham</strong></span> <span class='ocrx_word' id='word_1_557' title='bbox 3292 1668 3392 1722; x_wconf 82' lang='lat' dir='ltr'><strong>sub</strong></span> <span class='ocrx_word' id='word_1_558' title='bbox 3415 1667 3692 1725; x_wconf 85' lang='lat' dir='ltr'><strong>Trinitatis</strong></span> 
     </span>
    </p>
   </div>
   <div class='ocr_carea' id='block_1_81' title="bbox 2098 1752 3694 1826">
    <p class='ocr_par' dir='ltr' id='par_1_81' title="bbox 2098 1752 3694 1826">
     <span class='ocr_line' id='line_1_81' title="bbox 2098 1752 3694 1826; baseline 0.006 -21"><span class='ocrx_word' id='word_1_559' title='bbox 2098 1752 2329 1823; x_wconf 89' lang='lat' dir='ltr'><strong>imagine</strong></span> <span class='ocrx_word' id='word_1_560' title='bbox 2382 1755 2547 1819; x_wconf 88' lang='lat' dir='ltr'><strong>vidit;</strong></span> <span class='ocrx_word' id='word_1_561' title='bbox 2582 1763 2689 1810; x_wconf 75' lang='lat' dir='ltr'><strong>tres</strong></span> <span class='ocrx_word' id='word_1_562' title='bbox 2741 1755 2885 1812; x_wconf 85' lang='lat' dir='ltr'><strong>Isaac</strong></span> <span class='ocrx_word' id='word_1_563' title='bbox 2916 1766 3110 1826; x_wconf 86' lang='lat' dir='ltr'><strong>puteos</strong></span> <span class='ocrx_word' id='word_1_564' title='bbox 3142 1758 3355 1825; x_wconf 66' lang='lat' dir='ltr'><strong>effodit;</strong></span> <span class='ocrx_word' id='word_1_565' title='bbox 3393 1769 3501 1815; x_wconf 87' lang='lat' dir='ltr'><strong>tres</strong></span> <span class='ocrx_word' id='word_1_566' title='bbox 3526 1759 3694 1815; x_wconf 67' lang='lat' dir='ltr'><strong>Iacob</strong></span> 
     </span>
    </p>
   </div>
   <div class='ocr_carea' id='block_1_82' title="bbox 2100 1841 3689 1915">
    <p class='ocr_par' dir='ltr' id='par_1_82' title="bbox 2100 1841 3689 1915">
     <span class='ocr_line' id='line_1_82' title="bbox 2100 1841 3689 1915; baseline 0.004 -20"><span class='ocrx_word' id='word_1_567' title='bbox 2100 1841 2273 1913; x_wconf 87' lang='lat' dir='ltr'><strong>virgas</strong></span> <span class='ocrx_word' id='word_1_568' title='bbox 2302 1844 2352 1897; x_wconf 88' lang='lat' dir='ltr'><strong>in</strong></span> <span class='ocrx_word' id='word_1_569' title='bbox 2384 1859 2553 1913; x_wconf 87' lang='lat' dir='ltr'><strong>aquas</strong></span> <span class='ocrx_word' id='word_1_570' title='bbox 2584 1846 2652 1897; x_wconf 88' lang='lat' dir='ltr'><strong>ob</strong></span> <span class='ocrx_word' id='word_1_571' title='bbox 2704 1854 2979 1914; x_wconf 64' lang='lat' dir='ltr'><strong>aspectum</strong></span> <span class='ocrx_word' id='word_1_572' title='bbox 3026 1862 3278 1915; x_wconf 87' lang='lat' dir='ltr'><strong>pecorum</strong></span> <span class='ocrx_word' id='word_1_573' title='bbox 3320 1848 3507 1915; x_wconf 88' lang='lat' dir='ltr'><strong>misit;</strong></span> <span class='ocrx_word' id='word_1_574' title='bbox 3553 1850 3689 1905; x_wconf 85' lang='lat' dir='ltr'><strong>trina</strong></span> 
     </span>
    </p>
   </div>
   <div class='ocr_carea' id='block_1_83' title="bbox 2097 1934 3689 2011">
    <p class='ocr_par' dir='ltr' id='par_1_83' title="bbox 2097 1934 3689 2011">
     <span class='ocr_line' id='line_1_83' title="bbox 2097 1934 3689 2011; baseline 0.004 -23"><span class='ocrx_word' id='word_1_575' title='bbox 2097 1934 2213 1989; x_wconf 89' lang='lat' dir='ltr'><strong>dies</strong></span> <span class='ocrx_word' id='word_1_576' title='bbox 2243 1934 2433 1989; x_wconf 85' lang='lat' dir='ltr'><strong>Jonam</strong></span> <span class='ocrx_word' id='word_1_577' title='bbox 2466 1937 2516 1989; x_wconf 92' lang='lat' dir='ltr'><strong>in</strong></span> <span class='ocrx_word' id='word_1_578' title='bbox 2547 1937 2711 1991; x_wconf 79' lang='lat' dir='ltr'><strong>corde</strong></span> <span class='ocrx_word' id='word_1_579' title='bbox 2736 1938 2839 1991; x_wconf 90' lang='lat' dir='ltr'><strong>ceti</strong></span> <span class='ocrx_word' id='word_1_580' title='bbox 2872 1939 3135 2007; x_wconf 82' lang='lat' dir='ltr'><strong>geStavit;</strong></span> <span class='ocrx_word' id='word_1_581' title='bbox 3170 1939 3343 1993; x_wconf 90' lang='lat' dir='ltr'><strong>tribus</strong></span> <span class='ocrx_word' id='word_1_582' title='bbox 3366 1939 3557 1994; x_wconf 91' lang='lat' dir='ltr'><strong>diebus</strong></span> <span class='ocrx_word' id='word_1_583' title='bbox 3594 1954 3689 2011; x_wconf 86' lang='lat' dir='ltr'><strong>per</strong></span> 
     </span>
    </p>
   </div>
   <div class='ocr_carea' id='block_1_84' title="bbox 2098 2027 3689 2101">
    <p class='ocr_par' dir='ltr' id='par_1_84' title="bbox 2098 2027 3689 2101">
     <span class='ocr_line' id='line_1_84' title="bbox 2098 2027 3689 2101; baseline 0.002 -20"><span class='ocrx_word' id='word_1_584' title='bbox 2098 2027 2470 2092; x_wconf 66' lang='lat' dir='ltr'><strong>paenitentiam</strong></span> <span class='ocrx_word' id='word_1_585' title='bbox 2504 2028 2855 2082; x_wconf 80' lang='lat' dir='ltr'><strong>Ninivitarum</strong></span> <span class='ocrx_word' id='word_1_586' title='bbox 2900 2029 3125 2099; x_wconf 89' lang='lat' dir='ltr'><strong>populus</strong></span> <span class='ocrx_word' id='word_1_587' title='bbox 3159 2030 3247 2085; x_wconf 83' lang='lat' dir='ltr'><strong>Dei</strong></span> <span class='ocrx_word' id='word_1_588' title='bbox 3289 2030 3423 2085; x_wconf 87' lang='lat' dir='ltr'><strong>iram</strong></span> <span class='ocrx_word' id='word_1_589' title='bbox 3476 2030 3689 2101; x_wconf 87' lang='lat' dir='ltr'><strong>mitiga-</strong></span> 
     </span>
    </p>
   </div>
   <div class='ocr_carea' id='block_1_85' title="bbox 2099 2117 3687 2190">
    <p class='ocr_par' dir='ltr' id='par_1_85' title="bbox 2099 2117 3687 2190">
     <span class='ocr_line' id='line_1_85' title="bbox 2099 2117 3687 2190; baseline 0.004 -21"><span class='ocrx_word' id='word_1_590' title='bbox 2099 2118 2191 2174; x_wconf 85' lang='lat' dir='ltr'><strong>vit.</strong></span> <span class='ocrx_word' id='word_1_591' title='bbox 2227 2117 2281 2171; x_wconf 92' lang='lat' dir='ltr'><strong>lu</strong></span> <span class='ocrx_word' id='word_1_592' title='bbox 2317 2118 2606 2184; x_wconf 82' lang='lat' dir='ltr'><strong>Evangelio</strong></span> <span class='ocrx_word' id='word_1_593' title='bbox 2638 2127 2817 2173; x_wconf 87' lang='lat' dir='ltr'><strong>autem</strong></span> <span class='ocrx_word' id='word_1_594' title='bbox 2862 2119 3031 2174; x_wconf 88' lang='lat' dir='ltr'><strong>tribus</strong></span> <span class='ocrx_word' id='word_1_595' title='bbox 3081 2121 3252 2176; x_wconf 82' lang='lat' dir='ltr'><strong>servis</strong></span> <span class='ocrx_word' id='word_1_596' title='bbox 3280 2129 3550 2190; x_wconf 88' lang='lat' dir='ltr'><strong>sumptum</strong></span> <span class='ocrx_word' id='word_1_597' title='bbox 3580 2122 3687 2176; x_wconf 79' lang='lat' dir='ltr'><strong>Do-</strong></span> 
     </span>
    </p>
   </div>
   <div class='ocr_carea' id='block_1_86' title="bbox 2098 2210 3694 2282">
    <p class='ocr_par' dir='ltr' id='par_1_86' title="bbox 2098 2210 3694 2282">
     <span class='ocr_line' id='line_1_86' title="bbox 2098 2210 3694 2282; baseline 0.001 -18"><span class='ocrx_word' id='word_1_598' title='bbox 2098 2211 2275 2264; x_wconf 90' lang='lat' dir='ltr'><strong>minus</strong></span> <span class='ocrx_word' id='word_1_599' title='bbox 2305 2210 2560 2265; x_wconf 84' lang='lat' dir='ltr'><strong>credidit.</strong></span> <span class='ocrx_word' id='word_1_600' title='bbox 2617 2212 2802 2265; x_wconf 81' lang='lat' dir='ltr'><strong>Lazari</strong></span> <span class='ocrx_word' id='word_1_601' title='bbox 2850 2228 3069 2281; x_wconf 83' lang='lat' dir='ltr'><strong>quoque</strong></span> <span class='ocrx_word' id='word_1_602' title='bbox 3117 2221 3346 2267; x_wconf 87' lang='lat' dir='ltr'><strong>tn0rtem</strong></span> <span class='ocrx_word' id='word_1_603' title='bbox 3395 2212 3540 2268; x_wconf 89' lang='lat' dir='ltr'><strong>idem</strong></span> <span class='ocrx_word' id='word_1_604' title='bbox 3573 2223 3694 2282; x_wconf 89' lang='lat' dir='ltr'><strong>post.</strong></span> 
     </span>
    </p>
   </div>
   <div class='ocr_carea' id='block_1_87' title="bbox 2098 2302 3680 2375">
    <p class='ocr_par' dir='ltr' id='par_1_87' title="bbox 2098 2302 3680 2375">
     <span class='ocr_line' id='line_1_87' title="bbox 2098 2302 3680 2375; baseline 0.002 -20"><span class='ocrx_word' id='word_1_605' title='bbox 2098 2302 2333 2357; x_wconf 87' lang='lat' dir='ltr'><strong>triduum</strong></span> <span class='ocrx_word' id='word_1_606' title='bbox 2361 2302 2654 2370; x_wconf 87' lang='lat' dir='ltr'><strong>superavit.</strong></span> <span class='ocrx_word' id='word_1_607' title='bbox 2688 2303 2995 2357; x_wconf 83' lang='lat' dir='ltr'><strong>Dilectiouis</strong></span> <span class='ocrx_word' id='word_1_608' title='bbox 3023 2302 3346 2358; x_wconf 81' lang='lat' dir='ltr'><strong>fermentum</strong></span> <span class='ocrx_word' id='word_1_609' title='bbox 3372 2305 3680 2375; x_wconf 84' lang='lat' dir='ltr'><strong>evangelica</strong></span> 
     </span>
    </p>
   </div>
   <div class='ocr_carea' id='block_1_88' title="bbox 2099 2395 3070 2451">
    <p class='ocr_par' dir='ltr' id='par_1_88' title="bbox 2099 2395 3070 2451">
     <span class='ocr_line' id='line_1_88' title="bbox 2099 2395 3070 2451; baseline 0 -2"><span class='ocrx_word' id='word_1_610' title='bbox 2099 2395 2295 2450; x_wconf 87' lang='lat' dir='ltr'><strong>mulier</strong></span> <span class='ocrx_word' id='word_1_611' title='bbox 2326 2396 2377 2448; x_wconf 91' lang='lat' dir='ltr'><strong>in</strong></span> <span class='ocrx_word' id='word_1_612' title='bbox 2409 2397 2541 2450; x_wconf 88' lang='lat' dir='ltr'><strong>satis</strong></span> <span class='ocrx_word' id='word_1_613' title='bbox 2569 2396 2739 2450; x_wconf 87' lang='lat' dir='ltr'><strong>tribus</strong></span> <span class='ocrx_word' id='word_1_614' title='bbox 2766 2396 3070 2451; x_wconf 88' lang='lat' dir='ltr'><strong>abscondit.</strong></span> 
     </span>
    </p>
   </div>
   <div class='ocr_carea' id='block_1_89' title="bbox 2170 2484 3681 2555">
    <p class='ocr_par' dir='ltr' id='par_1_89' title="bbox 2170 2484 3681 2555">
     <span class='ocr_line' id='line_1_89' title="bbox 2170 2484 3681 2555; baseline 0.005 -20"><span class='ocrx_word' id='word_1_615' title='bbox 2170 2484 2259 2539; x_wconf 76' lang='grc'><strong>16.</strong></span> <span class='ocrx_word' id='word_1_616' title='bbox 2288 2484 2469 2539; x_wconf 91' lang='lat' dir='ltr'><strong>Tertio</strong></span> <span class='ocrx_word' id='word_1_617' title='bbox 2484 2485 2644 2553; x_wconf 85' lang='lat' dir='ltr'><strong>Deus,</strong></span> <span class='ocrx_word' id='word_1_618' title='bbox 2671 2486 2884 2540; x_wconf 86' lang='lat' dir='ltr'><strong>utcalix</strong></span> <span class='ocrx_word' id='word_1_619' title='bbox 2917 2488 3465 2555; x_wconf 88' lang='lat' dir='ltr'><strong>passionistransiret,</strong></span> <span class='ocrx_word' id='word_1_620' title='bbox 3485 2487 3681 2542; x_wconf 84' lang='lat' dir='ltr'><strong>oravit.</strong></span> 
     </span>
    </p>
   </div>
   <div class='ocr_carea' id='block_1_90' title="bbox 2098 2575 3689 2648">
    <p class='ocr_par' dir='ltr' id='par_1_90' title="bbox 2098 2575 3689 2648">
     <span class='ocr_line' id='line_1_90' title="bbox 2098 2575 3689 2648; baseline 0.004 -18"><span class='ocrx_word' id='word_1_621' title='bbox 2098 2575 2281 2631; x_wconf 86' lang='lat' dir='ltr'><strong>Tertio</strong></span> <span class='ocrx_word' id='word_1_622' title='bbox 2311 2580 2498 2634; x_wconf 86' lang='lat' dir='ltr'><strong>Petrus</strong></span> <span class='ocrx_word' id='word_1_623' title='bbox 2539 2578 2813 2634; x_wconf 86' lang='lat' dir='ltr'><strong>Christum</strong></span> <span class='ocrx_word' id='word_1_624' title='bbox 2860 2582 3094 2648; x_wconf 83' lang='lat' dir='ltr'><strong>negavit.</strong></span> <span class='ocrx_word' id='word_1_625' title='bbox 3135 2581 3320 2637; x_wconf 85' lang='lat' dir='ltr'><strong>Tertio</strong></span> <span class='ocrx_word' id='word_1_626' title='bbox 3344 2583 3484 2638; x_wconf 88' lang='lat' dir='ltr'><strong>idem</strong></span> <span class='ocrx_word' id='word_1_627' title='bbox 3515 2582 3689 2638; x_wconf 84' lang='lat' dir='ltr'><strong>conﬂ-</strong></span> 
     </span>
    </p>
   </div>
   <div class='ocr_carea' id='block_1_91' title="bbox 2099 2668 3689 2743">
    <p class='ocr_par' dir='ltr' id='par_1_91' title="bbox 2099 2668 3689 2743">
     <span class='ocr_line' id='line_1_91' title="bbox 2099 2668 3689 2743; baseline 0.004 -21"><span class='ocrx_word' id='word_1_628' title='bbox 2099 2668 2261 2722; x_wconf 81' lang='lat' dir='ltr'><strong>tendo</strong></span> <span class='ocrx_word' id='word_1_629' title='bbox 2274 2671 2488 2724; x_wconf 89' lang='lat' dir='ltr'><strong>amavit.</strong></span> <span class='ocrx_word' id='word_1_630' title='bbox 2506 2670 2702 2725; x_wconf 89' lang='lat' dir='ltr'><strong>Tribus</strong></span> <span class='ocrx_word' id='word_1_631' title='bbox 2724 2671 2912 2727; x_wconf 90' lang='lat' dir='ltr'><strong>diebus</strong></span> <span class='ocrx_word' id='word_1_632' title='bbox 2933 2672 3195 2729; x_wconf 85' lang='lat' dir='ltr'><strong>Dominus</strong></span> <span class='ocrx_word' id='word_1_633' title='bbox 3218 2684 3401 2730; x_wconf 63' lang='lat' dir='ltr'><strong>noster</strong></span> <span class='ocrx_word' id='word_1_634' title='bbox 3421 2675 3689 2743; x_wconf 85' lang='lat' dir='ltr'><strong>lledemp-</strong></span> 
     </span>
    </p>
   </div>
   <div class='ocr_carea' id='block_1_92' title="bbox 2103 2761 3697 2837">
    <p class='ocr_par' dir='ltr' id='par_1_92' title="bbox 2103 2761 3697 2837">
     <span class='ocr_line' id='line_1_92' title="bbox 2103 2761 3697 2837; baseline 0.004 -23"><span class='ocrx_word' id='word_1_635' title='bbox 2103 2770 2185 2815; x_wconf 92' lang='lat' dir='ltr'><strong>tor</strong></span> <span class='ocrx_word' id='word_1_636' title='bbox 2217 2761 2270 2815; x_wconf 89' lang='lat' dir='ltr'><strong>in</strong></span> <span class='ocrx_word' id='word_1_637' title='bbox 2323 2762 2577 2829; x_wconf 90' lang='lat' dir='ltr'><strong>sepulcro</strong></span> <span class='ocrx_word' id='word_1_638' title='bbox 2607 2763 2829 2833; x_wconf 88' lang='lat' dir='ltr'><strong>quievit.</strong></span> <span class='ocrx_word' id='word_1_639' title='bbox 2866 2763 3051 2819; x_wconf 87' lang='lat' dir='ltr'><strong>Tertio</strong></span> <span class='ocrx_word' id='word_1_640' title='bbox 3100 2766 3262 2837; x_wconf 65' lang='grc'><strong>224</strong></span> <span class='ocrx_word' id='word_1_641' title='bbox 3290 2782 3348 2821; x_wconf 89' lang='lat' dir='ltr'><strong>se</strong></span> <span class='ocrx_word' id='word_1_642' title='bbox 3378 2765 3653 2835; x_wconf 86' lang='lat' dir='ltr'><strong>discipulis</strong></span> <span class='ocrx_word' id='word_1_643' title='bbox 3676 2806 3697 2831; x_wconf 84' lang='lat'><strong>,</strong></span> 
     </span>
    </p>
   </div>
   <div class='ocr_carea' id='block_1_93' title="bbox 2098 2853 3690 2923">
    <p class='ocr_par' dir='ltr' id='par_1_93' title="bbox 2098 2853 3690 2923">
     <span class='ocr_line' id='line_1_93' title="bbox 2098 2853 3690 2923; baseline 0.001 -18"><span class='ocrx_word' id='word_1_644' title='bbox 2098 2863 2220 2906; x_wconf 90' lang='lat' dir='ltr'><strong>cum</strong></span> <span class='ocrx_word' id='word_1_645' title='bbox 2246 2867 2274 2904; x_wconf 86' lang='lat' dir='ltr'><strong>a</strong></span> <span class='ocrx_word' id='word_1_646' title='bbox 2305 2853 2530 2907; x_wconf 88' lang='lat' dir='ltr'><strong>mortuis</strong></span> <span class='ocrx_word' id='word_1_647' title='bbox 2550 2858 2958 2923; x_wconf 86' lang='lat' dir='ltr'><strong>resurrexisset,</strong></span> <span class='ocrx_word' id='word_1_648' title='bbox 2976 2858 3231 2911; x_wconf 69' lang='lat' dir='ltr'><strong>osmndit.</strong></span> <span class='ocrx_word' id='word_1_649' title='bbox 3260 2856 3316 2909; x_wconf 92' lang='lat' dir='ltr'><strong>In</strong></span> <span class='ocrx_word' id='word_1_650' title='bbox 3342 2856 3511 2910; x_wconf 87' lang='lat' dir='ltr'><strong>tribus</strong></span> <span class='ocrx_word' id='word_1_651' title='bbox 3530 2857 3690 2911; x_wconf 82' lang='lat' dir='ltr'><strong>etiam</strong></span> 
     </span>
    </p>
   </div>
   <div class='ocr_carea' id='block_1_94' title="bbox 2100 2945 3693 3017">
    <p class='ocr_par' dir='ltr' id='par_1_94' title="bbox 2100 2945 3693 3017">
     <span class='ocr_line' id='line_1_94' title="bbox 2100 2945 3693 3017; baseline 0.002 -19"><span class='ocrx_word' id='word_1_652' title='bbox 2100 2945 2202 2999; x_wconf 88' lang='lat' dir='ltr'><strong>tria</strong></span> <span class='ocrx_word' id='word_1_653' title='bbox 2230 2955 2357 3001; x_wconf 88' lang='lat' dir='ltr'><strong>sunt</strong></span> <span class='ocrx_word' id='word_1_654' title='bbox 2381 2962 2502 3016; x_wconf 68' lang='lat' dir='ltr'><strong>quae</strong></span> <span class='ocrx_word' id='word_1_655' title='bbox 2528 2947 2873 3002; x_wconf 88' lang='lat' dir='ltr'><strong>commendat</strong></span> <span class='ocrx_word' id='word_1_656' title='bbox 2902 2948 3214 3017; x_wconf 81' lang='lat' dir='ltr'><strong>Apostolus,</strong></span> <span class='ocrx_word' id='word_1_657' title='bbox 3257 2952 3310 3003; x_wconf 92' lang='lat' dir='ltr'><strong>in</strong></span> <span class='ocrx_word' id='word_1_658' title='bbox 3341 2949 3537 3017; x_wconf 89' lang='lat' dir='ltr'><strong>quibus</strong></span> <span class='ocrx_word' id='word_1_659' title='bbox 3576 2963 3693 3001; x_wconf 83' lang='lat' dir='ltr'><strong>om—</strong></span> 
     </span>
    </p>
   </div>
   <div class='ocr_carea' id='block_1_95' title="bbox 2099 3035 3692 3107">
    <p class='ocr_par' dir='ltr' id='par_1_95' title="bbox 2099 3035 3692 3107">
     <span class='ocr_line' id='line_1_95' title="bbox 2099 3035 3692 3107; baseline 0.006 -21"><span class='ocrx_word' id='word_1_660' title='bbox 2099 3035 2183 3089; x_wconf 92' lang='lat' dir='ltr'><strong>nis</strong></span> <span class='ocrx_word' id='word_1_661' title='bbox 2212 3038 2489 3106; x_wconf 85' lang='lat' dir='ltr'><strong>prophetia</strong></span> <span class='ocrx_word' id='word_1_662' title='bbox 2520 3046 2753 3105; x_wconf 89' lang='lat' dir='ltr'><strong>constat,</strong></span> <span class='ocrx_word' id='word_1_663' title='bbox 2799 3038 2953 3105; x_wconf 86' lang='lat' dir='ltr'><strong>ﬁdes,</strong></span> <span class='ocrx_word' id='word_1_664' title='bbox 3001 3053 3124 3107; x_wconf 84' lang='lat' dir='ltr'><strong>spes</strong></span> <span class='ocrx_word' id='word_1_665' title='bbox 3169 3050 3223 3095; x_wconf 88' lang='lat' dir='ltr'><strong>et</strong></span> <span class='ocrx_word' id='word_1_666' title='bbox 3256 3041 3511 3095; x_wconf 80' lang='lat' dir='ltr'><strong>Charitas.</strong></span> <span class='ocrx_word' id='word_1_667' title='bbox 3557 3041 3692 3096; x_wconf 86' lang='lat' dir='ltr'><strong>Tres</strong></span> 
     </span>
    </p>
   </div>
   <div class='ocr_carea' id='block_1_96' title="bbox 2100 3129 3691 3202">
    <p class='ocr_par' dir='ltr' id='par_1_96' title="bbox 2100 3129 3691 3202">
     <span class='ocr_line' id='line_1_96' title="bbox 2100 3129 3691 3202; baseline 0.004 -21"><span class='ocrx_word' id='word_1_668' title='bbox 2100 3135 2225 3181; x_wconf 85' lang='lat' dir='ltr'><strong>sunt</strong></span> <span class='ocrx_word' id='word_1_669' title='bbox 2244 3129 2537 3199; x_wconf 87' lang='lat' dir='ltr'><strong>evangelici</strong></span> <span class='ocrx_word' id='word_1_670' title='bbox 2562 3129 2792 3191; x_wconf 79' lang='lat' dir='ltr'><strong>fructus,</strong></span> <span class='ocrx_word' id='word_1_671' title='bbox 2810 3134 3037 3200; x_wconf 86' lang='lat' dir='ltr'><strong>primus,</strong></span> <span class='ocrx_word' id='word_1_672' title='bbox 3057 3132 3147 3202; x_wconf 89' lang='lat' dir='ltr'><strong>qui</strong></span> <span class='ocrx_word' id='word_1_673' title='bbox 3171 3142 3226 3187; x_wconf 88' lang='lat' dir='ltr'><strong>et</strong></span> <span class='ocrx_word' id='word_1_674' title='bbox 3252 3143 3535 3195; x_wconf 84' lang='lat' dir='ltr'><strong>centenus,</strong></span> <span class='ocrx_word' id='word_1_675' title='bbox 3553 3147 3691 3187; x_wconf 83' lang='lat' dir='ltr'><strong>mar-</strong></span> 
     </span>
    </p>
   </div>
   <div class='ocr_carea' id='block_1_97' title="bbox 2100 3222 3693 3295">
    <p class='ocr_par' dir='ltr' id='par_1_97' title="bbox 2100 3222 3693 3295">
     <span class='ocr_line' id='line_1_97' title="bbox 2100 3222 3693 3295; baseline 0.004 -22"><span class='ocrx_word' id='word_1_676' title='bbox 2100 3230 2306 3291; x_wconf 89' lang='lat' dir='ltr'><strong>tyrum;</strong></span> <span class='ocrx_word' id='word_1_677' title='bbox 2353 3222 2646 3287; x_wconf 79' lang='lat' dir='ltr'><strong>secundus,</strong></span> <span class='ocrx_word' id='word_1_678' title='bbox 2679 3227 3078 3292; x_wconf 81' lang='lat' dir='ltr'><strong>sexagenarius,</strong></span> <span class='ocrx_word' id='word_1_679' title='bbox 3115 3225 3420 3295; x_wconf 80' lang='lat' dir='ltr'><strong>virginum;</strong></span> <span class='ocrx_word' id='word_1_680' title='bbox 3471 3226 3693 3291; x_wconf 75' lang='lat' dir='ltr'><strong>tertius,</strong></span> 
     </span>
    </p>
   </div>
   <div class='ocr_carea' id='block_1_98' title="bbox 2100 3313 2901 3385">
    <p class='ocr_par' dir='ltr' id='par_1_98' title="bbox 2100 3313 2901 3385">
     <span class='ocr_line' id='line_1_98' title="bbox 2100 3313 2901 3385; baseline 0.001 -17"><span class='ocrx_word' id='word_1_681' title='bbox 2100 3313 2442 3380; x_wconf 89' lang='lat' dir='ltr'><strong>tricenarius,</strong></span> <span class='ocrx_word' id='word_1_682' title='bbox 2471 3315 2901 3385; x_wconf 73' lang='lat' dir='ltr'><strong>coniugatorum.</strong></span> 
     </span>
    </p>
   </div>
   <div class='ocr_carea' id='block_1_99' title="bbox 2169 3405 3686 3481">
    <p class='ocr_par' dir='ltr' id='par_1_99' title="bbox 2169 3405 3686 3481">
     <span class='ocr_line' id='line_1_99' title="bbox 2169 3405 3686 3481; baseline 0.003 -22"><span class='ocrx_word' id='word_1_683' title='bbox 2169 3405 2257 3460; x_wconf 82' lang='grc'><strong>17.</strong></span> <span class='ocrx_word' id='word_1_684' title='bbox 2298 3405 2424 3459; x_wconf 86' lang='lat' dir='ltr'><strong>Tria</strong></span> <span class='ocrx_word' id='word_1_685' title='bbox 2469 3414 2596 3460; x_wconf 85' lang='lat' dir='ltr'><strong>sunt</strong></span> <span class='ocrx_word' id='word_1_686' title='bbox 2626 3408 2791 3461; x_wconf 79' lang='lat' dir='ltr'><strong>etiam</strong></span> <span class='ocrx_word' id='word_1_687' title='bbox 2843 3417 2898 3461; x_wconf 88' lang='lat' dir='ltr'><strong>et</strong></span> <span class='ocrx_word' id='word_1_688' title='bbox 2928 3423 3048 3478; x_wconf 79' lang='lat' dir='ltr'><strong>qua:</strong></span> <span class='ocrx_word' id='word_1_689' title='bbox 3093 3406 3296 3479; x_wconf 81' lang='lat' dir='ltr'><strong>[Forte,</strong></span> <span class='ocrx_word' id='word_1_690' title='bbox 3343 3423 3406 3463; x_wconf 88' lang='lat' dir='ltr'><strong>ea</strong></span> <span class='ocrx_word' id='word_1_691' title='bbox 3446 3408 3587 3481; x_wconf 70' lang='lat' dir='ltr'><strong>qum]</strong></span> <span class='ocrx_word' id='word_1_692' title='bbox 3636 3410 3686 3463; x_wconf 90' lang='lat' dir='ltr'><strong>in</strong></span> 
     </span>
    </p>
   </div>
   <div class='ocr_carea' id='block_1_100' title="bbox 2100 3500 3686 3571">
    <p class='ocr_par' dir='ltr' id='par_1_100' title="bbox 2100 3500 3686 3571">
     <span class='ocr_line' id='line_1_100' title="bbox 2100 3500 3686 3571; baseline 0.002 -17"><span class='ocrx_word' id='word_1_693' title='bbox 2100 3500 2264 3555; x_wconf 91' lang='lat' dir='ltr'><strong>Deum</strong></span> <span class='ocrx_word' id='word_1_694' title='bbox 2296 3516 2401 3554; x_wconf 87' lang='lat' dir='ltr'><strong>non</strong></span> <span class='ocrx_word' id='word_1_695' title='bbox 2430 3500 2653 3564; x_wconf 87' lang='lat' dir='ltr'><strong>cadunt,</strong></span> <span class='ocrx_word' id='word_1_696' title='bbox 2686 3512 2957 3565; x_wconf 54' lang='lat' dir='ltr'><strong>mensura,</strong></span> <span class='ocrx_word' id='word_1_697' title='bbox 2992 3503 3144 3559; x_wconf 87' lang='lat' dir='ltr'><strong>locus</strong></span> <span class='ocrx_word' id='word_1_698' title='bbox 3173 3512 3229 3558; x_wconf 89' lang='lat' dir='ltr'><strong>et</strong></span> <span class='ocrx_word' id='word_1_699' title='bbox 3270 3512 3503 3571; x_wconf 85' lang='lat' dir='ltr'><strong>tempus.</strong></span> <span class='ocrx_word' id='word_1_700' title='bbox 3552 3501 3686 3558; x_wconf 86' lang='lat' dir='ltr'><strong>Tres</strong></span> 
     </span>
    </p>
   </div>
   <div class='ocr_carea' id='block_1_101' title="bbox 2098 3593 3683 3665">
    <p class='ocr_par' dir='ltr' id='par_1_101' title="bbox 2098 3593 3683 3665">
     <span class='ocr_line' id='line_1_101' title="bbox 2098 3593 3683 3665; baseline 0.001 -18"><span class='ocrx_word' id='word_1_701' title='bbox 2098 3600 2225 3647; x_wconf 83' lang='lat' dir='ltr'><strong>sunt</strong></span> <span class='ocrx_word' id='word_1_702' title='bbox 2248 3593 2456 3661; x_wconf 88' lang='lat' dir='ltr'><strong>species</strong></span> <span class='ocrx_word' id='word_1_703' title='bbox 2494 3593 2711 3660; x_wconf 83' lang='lat' dir='ltr'><strong>animae,</strong></span> <span class='ocrx_word' id='word_1_704' title='bbox 2739 3595 2853 3650; x_wconf 89' lang='lat' dir='ltr'><strong>sive</strong></span> <span class='ocrx_word' id='word_1_705' title='bbox 2884 3605 3084 3661; x_wconf 85' lang='lat' dir='ltr'><strong>motus,</strong></span> <span class='ocrx_word' id='word_1_706' title='bbox 3134 3596 3426 3665; x_wconf 86' lang='lat' dir='ltr'><strong>cupiditas,</strong></span> <span class='ocrx_word' id='word_1_707' title='bbox 3460 3597 3558 3659; x_wconf 85' lang='lat' dir='ltr'><strong>ira,</strong></span> <span class='ocrx_word' id='word_1_708' title='bbox 3605 3598 3683 3650; x_wconf 87' lang='lat' dir='ltr'><strong>vel</strong></span> 
     </span>
    </p>
   </div>
   <div class='ocr_carea' id='block_1_102' title="bbox 2099 3684 3685 3756">
    <p class='ocr_par' dir='ltr' id='par_1_102' title="bbox 2099 3684 3685 3756">
     <span class='ocr_line' id='line_1_102' title="bbox 2099 3684 3685 3756; baseline 0.003 -18"><span class='ocrx_word' id='word_1_709' title='bbox 2099 3686 2261 3739; x_wconf 85' lang='lat' dir='ltr'><strong>ratio.</strong></span> <span class='ocrx_word' id='word_1_710' title='bbox 2295 3684 2479 3740; x_wconf 76' lang='lat' dir='ltr'><strong>Sacrze</strong></span> <span class='ocrx_word' id='word_1_711' title='bbox 2506 3684 2638 3753; x_wconf 84' lang='lat' dir='ltr'><strong>legis</strong></span> <span class='ocrx_word' id='word_1_712' title='bbox 2667 3686 2842 3755; x_wconf 83' lang='lat' dir='ltr'><strong>lingua</strong></span> <span class='ocrx_word' id='word_1_713' title='bbox 2876 3688 3067 3756; x_wconf 76' lang='lat' dir='ltr'><strong>triplex</strong></span> <span class='ocrx_word' id='word_1_714' title='bbox 3099 3698 3211 3755; x_wconf 85' lang='lat' dir='ltr'><strong>est,</strong></span> <span class='ocrx_word' id='word_1_715' title='bbox 3245 3688 3491 3751; x_wconf 74' lang='lat' dir='ltr'><strong>llebrzea,</strong></span> <span class='ocrx_word' id='word_1_716' title='bbox 3530 3685 3685 3743; x_wconf 66' lang='lat' dir='ltr'><strong>Gras-</strong></span> 
     </span>
    </p>
   </div>
   <div class='ocr_carea' id='block_1_103' title="bbox 2098 3776 3683 3848">
    <p class='ocr_par' dir='ltr' id='par_1_103' title="bbox 2098 3776 3683 3848">
     <span class='ocr_line' id='line_1_103' title="bbox 2098 3776 3683 3848; baseline 0.001 -19"><span class='ocrx_word' id='word_1_717' title='bbox 2098 3790 2183 3840; x_wconf 90' lang='lat' dir='ltr'><strong>ca,</strong></span> <span class='ocrx_word' id='word_1_718' title='bbox 2207 3787 2263 3830; x_wconf 91' lang='lat' dir='ltr'><strong>et</strong></span> <span class='ocrx_word' id='word_1_719' title='bbox 2292 3776 2501 3831; x_wconf 88' lang='lat' dir='ltr'><strong>Latina.</strong></span> <span class='ocrx_word' id='word_1_720' title='bbox 2530 3776 2743 3846; x_wconf 88' lang='lat' dir='ltr'><strong>Triplex</strong></span> <span class='ocrx_word' id='word_1_721' title='bbox 2771 3788 2851 3833; x_wconf 90' lang='lat' dir='ltr'><strong>est</strong></span> <span class='ocrx_word' id='word_1_722' title='bbox 2879 3780 3038 3833; x_wconf 81' lang='lat' dir='ltr'><strong>etiam</strong></span> <span class='ocrx_word' id='word_1_723' title='bbox 3071 3778 3443 3848; x_wconf 80' lang='lat' dir='ltr'><strong>intelligentiae</strong></span> <span class='ocrx_word' id='word_1_724' title='bbox 3469 3793 3683 3840; x_wconf 81' lang='lat' dir='ltr'><strong>sensus,</strong></span> 
     </span>
    </p>
   </div>
   <div class='ocr_carea' id='block_1_104' title="bbox 2100 3866 3684 3937">
    <p class='ocr_par' dir='ltr' id='par_1_104' title="bbox 2100 3866 3684 3937">
     <span class='ocr_line' id='line_1_104' title="bbox 2100 3866 3684 3937; baseline 0.001 -18"><span class='ocrx_word' id='word_1_725' title='bbox 2100 3866 2411 3930; x_wconf 85' lang='lat' dir='ltr'><strong>historicus,</strong></span> <span class='ocrx_word' id='word_1_726' title='bbox 2446 3867 2664 3920; x_wconf 88' lang='lat' dir='ltr'><strong>moralis</strong></span> <span class='ocrx_word' id='word_1_727' title='bbox 2688 3876 2742 3921; x_wconf 88' lang='lat' dir='ltr'><strong>et</strong></span> <span class='ocrx_word' id='word_1_728' title='bbox 2779 3869 3055 3937; x_wconf 88' lang='lat' dir='ltr'><strong>mysticus.</strong></span> <span class='ocrx_word' id='word_1_729' title='bbox 3093 3869 3242 3924; x_wconf 89' lang='lat' dir='ltr'><strong>Unde</strong></span> <span class='ocrx_word' id='word_1_730' title='bbox 3273 3878 3327 3923; x_wconf 85' lang='lat' dir='ltr'><strong>et</strong></span> <span class='ocrx_word' id='word_1_731' title='bbox 3380 3869 3684 3937; x_wconf 86' lang='lat' dir='ltr'><strong>philos0phi</strong></span> 
     </span>
    </p>
   </div>
   <div class='ocr_carea' id='block_1_105' title="bbox 2100 3958 3686 4032">
    <p class='ocr_par' dir='ltr' id='par_1_105' title="bbox 2100 3958 3686 4032">
     <span class='ocr_line' id='line_1_105' title="bbox 2100 3958 3686 4032; baseline 0.001 -20"><span class='ocrx_word' id='word_1_732' title='bbox 2100 3958 2282 4013; x_wconf 89' lang='lat' dir='ltr'><strong>mundi</strong></span> <span class='ocrx_word' id='word_1_733' title='bbox 2315 3969 2426 4013; x_wconf 91' lang='lat' dir='ltr'><strong>tres</strong></span> <span class='ocrx_word' id='word_1_734' title='bbox 2454 3958 2732 4027; x_wconf 66' lang='lat' dir='ltr'><strong>sapientia:</strong></span> <span class='ocrx_word' id='word_1_735' title='bbox 2763 3970 2943 4027; x_wconf 85' lang='lat' dir='ltr'><strong>partes</strong></span> <span class='ocrx_word' id='word_1_736' title='bbox 2990 3975 3112 4016; x_wconf 86' lang='lat' dir='ltr'><strong>esse</strong></span> <span class='ocrx_word' id='word_1_737' title='bbox 3139 3962 3390 4016; x_wconf 84' lang='lat' dir='ltr'><strong>dixerunt</strong></span> <span class='ocrx_word' id='word_1_738' title='bbox 3432 3975 3446 4017; x_wconf 89' lang='lat'><strong>:</strong></span> <span class='ocrx_word' id='word_1_739' title='bbox 3504 3962 3686 4032; x_wconf 81' lang='lat' dir='ltr'><strong>physi-</strong></span> 
     </span>
    </p>
   </div>
   <div class='ocr_carea' id='block_1_106' title="bbox 2098 4052 3686 4124">
    <p class='ocr_par' dir='ltr' id='par_1_106' title="bbox 2098 4052 3686 4124">
     <span class='ocr_line' id='line_1_106' title="bbox 2098 4052 3686 4124; baseline 0.001 -15"><span class='ocrx_word' id='word_1_740' title='bbox 2098 4069 2236 4117; x_wconf 84' lang='lat' dir='ltr'><strong>cam,</strong></span> <span class='ocrx_word' id='word_1_741' title='bbox 2267 4068 2384 4117; x_wconf 65' lang='lat' dir='ltr'><strong>quae</strong></span> <span class='ocrx_word' id='word_1_742' title='bbox 2416 4052 2707 4117; x_wconf 79' lang='lat' dir='ltr'><strong>naturalis;</strong></span> <span class='ocrx_word' id='word_1_743' title='bbox 2745 4053 2992 4123; x_wconf 81' lang='lat' dir='ltr'><strong>logieam,</strong></span> <span class='ocrx_word' id='word_1_744' title='bbox 3024 4068 3144 4124; x_wconf 71' lang='lat' dir='ltr'><strong>quze</strong></span> <span class='ocrx_word' id='word_1_745' title='bbox 3192 4055 3512 4119; x_wconf 83' lang='lat' dir='ltr'><strong>rationalis;</strong></span> <span class='ocrx_word' id='word_1_746' title='bbox 3541 4054 3686 4110; x_wconf 80' lang='lat' dir='ltr'><strong>ethi-</strong></span> 
     </span>
    </p>
   </div>
   <div class='ocr_carea' id='block_1_107' title="bbox 2098 4145 2661 4214">
    <p class='ocr_par' dir='ltr' id='par_1_107' title="bbox 2098 4145 2661 4214">
     <span class='ocr_line' id='line_1_107' title="bbox 2098 4145 2661 4214; baseline -0.004 -14"><span class='ocrx_word' id='word_1_747' title='bbox 2098 4159 2237 4209; x_wconf 90' lang='lat' dir='ltr'><strong>cam,</strong></span> <span class='ocrx_word' id='word_1_748' title='bbox 2269 4160 2389 4214; x_wconf 78' lang='lat' dir='ltr'><strong>qua:</strong></span> <span class='ocrx_word' id='word_1_749' title='bbox 2418 4145 2661 4198; x_wconf 88' lang='lat' dir='ltr'><strong>moralis.</strong></span> 
     </span>
    </p>
   </div>
   <div class='ocr_carea' id='block_1_108' title="bbox 2174 4235 3682 4307">
    <p class='ocr_par' dir='ltr' id='par_1_108' title="bbox 2174 4235 3682 4307">
     <span class='ocr_line' id='line_1_108' title="bbox 2174 4235 3682 4307; baseline -0.001 -16"><span class='ocrx_word' id='word_1_750' title='bbox 2174 4235 2263 4291; x_wconf 78' lang='grc'><strong>18.</strong></span> <span class='ocrx_word' id='word_1_751' title='bbox 2307 4236 2433 4290; x_wconf 90' lang='lat' dir='ltr'><strong>Tria</strong></span> <span class='ocrx_word' id='word_1_752' title='bbox 2465 4244 2591 4289; x_wconf 89' lang='lat' dir='ltr'><strong>sunt</strong></span> <span class='ocrx_word' id='word_1_753' title='bbox 2618 4246 2675 4291; x_wconf 93' lang='lat' dir='ltr'><strong>et</strong></span> <span class='ocrx_word' id='word_1_754' title='bbox 2720 4236 2860 4305; x_wconf 85' lang='lat' dir='ltr'><strong>apud</strong></span> <span class='ocrx_word' id='word_1_755' title='bbox 2892 4236 3129 4292; x_wconf 88' lang='lat' dir='ltr'><strong>musicos</strong></span> <span class='ocrx_word' id='word_1_756' title='bbox 3161 4252 3356 4307; x_wconf 89' lang='lat' dir='ltr'><strong>genera</strong></span> <span class='ocrx_word' id='word_1_757' title='bbox 3387 4251 3643 4291; x_wconf 68' lang='lat' dir='ltr'><strong>sonorum</strong></span> <span class='ocrx_word' id='word_1_758' title='bbox 3669 4279 3682 4300; x_wconf 90' lang='lat'><strong>,</strong></span> 
     </span>
    </p>
   </div>
   <div class='ocr_carea' id='block_1_109' title="bbox 2101 4328 3686 4395">
    <p class='ocr_par' dir='ltr' id='par_1_109' title="bbox 2101 4328 3686 4395">
     <span class='ocr_line' id='line_1_109' title="bbox 2101 4328 3686 4395; baseline 0 -15"><span class='ocrx_word' id='word_1_759' title='bbox 2101 4344 2224 4395; x_wconf 78' lang='lat' dir='ltr'><strong>vox,</strong></span> <span class='ocrx_word' id='word_1_760' title='bbox 2257 4328 2413 4383; x_wconf 77' lang='lat' dir='ltr'><strong>flatus</strong></span> <span class='ocrx_word' id='word_1_761' title='bbox 2437 4338 2492 4384; x_wconf 90' lang='lat' dir='ltr'><strong>et</strong></span> <span class='ocrx_word' id='word_1_762' title='bbox 2542 4329 2762 4395; x_wconf 85' lang='lat' dir='ltr'><strong>pulsus:</strong></span> <span class='ocrx_word' id='word_1_763' title='bbox 2794 4345 2895 4383; x_wconf 78' lang='lat' dir='ltr'><strong>vox</strong></span> <span class='ocrx_word' id='word_1_764' title='bbox 2941 4330 2993 4385; x_wconf 89' lang='lat' dir='ltr'><strong>in</strong></span> <span class='ocrx_word' id='word_1_765' title='bbox 3028 4329 3289 4395; x_wconf 73' lang='lat' dir='ltr'><strong>faucibus,</strong></span> <span class='ocrx_word' id='word_1_766' title='bbox 3339 4329 3493 4383; x_wconf 86' lang='lat' dir='ltr'><strong>ﬂatus</strong></span> <span class='ocrx_word' id='word_1_767' title='bbox 3527 4330 3579 4382; x_wconf 87' lang='lat' dir='ltr'><strong>in</strong></span> <span class='ocrx_word' id='word_1_768' title='bbox 3618 4328 3686 4380; x_wconf 83' lang='lat' dir='ltr'><strong>ti-</strong></span> 
     </span>
    </p>
   </div>
   <div class='ocr_carea' id='block_1_110' title="bbox 2027 4418 3687 4501">
    <p class='ocr_par' dir='ltr' id='par_1_110' title="bbox 2027 4418 3687 4501">
     <span class='ocr_line' id='line_1_110' title="bbox 2027 4418 3687 4501; baseline -0.003 -26"><span class='ocrx_word' id='word_1_769' title='bbox 2027 4441 2078 4501; x_wconf 74' lang='grc' dir='ltr'>ι)</span> <span class='ocrx_word' id='word_1_770' title='bbox 2102 4422 2221 4486; x_wconf 90' lang='lat' dir='ltr'><strong>biis,</strong></span> <span class='ocrx_word' id='word_1_771' title='bbox 2257 4420 2437 4488; x_wconf 88' lang='lat' dir='ltr'><strong>pulsus</strong></span> <span class='ocrx_word' id='word_1_772' title='bbox 2482 4434 2608 4475; x_wconf 89' lang='lat' dir='ltr'><strong>vero</strong></span> <span class='ocrx_word' id='word_1_773' title='bbox 2639 4420 2689 4471; x_wconf 88' lang='lat' dir='ltr'><strong>in</strong></span> <span class='ocrx_word' id='word_1_774' title='bbox 2735 4418 2976 4476; x_wconf 86' lang='lat' dir='ltr'><strong>citharis.</strong></span> <span class='ocrx_word' id='word_1_775' title='bbox 3006 4419 3176 4474; x_wconf 86' lang='lat' dir='ltr'><strong>Porro</strong></span> <span class='ocrx_word' id='word_1_776' title='bbox 3220 4434 3416 4488; x_wconf 87' lang='lat' dir='ltr'><strong>genera</strong></span> <span class='ocrx_word' id='word_1_777' title='bbox 3451 4418 3687 4472; x_wconf 55' lang='lat' dir='ltr'><strong>rationa.</strong></span> 
     </span>
    </p>
   </div>
   <div class='ocr_carea' id='block_1_111' title="bbox 2110 4510 3684 4581">
    <p class='ocr_par' dir='ltr' id='par_1_111' title="bbox 2110 4510 3684 4581">
     <span class='ocr_line' id='line_1_111' title="bbox 2110 4510 3684 4581; baseline -0.005 -12"><span class='ocrx_word' id='word_1_778' title='bbox 2110 4516 2292 4569; x_wconf 89' lang='lat' dir='ltr'><strong>bilium</strong></span> <span class='ocrx_word' id='word_1_779' title='bbox 2342 4524 2705 4568; x_wconf 86' lang='lat' dir='ltr'><strong>creaturarum</strong></span> <span class='ocrx_word' id='word_1_780' title='bbox 2740 4513 2838 4567; x_wconf 84' lang='lat' dir='ltr'><strong>tria</strong></span> <span class='ocrx_word' id='word_1_781' title='bbox 2886 4521 3050 4581; x_wconf 86' lang='lat' dir='ltr'><strong>sunt,</strong></span> <span class='ocrx_word' id='word_1_782' title='bbox 3080 4513 3392 4581; x_wconf 85' lang='lat' dir='ltr'><strong>angelorum</strong></span> <span class='ocrx_word' id='word_1_783' title='bbox 3424 4511 3476 4564; x_wconf 86' lang='lat' dir='ltr'><strong>in</strong></span> <span class='ocrx_word' id='word_1_784' title='bbox 3524 4510 3684 4572; x_wconf 72' lang='lat' dir='ltr'><strong>cmlo,</strong></span> 
     </span>
    </p>
   </div>
   <div class='ocr_carea' id='block_1_112' title="bbox 2112 4599 3707 4671">
    <p class='ocr_par' dir='ltr' id='par_1_112' title="bbox 2112 4599 3707 4671">
     <span class='ocr_line' id='line_1_112' title="bbox 2112 4599 3707 4671; baseline -0.005 -11"><span class='ocrx_word' id='word_1_785' title='bbox 2112 4606 2385 4660; x_wconf 89' lang='lat' dir='ltr'><strong>hominum</strong></span> <span class='ocrx_word' id='word_1_786' title='bbox 2442 4605 2494 4657; x_wconf 93' lang='lat' dir='ltr'><strong>in</strong></span> <span class='ocrx_word' id='word_1_787' title='bbox 2548 4614 2711 4668; x_wconf 90' lang='lat' dir='ltr'><strong>terra,</strong></span> <span class='ocrx_word' id='word_1_788' title='bbox 2764 4604 3049 4671; x_wconf 74' lang='lat' dir='ltr'><strong>Spirituum</strong></span> <span class='ocrx_word' id='word_1_789' title='bbox 3102 4602 3517 4657; x_wconf 90' lang='lat' dir='ltr'><strong>immundorum.</strong></span> <span class='ocrx_word' id='word_1_790' title='bbox 3563 4599 3707 4654; x_wconf 63' lang='lat' dir='ltr'><strong>Tria.</strong></span> 
     </span>
    </p>
   </div>
   <div class='ocr_carea' id='block_1_113' title="bbox 2108 4690 3687 4764">
    <p class='ocr_par' dir='ltr' id='par_1_113' title="bbox 2108 4690 3687 4764">
     <span class='ocr_line' id='line_1_113' title="bbox 2108 4690 3687 4764; baseline -0.004 -14"><span class='ocrx_word' id='word_1_791' title='bbox 2108 4707 2233 4750; x_wconf 88' lang='lat' dir='ltr'><strong>sunt</strong></span> <span class='ocrx_word' id='word_1_792' title='bbox 2261 4697 2402 4750; x_wconf 90' lang='lat' dir='ltr'><strong>inter</strong></span> <span class='ocrx_word' id='word_1_793' title='bbox 2430 4696 2545 4749; x_wconf 62' lang='lat' dir='ltr'><strong>haec</strong></span> <span class='ocrx_word' id='word_1_794' title='bbox 2575 4706 2816 4764; x_wconf 84' lang='lat' dir='ltr'><strong>tempora</strong></span> <span class='ocrx_word' id='word_1_795' title='bbox 2854 4697 3061 4762; x_wconf 86' lang='lat' dir='ltr'><strong>mundi,</strong></span> <span class='ocrx_word' id='word_1_796' title='bbox 3095 4704 3220 4751; x_wconf 87' lang='lat' dir='ltr'><strong>ante</strong></span> <span class='ocrx_word' id='word_1_797' title='bbox 3246 4696 3443 4763; x_wconf 76' lang='lat' dir='ltr'><strong>legem,</strong></span> <span class='ocrx_word' id='word_1_798' title='bbox 3468 4693 3519 4746; x_wconf 91' lang='lat' dir='ltr'><strong>in</strong></span> <span class='ocrx_word' id='word_1_799' title='bbox 3543 4690 3687 4761; x_wconf 87' lang='lat' dir='ltr'><strong>lege,</strong></span> 
     </span>
    </p>
   </div>
   <div class='ocr_carea' id='block_1_114' title="bbox 2110 4782 3688 4858">
    <p class='ocr_par' dir='ltr' id='par_1_114' title="bbox 2110 4782 3688 4858">
     <span class='ocr_line' id='line_1_114' title="bbox 2110 4782 3688 4858; baseline -0.003 -18"><span class='ocrx_word' id='word_1_800' title='bbox 2110 4788 2211 4841; x_wconf 88' lang='lat' dir='ltr'><strong>sub</strong></span> <span class='ocrx_word' id='word_1_801' title='bbox 2239 4789 2431 4855; x_wconf 85' lang='lat' dir='ltr'><strong>gratia.</strong></span> <span class='ocrx_word' id='word_1_802' title='bbox 2465 4787 2602 4842; x_wconf 88' lang='lat' dir='ltr'><strong>Tres</strong></span> <span class='ocrx_word' id='word_1_803' title='bbox 2631 4801 2844 4858; x_wconf 81' lang='lat' dir='ltr'><strong>quoque</strong></span> <span class='ocrx_word' id='word_1_804' title='bbox 2894 4798 3076 4857; x_wconf 88' lang='lat' dir='ltr'><strong>partes</strong></span> <span class='ocrx_word' id='word_1_805' title='bbox 3105 4787 3367 4842; x_wconf 77' lang='lat' dir='ltr'><strong>habentur</strong></span> <span class='ocrx_word' id='word_1_806' title='bbox 3396 4794 3453 4840; x_wconf 91' lang='lat' dir='ltr'><strong>et</strong></span> <span class='ocrx_word' id='word_1_807' title='bbox 3501 4782 3649 4837; x_wconf 85' lang='lat' dir='ltr'><strong>orbis</strong></span> <span class='ocrx_word' id='word_1_808' title='bbox 3676 4826 3688 4846; x_wconf 93' lang='lat'><strong>,</strong></span> 
     </span>
    </p>
   </div>
   <div class='ocr_carea' id='block_1_115' title="bbox 2112 4878 3692 4953">
    <p class='ocr_par' dir='ltr' id='par_1_115' title="bbox 2112 4878 3692 4953">
     <span class='ocr_line' id='line_1_115' title="bbox 2112 4878 3692 4953; baseline -0.002 -20"><span class='ocrx_word' id='word_1_809' title='bbox 2112 4879 2260 4945; x_wconf 80' lang='lat' dir='ltr'><strong>Asia,</strong></span> <span class='ocrx_word' id='word_1_810' title='bbox 2292 4887 2346 4933; x_wconf 91' lang='lat' dir='ltr'><strong>et</strong></span> <span class='ocrx_word' id='word_1_811' title='bbox 2378 4879 2611 4949; x_wconf 85' lang='lat' dir='ltr'><strong>Europa,</strong></span> <span class='ocrx_word' id='word_1_812' title='bbox 2642 4881 2726 4936; x_wconf 90' lang='lat' dir='ltr'><strong>vel</strong></span> <span class='ocrx_word' id='word_1_813' title='bbox 2754 4881 2942 4953; x_wconf 83' lang='lat' dir='ltr'><strong>Libya.</strong></span> <span class='ocrx_word' id='word_1_814' title='bbox 2967 4880 3159 4935; x_wconf 80' lang='lat' dir='ltr'><strong>Tertiis</strong></span> <span class='ocrx_word' id='word_1_815' title='bbox 3182 4896 3391 4951; x_wconf 86' lang='lat' dir='ltr'><strong>quoque</strong></span> <span class='ocrx_word' id='word_1_816' title='bbox 3420 4878 3692 4934; x_wconf 87' lang='lat' dir='ltr'><strong>mensibus</strong></span> 
     </span>
    </p>
   </div>
   <div class='ocr_carea' id='block_1_116' title="bbox 2110 5012 3690 5085">
    <p class='ocr_par' dir='ltr' id='par_1_116' title="bbox 2110 5012 3690 5085">
     <span class='ocr_line' id='line_1_116' title="bbox 2110 5012 3690 5085; baseline 0.004 -20"><span class='ocrx_word' id='word_1_817' title='bbox 2110 5012 2307 5067; x_wconf 71' lang='lat' dir='ltr'><strong>Verum</strong></span> <span class='ocrx_word' id='word_1_818' title='bbox 2337 5014 2402 5069; x_wconf 87' lang='lat' dir='ltr'><strong>de</strong></span> <span class='ocrx_word' id='word_1_819' title='bbox 2434 5028 2499 5069; x_wconf 86' lang='lat' dir='ltr'><strong>eo</strong></span> <span class='ocrx_word' id='word_1_820' title='bbox 2528 5015 2660 5069; x_wconf 86' lang='lat' dir='ltr'><strong>satis</strong></span> <span class='ocrx_word' id='word_1_821' title='bbox 2689 5029 2957 5085; x_wconf 87' lang='lat' dir='ltr'><strong>superque</strong></span> <span class='ocrx_word' id='word_1_822' title='bbox 2981 5016 3323 5079; x_wconf 88' lang='lat' dir='ltr'><strong>interpretes,</strong></span> <span class='ocrx_word' id='word_1_823' title='bbox 3354 5012 3550 5085; x_wconf 83' lang='lat' dir='ltr'><strong>aliique</strong></span> <span class='ocrx_word' id='word_1_824' title='bbox 3588 5015 3690 5071; x_wconf 84' lang='lat' dir='ltr'><strong>viri</strong></span> 
     </span>
    </p>
   </div>
   <div class='ocr_carea' id='block_1_117' title="bbox 2106 5084 3686 5153">
    <p class='ocr_par' dir='ltr' id='par_1_117' title="bbox 2106 5084 3686 5153">
     <span class='ocr_line' id='line_1_117' title="bbox 2106 5084 3686 5153; baseline 0.002 -16"><span class='ocrx_word' id='word_1_825' title='bbox 2106 5085 2275 5145; x_wconf 80' lang='lat' dir='ltr'><strong>docti,</strong></span> <span class='ocrx_word' id='word_1_826' title='bbox 2304 5087 2389 5153; x_wconf 87' lang='lat' dir='ltr'><strong>qui</strong></span> <span class='ocrx_word' id='word_1_827' title='bbox 2426 5084 2783 5153; x_wconf 85' lang='lat' dir='ltr'><strong>peculiaribus</strong></span> <span class='ocrx_word' id='word_1_828' title='bbox 2813 5086 3285 5140; x_wconf 86' lang='lat' dir='ltr'><strong>dissertationibus</strong></span> <span class='ocrx_word' id='word_1_829' title='bbox 3315 5084 3686 5140; x_wconf 83' lang='lat' dir='ltr'><strong>auctoritatem</strong></span> 
     </span>
    </p>
   </div>
   <div class='ocr_carea' id='block_1_118' title="bbox 2106 5155 3689 5226">
    <p class='ocr_par' dir='ltr' id='par_1_118' title="bbox 2106 5155 3689 5226">
     <span class='ocr_line' id='line_1_118' title="bbox 2106 5155 3689 5226; baseline 0.003 -18"><span class='ocrx_word' id='word_1_830' title='bbox 2106 5170 2295 5208; x_wconf 88' lang='lat' dir='ltr'><strong>eorum</strong></span> <span class='ocrx_word' id='word_1_831' title='bbox 2340 5158 2624 5226; x_wconf 69' lang='lat' dir='ltr'><strong>verborum</strong></span> <span class='ocrx_word' id='word_1_832' title='bbox 2678 5172 2743 5210; x_wconf 76' lang='lat' dir='ltr'><strong>ex</strong></span> <span class='ocrx_word' id='word_1_833' title='bbox 2770 5157 3155 5226; x_wconf 59' lang='lat' dir='ltr'><strong>antiquissimis</strong></span> <span class='ocrx_word' id='word_1_834' title='bbox 3195 5155 3477 5209; x_wconf 83' lang='lat' dir='ltr'><strong>Codicibus</strong></span> <span class='ocrx_word' id='word_1_835' title='bbox 3525 5158 3689 5213; x_wconf 84' lang='lat' dir='ltr'><strong>susti-</strong></span> 
     </span>
    </p>
   </div>
   <div class='ocr_carea' id='block_1_119' title="bbox 2108 5225 3503 5293">
    <p class='ocr_par' dir='ltr' id='par_1_119' title="bbox 2108 5225 3503 5293">
     <span class='ocr_line' id='line_1_119' title="bbox 2108 5225 3503 5293; baseline -0.001 -14"><span class='ocrx_word' id='word_1_836' title='bbox 2108 5237 2357 5289; x_wconf 85' lang='lat' dir='ltr'><strong>nuerunt,</strong></span> <span class='ocrx_word' id='word_1_837' title='bbox 2391 5235 2448 5278; x_wconf 91' lang='lat' dir='ltr'><strong>ut</strong></span> <span class='ocrx_word' id='word_1_838' title='bbox 2477 5225 2679 5282; x_wconf 75' lang='lat' dir='ltr'><strong>Natalis</strong></span> <span class='ocrx_word' id='word_1_839' title='bbox 2707 5225 3033 5293; x_wconf 81' lang='lat' dir='ltr'><strong>Alexander,</strong></span> <span class='ocrx_word' id='word_1_840' title='bbox 3077 5227 3368 5292; x_wconf 74' lang='lat' dir='ltr'><strong>tialmctus,</strong></span> <span class='ocrx_word' id='word_1_841' title='bbox 3398 5236 3503 5279; x_wconf 85' lang='lat' dir='ltr'><strong>etc.</strong></span> 
     </span>
    </p>
   </div>
   <div class='ocr_carea' id='block_1_120' title="bbox 2178 5294 3691 5368">
    <p class='ocr_par' dir='ltr' id='par_1_120' title="bbox 2178 5294 3691 5368">
     <span class='ocr_line' id='line_1_120' title="bbox 2178 5294 3691 5368; baseline 0.001 -17"><span class='ocrx_word' id='word_1_842' title='bbox 2178 5294 2269 5351; x_wconf 81' lang='grc'><strong>18.</strong></span> <span class='ocrx_word' id='word_1_843' title='bbox 2314 5296 2587 5351; x_wconf 84' lang='lat' dir='ltr'><strong>Librarius</strong></span> <span class='ocrx_word' id='word_1_844' title='bbox 2638 5298 2865 5352; x_wconf 80' lang='lat' dir='ltr'><strong>fortasse</strong></span> <span class='ocrx_word' id='word_1_845' title='bbox 2905 5299 3087 5351; x_wconf 87' lang='lat' dir='ltr'><strong>omisit</strong></span> <span class='ocrx_word' id='word_1_846' title='bbox 3129 5298 3181 5349; x_wconf 81' lang='lat' dir='ltr'><strong>in</strong></span> <span class='ocrx_word' id='word_1_847' title='bbox 3220 5313 3341 5353; x_wconf 85' lang='lat' dir='ltr'><strong>aere</strong></span> <span class='ocrx_word' id='word_1_848' title='bbox 3371 5306 3489 5364; x_wconf 88' lang='lat' dir='ltr'><strong>post</strong></span> <span class='ocrx_word' id='word_1_849' title='bbox 3536 5299 3691 5368; x_wconf 75' lang='lat' dir='ltr'><strong>spiri-</strong></span> 
     </span>
    </p>
   </div>
   <div class='ocr_carea' id='block_1_121' title="bbox 2102 5368 3683 5439">
    <p class='ocr_par' dir='ltr' id='par_1_121' title="bbox 2102 5368 3683 5439">
     <span class='ocr_line' id='line_1_121' title="bbox 2102 5368 3683 5439; baseline 0.002 -19"><span class='ocrx_word' id='word_1_850' title='bbox 2102 5378 2248 5425; x_wconf 84' lang='lat' dir='ltr'><strong>tuum</strong></span> <span class='ocrx_word' id='word_1_851' title='bbox 2272 5368 2670 5423; x_wconf 82' lang='lat' dir='ltr'><strong>immundorum.</strong></span> <span class='ocrx_word' id='word_1_852' title='bbox 2704 5371 2934 5424; x_wconf 80' lang='lat' dir='ltr'><strong>Sanctus</strong></span> <span class='ocrx_word' id='word_1_853' title='bbox 2970 5368 3350 5439; x_wconf 80' lang='lat' dir='ltr'><strong>Hieronymus,</strong></span> <span class='ocrx_word' id='word_1_854' title='bbox 3384 5371 3433 5422; x_wconf 90' lang='lat' dir='ltr'><strong>in</strong></span> <span class='ocrx_word' id='word_1_855' title='bbox 3482 5370 3683 5439; x_wconf 53' lang='lat' dir='ltr'><strong>I&#39;Tphes.</strong></span> 
     </span>
    </p>
   </div>
   <div class='ocr_carea' id='block_1_122' title="bbox 2102 5440 3691 5509">
    <p class='ocr_par' dir='ltr' id='par_1_122' title="bbox 2102 5440 3691 5509">
     <span class='ocr_line' id='line_1_122' title="bbox 2102 5440 3691 5509; baseline 0.004 -16"><span class='ocrx_word' id='word_1_856' title='bbox 2102 5456 2172 5509; x_wconf 78' lang='lat' dir='ltr'><strong>Vl,</strong></span> <span class='ocrx_word' id='word_1_857' title='bbox 2208 5442 2273 5496; x_wconf 70' lang='lat' dir='ltr'><strong>l9.</strong></span> <span class='ocrx_word' id='word_1_858' title='bbox 2305 5458 2317 5494; x_wconf 88' lang='lat'><strong>:</strong></span> <span class='ocrx_word' id='word_1_859' title='bbox 2358 5440 2479 5494; x_wconf 65' lang='lat' dir='ltr'><strong>llaec</strong></span> <span class='ocrx_word' id='word_1_860' title='bbox 2502 5441 2728 5494; x_wconf 82' lang='lat' dir='ltr'><strong>omnium</strong></span> <span class='ocrx_word' id='word_1_861' title='bbox 2754 5441 3017 5494; x_wconf 82' lang='lat' dir='ltr'><strong>doctorum</strong></span> <span class='ocrx_word' id='word_1_862' title='bbox 3044 5440 3220 5505; x_wconf 81' lang='lat' dir='ltr'><strong>Opinio</strong></span> <span class='ocrx_word' id='word_1_863' title='bbox 3239 5451 3335 5505; x_wconf 80' lang='lat' dir='ltr'><strong>est,</strong></span> <span class='ocrx_word' id='word_1_864' title='bbox 3363 5441 3501 5509; x_wconf 76' lang='lat' dir='ltr'><strong>quod</strong></span> <span class='ocrx_word' id='word_1_865' title='bbox 3527 5457 3691 5499; x_wconf 82' lang='lat' dir='ltr'><strong>aer...</strong></span> 
     </span>
    </p>
   </div>
   <div class='ocr_carea' id='block_1_123' title="bbox 2098 5511 3691 5582">
    <p class='ocr_par' dir='ltr' id='par_1_123' title="bbox 2098 5511 3691 5582">
     <span class='ocr_line' id='line_1_123' title="bbox 2098 5511 3691 5582; baseline 0 -17"><span class='ocrx_word' id='word_1_866' title='bbox 2098 5515 2280 5579; x_wconf 82' lang='lat' dir='ltr'><strong>plenus</strong></span> <span class='ocrx_word' id='word_1_867' title='bbox 2306 5513 2372 5564; x_wconf 84' lang='lat' dir='ltr'><strong>sit</strong></span> <span class='ocrx_word' id='word_1_868' title='bbox 2402 5513 2673 5566; x_wconf 84' lang='lat' dir='ltr'><strong>contrariis</strong></span> <span class='ocrx_word' id='word_1_869' title='bbox 2705 5511 3167 5582; x_wconf 78' lang='lat' dir='ltr'><strong>potestatibus._lta</strong></span> <span class='ocrx_word' id='word_1_870' title='bbox 3202 5511 3291 5582; x_wconf 85' lang='lat' dir='ltr'><strong>alii</strong></span> <span class='ocrx_word' id='word_1_871' title='bbox 3318 5520 3532 5566; x_wconf 82' lang='lat' dir='ltr'><strong>veteres</strong></span> <span class='ocrx_word' id='word_1_872' title='bbox 3567 5527 3691 5582; x_wconf 85' lang='lat' dir='ltr'><strong>pas-</strong></span> 
     </span>
    </p>
   </div>
   <div class='ocr_carea' id='block_1_124' title="bbox 2096 5580 3695 5664">
    <p class='ocr_par' dir='ltr' id='par_1_124' title="bbox 2096 5580 3695 5664">
     <span class='ocr_line' id='line_1_124' title="bbox 2096 5580 3695 5664; baseline 0 -27"><span class='ocrx_word' id='word_1_873' title='bbox 2096 5585 2218 5639; x_wconf 84' lang='lat' dir='ltr'><strong>sim.</strong></span> <span class='ocrx_word' id='word_1_874' title='bbox 2249 5582 2647 5664; x_wconf 23' lang='lat' dir='ltr'><strong>Quodtdicitur</strong></span> <span class='ocrx_word' id='word_1_875' title='bbox 2693 5583 2770 5638; x_wconf 75' lang='lat' dir='ltr'><strong>vel</strong></span> <span class='ocrx_word' id='word_1_876' title='bbox 2818 5580 3006 5653; x_wconf 77' lang='lat' dir='ltr'><strong>Libya,</strong></span> <span class='ocrx_word' id='word_1_877' title='bbox 3060 5580 3359 5638; x_wconf 82' lang='lat' dir='ltr'><strong>lsitloriano</strong></span> <span class='ocrx_word' id='word_1_878' title='bbox 3411 5580 3578 5638; x_wconf 77' lang='lat' dir='ltr'><strong>more</strong></span> <span class='ocrx_word' id='word_1_879' title='bbox 3614 5584 3695 5637; x_wconf 82' lang='lat' dir='ltr'><strong>vet</strong></span> 
     </span>
    </p>
   </div>
   <div class='ocr_carea' id='block_1_125' title="bbox 2099 5662 2531 5722">
    <p class='ocr_par' dir='ltr' id='par_1_125' title="bbox 2099 5662 2531 5722">
     <span class='ocr_line' id='line_1_125' title="bbox 2099 5662 2531 5722; baseline 0.012 -19"><span class='ocrx_word' id='word_1_880' title='bbox 2099 5670 2193 5721; x_wconf 89' lang='lat' dir='ltr'><strong>pro</strong></span> <span class='ocrx_word' id='word_1_881' title='bbox 2223 5667 2267 5709; x_wconf 86' lang='lat' dir='ltr'><strong>ct</strong></span> <span class='ocrx_word' id='word_1_882' title='bbox 2302 5662 2531 5722; x_wconf 86' lang='lat' dir='ltr'><strong>ponitur.</strong></span> 
     </span>
    </p>
   </div>
  </div>
