4108 6178
471 198 571 254 {35

1512 201 1573 257 S.
1617 198 1866 257 lSlDOlil
1904 197 2345 255 HISPALENSIS
2398 197 2704 255 EPISCOPI

3635 206 3732 261 186

461 315 585 371 atmi
618 322 857 384 tempora
886 317 1311 388 distinguuntur,
1337 326 1391 373 et
1416 332 1597 372 coram
1628 316 1800 371 tribus
1826 316 2051 370 testibus
2077 334 2124 389 Α
2156 312 2327 367 titudo
2356 322 2412 367 et
2435 314 2784 381 temperantia
2814 330 2828 379 ;
2865 313 3193 385 totidemque
3217 331 3249 371 e
3274 316 3547 371 contrario
3582 319 3733 385 vitia,

462 408 604 460 actio
630 418 819 462 cuncta
850 409 1052 464 linitur.

1103 498 1330 554 CAPUT
1373 500 1433 552 V.

924 591 999 643 De
1023 592 1347 658 quaternario
1378 607 1607 645 numero.

539 681 624 735 i9.
668 682 800 749 Quid
833 691 1056 750 quatuor
1086 683 1283 748 dicam,
1316 684 1367 737 in
1400 700 1505 753 quo
1536 699 1759 738 numero
1807 684 2047 738 solidita-

463 777 531 831 tis
554 788 697 831 certa
731 776 988 845 perfectio
1039 780 1165 830 est?
1197 777 1326 830 Nam
1357 792 1423 831 ex
1454 778 1817 847 longitudine,
1842 788 1895 831 et
1928 776 2047 830 lati-

466 869 667 928 tudine,
700 878 753 921 et
787 866 1146 935 profunditate
1193 870 1539 939 componitur
1569 870 1750 935 decas,
1787 885 1905 939 quae
1936 870 2046 938 ple-

464 975 588 1012 num
618 959 809 1023 efficit;
841 959 1027 1013 decem
1061 962 1203 1014 enim
1230 976 1295 1015 ex
1327 971 1559 1031 quatuor
1587 962 1825 1015 numeris
1852 961 2047 1029 grada-

464 1049 557 1102 tim
608 1050 951 1118 surgentibns
978 1052 1294 1123 intcgrator.
1329 1053 1498 1108 Unum
1532 1054 1696 1118 enim,
1738 1062 1795 1106 et
1837 1053 1961 1116 duo,
1994 1061 2048 1106 et

465 1145 585 1209 tria,
607 1152 661 1197 et
687 1154 912 1211 quatuor
928 1144 1117 1200 decem
1149 1146 1366 1199 faciunt.
1389 1146 1649 1202 Similiter
1672 1157 1724 1200 et
1745 1156 1959 1199 centum
1979 1160 2045 1199 ex

464 1239 627 1308 225
652 1238 853 1291 decade
878 1238 1222 1307 quaternario
1254 1240 1578 1304 cumulatus,
1609 1239 1659 1292 id
1687 1246 1793 1304 est,
1821 1237 2007 1292 decem
2030 1279 2043 1302 ,

464 1331 746 1399 etviginti,
765 1337 821 1383 et
838 1330 1072 1396 triginta,
1095 1343 1143 1383 et
1161 1331 1533 1400 quadraginta,
1559 1330 1643 1398 qui
1664 1340 1787 1384 sunt
1808 1340 2043 1384 centum.

462 1421 594 1474 item
625 1437 688 1475 ac
720 1432 948 1491 quatuor
984 1425 1187 1477 numeri
1218 1424 1364 1477 mille
1392 1423 1617 1476 reddunt
1648 1440 1660 1488 ;
1703 1424 1751 1475 id
1776 1435 1857 1477 est
1878 1438 1929 1486 c,
1956 1437 2044 1487 cc,

459 1528 578 1577 ccc.
608 1529 759 1569 cccc.
792 1514 881 1569 Sic
905 1517 1090 1570 decem
1117 1517 1305 1582 millia,
1331 1527 1632 1583 caeteraque
1657 1516 1846 1569 eodem
1873 1516 2046 1569 incre-

464 1619 645 1661 tnento
670 1609 1026 1679 complentur.

2151 406 2443 473 cupiditas,
2478 418 2671 470 metus,
2705 405 2860 460 dolor
2883 415 2936 461 et
2959 407 3234 475 gaudium.

2218 500 2311 555 24.
2353 502 2651 554 Mortalintn
2692 516 2904 570 quoque
2950 517 3128 554 rerum
3156 512 3384 569 quatuor
3415 502 3536 555 vitae
3581 514 3726 566 sunt,

2151 589 2379 652 initium,
2429 600 2793 659 augmentum,
2844 601 3011 643 status
3056 603 3109 645 et
3156 592 3464 645 declinatio.
3496 593 3735 657 Quatuor

2149 681 2308 732 etiam
2338 696 2533 749 genera
2579 681 2885 735 animalium
2919 683 2972 734 in
3004 684 3203 735 mundo
3237 684 3519 748 habentur,
3554 684 3604 736 id
3629 696 3733 746 est,

2149 775 2408 835 ctelestia,
2443 775 2755 842 pennigera,
2787 774 3059 841 aquatilia.
3089 776 3201 829 sive
3230 777 3523 832 terre~tria.
3555 777 3651 831 lris
3675 788 3734 830 et

2151 867 2266 933 ipse
2295 867 2532 920 cmlesns
2561 866 2952 936 quadricoloris
2980 869 3268 937 splendore
3294 871 3547 922 variatur.
3594 869 3731 936 Qna~

2150 968 2270 1013 tuor
2299 976 2509 1029 quoque
2539 961 2923 1030 quadrantibus
2976 961 3111 1014 ratio
3162 961 3388 1015 bissexti
3434 962 3730 1030 colligitur.

2776 1050 3004 1106 CAPUT
3046 1051 3133 1106 Vl.

2535 1146 2697 1215 226
2730 1143 2805 1198 De
2830 1146 3064 1214 qninario
3088 1162 3322 1199 numero.

2219 1234 2316 1291 25.
2372 1236 2624 1306 Sequitur
2676 1238 2954 1304 Quinarius
2979 1254 3254 1300 numerus.
3307 1239 3420 1309 qui,
3467 1240 3582 1293 sive
3611 1252 3731 1294 cum

2150 1328 2269 1381 aliis
2324 1328 2639 1397 imparibus,
2671 1331 2788 1384 sive
2838 1345 2958 1384 cum
2992 1345 3091 1384 suo
3130 1346 3327 1399 genere
3377 1331 3632 1394 sociatur,
3680 1346 3737 1385 so

2149 1436 2367 1489 semper
2397 1422 2653 1476 oetendit.
2686 1423 2816 1475 Nam
2849 1423 3082 1492 quinque
3108 1439 3201 1491 per
3230 1424 3516 1494 quinquies
3538 1424 3740 1480 faciunt

2148 1513 2331 1583 viginti
2383 1515 2636 1582 quinque,
2687 1525 2743 1567 et
2788 1517 3069 1585 quinquies
3118 1517 3251 1570 terni
3309 1516 3633 1585 quindecim,
3687 1530 3739 1571 et

2147 1605 2430 1674 quinquies
2460 1613 2665 1673 septem
2701 1606 2911 1676 triginta
2940 1608 3208 1677 quinque;
3239 1618 3293 1661 et
3321 1607 3604 1677 quinquies
3644 1624 3741 1663 no-

531 1698 623 1755 20.
648 1700 912 1754 Nummus
938 1714 1112 1755 autem
1147 1700 1247 1754 iste
1270 1700 1562 1769 quadratus
1584 1699 2040 1769 evangelistarum
2078 1704 2125 1762 B
2154 1709 2270 1747 vem
2319 1695 2675 1765 quadraginta
2729 1697 2985 1765 quinque.
3022 1697 3118 1751 llic
3177 1709 3431 1767 praeterea
3486 1716 3740 1757 numerus

462 1802 691 1861 quatuor
720 1792 1030 1860 deputatur,
1061 1792 1151 1861 qui
1186 1794 1236 1844 in
1267 1802 1495 1860 quatuor
1522 1801 1720 1861 partes,
1756 1793 1836 1844 vel
1867 1791 1918 1843 in
1952 1805 2050 1842 an-

461 1884 616 1952 gulos
660 1884 840 1936 tttundi
889 1882 989 1937 fusi
1013 1894 1158 1937 sunt.
1201 1884 1515 1953 Quanquam
1561 1892 1616 1937 et
1664 1893 1892 1949 quatuor
1926 1892 2052 1934 sunt

468 1976 699 2044 paradisi
744 1976 987 2039 ﬂumina,
1024 1992 1143 2045 quae
1192 1988 1358 2031 totum
1408 1976 1595 2030 orbem
1650 1975 2048 2028 circumlinunt.

463 2072 598 2122 Area
652 2084 864 2138 quoque
894 2069 1006 2123 Noe
1034 2072 1312 2137 quadratis
1344 2070 1505 2141 lignis
1556 2070 1906 2123 construitur.
1938 2068 2040 2123 'l‘e-

460 2159 715 2212 statnenti
740 2160 973 2229 denique
1010 2174 1132 2215 arca
1165 2169 1393 2231 quatuor
1423 2160 1600 2213 aureis
1628 2158 1847 2213 circulis
1890 2158 2051 2213 velte-

459 2250 637 2304 batur.

528 2338 619 2394 2i.
665 2339 840 2393 Vestis
892 2341 1054 2394 etiam
1082 2340 1436 2395 sacerdotalis
1464 2341 1514 2393 in
1549 2341 1665 2410 lege
1694 2350 1922 2409 quatuor
1950 2356 2043 2393 co-

458 2432 685 2500 loribus,
736 2433 786 2487 id
838 2444 940 2499 est,
994 2435 1302 2504 hyacintho,
1339 2434 1522 2503 bysso,
1561 2448 1746 2498 cocco,
1783 2448 2046 2501 purpura-

456 2539 561 2591 que
584 2542 649 2579 ex
700 2541 832 2579 auro
860 2528 1186 2582 contexitur.
1248 2526 1514 2581 Prmterea
1564 2536 1616 2580 et
1643 2540 1874 2596 quatuor
1906 2525 2045 2580 venti

460 2627 617 2671 terra:
658 2619 710 2672 in
758 2619 1047 2674 Ezechiele
1093 2620 1350 2688 aSpirant,
1402 2628 1459 2673 ut
1504 2620 1556 2673 itt
1589 2620 1807 2689 figuram
1855 2619 2045 2672 futurae

460 2712 867 2764 resurrectionis
913 2712 1061 2766 arida
1115 2727 1241 2766 ossa
1286 2722 1656 2782 consurgant;
1711 2713 2043 2782 totidemque

457 2802 603 2856 venti
630 2803 776 2868 eteli,
810 2802 862 2857 id
889 2814 992 2872 est,
1018 2803 1275 2873 angelica:
1307 2813 1622 2874 potestates,
1659 2805 1798 2874 apud
1852 2805 2045 2860 Danie-

460 2895 566 2947 lem
603 2904 924 2964 pugnantes,
977 2894 1189 2949 irruunt
1239 2894 1292 2949 in
1324 2910 1473 2949 mare
1504 2895 1659 2963 hujus
1700 2894 1881 2949 saeculi
1931 2909 2045 2948 ma-

454 3000 635 3051 gnum.
666 2984 810 3040 Idem
840 3000 1054 3055 quoque
1078 2986 1255 3043 Daniel
1291 2994 1522 3055 quatuor
1548 3000 1711 3056 regna
1737 2985 1920 3041 mundi
1942 2986 2043 3041 sub

448 3078 679 3132 diversis
708 3079 893 3148 figuris
918 3080 1159 3148 exponit.

518 3169 611 3225 22.
643 3170 902 3227 Similiter
927 3172 1218 3227 Zacharias
1245 3182 1477 3241 quatuor
1505 3188 1705 3228 cornua
1755 3188 2039 3244 regnorum

451 3265 781 3332 totidemque
857 3262 1033 3319 fabros
1087 3264 1392 3330 describit,
1445 3275 1499 3319 et
1547 3273 1777 3335 quatuor
1825 3266 2043 3335 quadri-

450 3373 541 3426 gas
596 3355 913 3426 Evangelii,
985 3358 1177 3412 missas
1236 3360 1288 3411 in
1343 3368 1572 3427 quatuor
1626 3357 1876 3413 cardines
1935 3373 2036 3413 ete-

449 3448 502 3501 ti.
558 3450 686 3504 Item
739 3449 877 3516 apud
922 3448 1181 3503 Joannem
1230 3462 1465 3520 quatuor
1538 3448 1788 3502 animalia
1858 3450 2039 3505 vultus

449 3539 547 3593 sibi
578 3539 875 3594 differentis
903 3540 1303 3605 describuntur,
1337 3539 1425 3608 qui
1459 3541 1509 3593 in
1545 3542 1692 3594 senis
1723 3540 1823 3593 alis
1854 3556 2039 3594 nume-

451 3646 568 3684 rum
599 3630 782 3699 viginti
815 3641 1043 3700 quatuor
1074 3633 1350 3685 seniorum
1382 3632 1644 3685 efticiunt.
1690 3631 1746 3684 In
1778 3632 2037 3685 creaturis

451 3732 630 3778 autem
663 3738 841 3778 rerum
896 3733 1125 3793 quatuor
1178 3732 1307 3778 sunt
1353 3734 1509 3778 terra:
1562 3735 1760 3792 partes,
1810 3736 2040 3793 quatuor

449 3814 570 3870 cmli
599 3814 822 3884 frontes,
853 3815 1065 3884 Oriens,
1099 3814 1362 3871 Occidens
1382 3859 1397 3883 ,
1426 3817 1753 3885 Septentrio,
1782 3818 1895 3871 sive
1923 3818 2038 3872 Me-

449 3909 634 3965 ridies.

518 4001 610 4056 23.
653 4002 893 4070 Quatuor
921 4005 1084 4057 etiam
1133 4002 1317 4058 mundi
1347 4003 1615 4058 elementa
1647 4001 1936 4066 habentur,
1971 4017 2037 4054 ex

450 4096 646 4161 quibus
696 4098 947 4149 universa
1003 4096 1326 4161 subsistunt,
1375 4095 1538 4166 ignis,
1607 4110 1722 4159 aer,
1780 4109 1935 4164 aqua,
1986 4104 2038 4148 et

453 4197 621 4241 terra.
654 4189 840 4241 Annus
871 4202 1085 4256 quoque
1132 4197 1361 4256 quatuor
1393 4186 1724 4255 temporibus
1766 4186 1995 4239 volvitur
2019 4226 2035 4251 ,

455 4278 682 4343 metatis,
713 4279 979 4344 autumni,
1012 4279 1203 4333 hiemis
1234 4287 1395 4345 atque
1430 4278 1593 4331 veris.
1647 4277 1760 4345 lpsa
1808 4278 2039 4347 denique

454 4367 686 4423 hominis
715 4380 904 4423 natura
929 4385 995 4424 ex
1017 4381 1246 4438 quatuor
1268 4378 1351 4424 est
1372 4370 1656 4424 elementis
1680 4379 1953 4433 concreta,
1971 4383 2035 4422 ex

2158 1789 2259 1855 legi
2285 1798 2365 1841 est
2397 1789 2722 1851 attributus;
2760 1790 2840 1842 lex
2883 1791 3025 1843 enim
3058 1791 3293 1860 quinque
3320 1789 3471 1845 libris
3502 1793 3742 1862 comple-

2153 1883 2315 1935 ctitur
2359 1880 2543 1953 [Forte
2570 1881 3091 1953 comprehenditur].
3120 1881 3270 1937 Unde
3305 1884 3466 1939 etiam
3513 1896 3566 1938 et
3591 1887 3739 1955 Apo-

2153 1974 2349 2025 stolum
2386 1974 2436 2025 in
2468 1973 2704 2027 Ecclesia
2735 1974 2969 2041 quinque
3006 1973 3170 2027 verba
3214 1975 3356 2043 loqui
3384 1975 3638 2031 delectat.

2222 2063 2316 2120 26.
2357 2064 2463 2119 Sed
2519 2075 2572 2118 et
2622 2066 2856 2135 quinque
2906 2067 3102 2121 cubitis
3159 2069 3328 2122 altare
3381 2070 3429 2122 in
3483 2070 3600 2140 lege
3635 2087 3737 2139 per

2156 2156 2421 2224 quadrum
2478 2159 2849 2221 construitur;
2905 2158 3237 2226 totidemque
3289 2160 3447 2213 urbes
3494 2162 3546 2215 in
3604 2162 3737 2218 Isaia

2158 2247 2463 2302 Chananzca
2488 2248 2663 2315 lingua
2698 2249 3005 2317 loquuntur.
3050 2248 3189 2303 Sunt
3232 2259 3283 2303 et
3310 2252 3545 2320 quinque
3576 2253 3737 2321 virgi-

2153 2360 2248 2398 nes
2278 2346 2567 2411 prudentes
2602 2345 2652 2396 in
2710 2343 3019 2411 Evangelio,
3070 2356 3196 2398 sunt
3235 2353 3291 2398 et
3336 2345 3456 2399 alia;
3500 2346 3739 2416 quinque

2153 2435 2332 2489 fatuae.
2394 2436 2564 2489 Panes
2604 2449 2816 2503 quoque
2859 2435 3017 2489 divisi
3068 2438 3264 2505 populo
3293 2437 3545 2505 quinque.
3591 2437 3738 2493 Mnas

2153 2539 2410 2596 praeterea
2461 2528 2699 2596 quinque
2747 2534 2801 2580 et
2832 2528 3029 2579 talenta
3079 2528 3333 2595 quinque.
3369 2528 3496 2581 Item
3545 2543 3737 2584 secun-

2148 2621 2275 2674 dum
2329 2622 2512 2673 tnundi
2567 2619 2921 2690 philosophos
2968 2636 3118 2674 zona:
3151 2630 3305 2674 terrae
3356 2622 3631 2691 quinque,
3681 2632 3736 2677 et

2148 2713 2287 2779 apud
2320 2713 2543 2766 Latinos
2574 2711 2789 2765 vocales
2822 2711 3016 2766 litterae
3048 2711 3306 2780 quinque.

2218 2805 2311 2859 27.
2355 2807 2559 2859 Sensus
2590 2821 2803 2875 quoque
2841 2805 3086 2870 corporis
3117 2805 3375 2874 quinque,
3440 2806 3607 2867 visus.
3638 2820 3733 2858 au-

2147 2903 2314 2968 ditus,
2343 2902 2618 2967 odoratus,
2653 2910 2838 2972 gustus
2872 2912 2922 2953 et
2955 2908 3164 2963 tactus;
3212 2900 3542 2969 tmidemqne
3586 2899 3734 2953 habi-

2148 3006 2380 3049 tatorum
2418 2994 2599 3047 mundi
2630 3007 2849 3062 genera,
2884 2992 2934 3046 id
2966 3000 3070 3055 est,
3122 2992 3384 3055 homines,
3428 2991 3733 3061 quadrupe-

2068 3071 2114 3132 (ἶ
2148 3088 2267 3150 des,
2298 3089 2378 3141 vel
2410 3094 2700 3157 reptantes,
2735 3095 3000 3150 natantes,
3034 3086 3147 3140 sive
3168 3084 3429 3138 volantes.
3462 3083 3730 3138 Prwterea

2147 3190 2199 3233 et
2231 3179 2593 3247 quinquennio
2628 3178 2853 3231 lustrum
2887 3176 3103 3242 linitur,
3135 3174 3395 3245 t-lympias
3423 3173 3729 3243 quinquen-

2147 3271 2237 3324 nio
2269 3270 2610 3324 terminatur.

2738 3358 2965 3415 CAPUT
3007 3356 3115 3412 νη.

2647 3453 2725 3508 De
2752 3455 2955 3507 senario
3002 3467 3229 3507 numero.

2215 3548 2303 3602 28.
2363 3547 2608 3600 Senart‘us
2647 3560 2903 3599 numerus
2962 3546 3167 3613 primus
3223 3552 3276 3597 et
3318 3542 3621 3611 perfectus,
3672 3554 3728 3597 et

2148 3639 2390 3709 partibus
2419 3640 2533 3691 suis
2565 3638 2766 3705 primus
2802 3636 3071 3704 impletur.
3098 3635 3224 3689 Nam
3259 3645 3464 3688 sextam
3488 3633 3567 3686 sui
3592 3635 3725 3686 intra

2143 3732 2409 3796 continet,
2442 3730 2584 3800 quod
2622 3744 2786 3793 unus;
2823 3729 3032 3782 tertiam
3056 3769 3071 3793 ,
3124 3728 3281 3798 227
3310 3727 3450 3795 quod
3494 3727 3630 3789 duo;
3673 3737 3728 3779 et

2144 3822 2452 3880 dimidium.
2499 3822 2640 3890 quod
2688 3830 2831 3883 tres;
2866 3819 2979 3872 hare
3022 3818 3164 3872 enim
3218 3834 3423 3871 summa
3458 3819 3509 3871 in
3561 3833 3726 3870 unum

2143 3915 2325 3981 ducta,
2374 3916 2422 3967 id
2465 3924 2568 3979 est,
2618 3929 2804 3977 unum,
2838 3920 2893 3965 et
2940 3911 3069 3977 duo,
3106 3923 3161 3964 et
3207 3912 3307 3963 tria
3355 3925 3449 3963 sex
3497 3908 3722 3963 faciunt.

2141 4005 2325 4061 Nullus
2348 4016 2524 4059 autem
2553 4015 2677 4058 ante
2707 4002 2978 4057 senatium
3008 4002 3277 4055 invenitur
3308 4002 3395 4069 qui
3422 4002 3535 4054 suis
3563 3999 3725 4066 parti-

2144 4102 2262 4161 bus,
2305 4098 2430 4149 dtnn
2459 4096 2736 4163 dividitur,
2763 4094 3071 4161 impleatur,
3097 4095 3250 4161 cuius
3282 4090 3539 4161 perfectio
3564 4090 3724 4146 etiam

2142 4193 2257 4259 ipso
2286 4204 2451 4257 opere
2483 4188 2665 4241 mundi
2689 4187 2963 4241 clarescit.

2209 4281 2300 4335 29.
2332 4278 2435 4332 Sex
2458 4279 2599 4332 enim
2616 4278 2804 4331 diebus
2827 4276 3043 4343 perfecit
3065 4275 3202 4329 Deus
3222 4290 3383 4343 opera
3409 4290 3523 4329 sua.
3553 4274 3729 4328 Primo

2144 4372 2234 4426 die
2282 4368 2521 4423 condidit
2569 4366 2776 4430 lucem,
2817 4365 3052 4419 secundo
3093 4364 3520 4428 firmamentum,
3565 4362 3723 4416 tertio

452 4464 630 4519 calido
656 4473 710 4519 et
756 4463 965 4532 frigido,
997 4462 1214 4517 ltumido
1244 4473 1405 4533 atque
1451 4463 1614 4519 sicco.
1642 4461 1878 4515 Virtutes
1900 4476 2034 4529 quo-
2067 4444 2115 4502 ί)
2144 4465 2376 4531 speciem
2422 4459 2583 4513 maris
2614 4468 2668 4512 et
2696 4467 2851 4511 teme
2871 4501 2885 4525 ,
2910 4467 3097 4524 quarto
3120 4457 3293 4511 sidera
3314 4498 3328 4520 ,
3350 4458 3533 4525 quinto
3552 4463 3605 4509 et
3622 4454 3731 4524 pis-

453 4573 559 4624 que
572 4558 735 4612 animi
761 4566 989 4627 quatuor
1004 4557 1334 4623 scribuntur,
1353 4554 1585 4624 justitia,
1604 4554 1907 4624 prudentia,
1933 4553 2041 4608 for-

530 4744 616 4799 19.
660 4743 715 4797 In
765 4743 864 4797 Ms.
915 4740 1086 4807 magis
1116 4739 1399 4793 videbatur
1442 4738 1669 4802 plenam,
1720 4752 1882 4803 quam
1928 4734 2039 4804 ple-

456 4834 600 4871 num.
644 4814 898 4869 Fortasse
927 4813 1159 4864 lsidorus
1182 4812 1401 4873 scripsit
1429 4810 1633 4873 plenam
1656 4809 2035 4876 perfectionem,

454 4898 511 4942 et
563 4886 722 4948 paulo
768 4895 894 4938 ante
940 4882 1293 4951 profunditate
1338 4891 1384 4932 et
1432 4880 1765 4933 sublimitate.
1822 4878 2033 4932 Denarii

454 4958 838 5025 perfectionem
888 4950 1192 5028 stepi_8sime
1249 4960 1469 5005 sanctus
1516 4950 1843 5028 Augustinus
1892 4964 2040 5028 com-

456 5021 695 5092 inendat,
726 5042 885 5097 quem
920 5029 971 5079 in
1015 5025 1116 5078 hac
1157 5037 1508 5097 numerorum
1561 5021 1790 5090 mystica
1819 5021 2038 5086 exposi-

455 5102 601 5153 tione
633 5093 868 5153 Isidorus
899 5097 1126 5150 libenter
1153 5093 1417 5163 sequitur.

524 5170 615 5222 22.
658 5168 713 5221 lo
745 5170 843 5223 Ms.
873 5177 987 5220 erat
1005 5160 1326 5231 di/fereuiite.
1374 5163 1625 5217 Fortasse
1648 5160 1879 5214 lsidorus
1900 5162 2038 5231 scri-

458 5242 564 5307 psit
589 5240 731 5292 vultu
762 5238 857 5292 sibi
886 5230 1198 5304 eti/ferentia.
1247 5235 1323 5288 De
1353 5250 1410 5289 re
1433 5234 1547 5302 ipsa
1586 5231 1706 5286 vide
1737 5230 2039 5299 Apocalyp-

454 5326 557 5365 Slll.
589 5324 706 5363 can.
739 5324 813 5362 IV.

523 5351 614 5433 ἑςι.
661 5378 933 5442 Fortasse,
956 5374 1625 5449 quadricolorigsplendare.
1664 5372 1791 5433 lrin,
1824 5370 1936 5425 sive
1962 5388 2039 5449 ar-

454 5467 575 5504 cum
607 5451 882 5504 caelestem
911 5443 1153 5504 colorum
1178 5446 1437 5501 familiam
1462 5460 1675 5499 omnem
1706 5457 1914 5509 pari-re,
1960 5443 2040 5493 ni-

452 5536 550 5591 gro
574 5523 804 5591 alboque
831 5518 1099 5573 coloribus
1150 5516 1413 5580 exceptis,
1447 5516 1664 5569 tradunt
1695 5513 1728 5565 ii
1770 5514 1858 5581 qui
1892 5513 2037 5580 pltat-

457 5590 675 5646 nomeni
710 5590 868 5659 hujus
899 5602 1142 5643 naturam
1174 5602 1425 5643 accurate
1465 5596 1885 5653 expresserunt;
1931 5600 2031 5659 qua

462 5664 522 5719 tle
548 5678 629 5730 re,
661 5656 855 5734 praeter
885 5659 1132 5731 pltysices
1152 5669 1205 5716 et
1228 5660 1428 5728 optices
1449 5659 1735 5729 scriptores
1752 5697 1767 5723 ,
1795 5656 2034 5712 nonnulli

2145 4569 2271 4619 ces,
2298 4562 2351 4606 et
2383 4550 2648 4613 volatilia,
2680 4558 2840 4603 sexto
2871 4547 3142 4602 hominem
3162 4588 3175 4612 ,
3215 4558 3376 4616 atque
3414 4546 3729 4600 animantia.

2145 4734 2439 4802 peculiares
2471 4740 2727 4785 tractatus
2751 4740 2983 4785 exstant.
3022 4730 3255 4783 lsidorus
3281 4729 3514 4802 fortasse
3556 4728 3731 4781 innuit

2147 4800 2374 4873 quatuor
2404 4818 2524 4857 esse
2568 4804 2864 4871 praecipuos
2893 4802 3126 4867 colores,
3159 4802 3244 4866 qui
3278 4801 3328 4853 in
3380 4800 3516 4853 iride
3556 4814 3733 4866 appa-

2143 4886 2280 4933 rent.
2314 4875 2403 4944 qui
2435 4886 2610 4927 tamen
2637 4876 2777 4926 inter
2807 4889 2865 4925 se
2899 4882 3189 4925 varientur.

2215 4945 2307 4998 25.
2334 4941 2422 4996 'ltc
2453 4945 2701 5013 quinario
2732 4959 2954 4997 numero
2981 4952 3195 4995 sanctus
3224 4941 3549 5009 Augustinus
3572 4955 3733 4993 enar-

2146 5028 2246 5069 rat.
2280 5019 2331 5069 in
2366 5012 2558 5083 psaltn.
2604 5029 2801 5075 cxevn.
2834 5031 2886 5064 ιι.
2920 5015 3009 5079 li‘,
3040 5023 3092 5065 et
3138 5013 3283 5063 althi.
3318 5012 3467 5075 Quod
3503 5012 3731 5079 Aposto-

2148 5088 2257 5140 lum
2284 5088 2332 5139 itt
2359 5082 2589 5139 eet-lesia
2619 5088 2854 5153 quinque
2887 5088 3045 5137 verba
3085 5083 3231 5149 loqui
3259 5082 3509 5145 delectet,
3545 5095 3731 5135 nescio

2151 5174 2283 5211 sane
2313 5172 2419 5218 quo
2453 5154 2736 5220 pertineat.

2223 5228 2310 5279 28.
2358 5225 2491 5280 Infra
2540 5227 2724 5287 etiam,
2757 5238 2901 5276 unm.
2934 5221 3003 5275 48
3048 5239 3062 5276 :
3099 5222 3404 5275 Uctonarius
3451 5222 3647 5288 primus
3685 5229 3733 5273 et

2150 5298 2403 5362 perfectus
2428 5307 2520 5351 est.
2553 5297 2665 5349 Non
2695 5296 2831 5347 male
2864 5295 2964 5346 ltoc
2996 5294 3113 5346 loco
3140 5301 3283 5345 esset
3308 5307 3323 5346 :
3358 5293 3607 5345 Senarim
3637 5308 3734 5343 nu-

2147 5386 2314 5421 merus
2357 5368 2549 5436 primus
2580 5378 2651 5419 est
2678 5366 2955 5433 perfectus.
2989 5362 3273 5436 Prtestaret
3303 5362 3462 5417 etiam
3509 5364 3687 5429 legere
3719 5378 3730 5413 :

2148 5438 2285 5492 Nam
2310 5434 2505 5490 sextam
2529 5437 2607 5489 sui
2634 5445 2829 5505 partem
2859 5436 2995 5486 intra
3018 5449 3069 5487 se
3096 5434 3341 5505 cortttinet.

2214 5508 2301 5561 29.
2343 5508 2414 5561 De
2443 5524 2533 5561 sex
2583 5501 2827 5560 aetatibus
2871 5505 3050 5557 mundi
3076 5504 3201 5558 alibi
3234 5506 3394 5557 etiam
3434 5503 3661 5558 lsidorus
3686 5501 3738 5553 in

2148 5578 2488 5648 Etyntologiis
2508 5623 2520 5643 ,
2548 5578 2598 5631 in
2629 5577 2888 5632 Chronico
2908 5619 2924 5640 .
2952 5587 3056 5648 etc.
3091 5574 3194 5648 Sed
3226 5574 3309 5629 hic
3333 5577 3478 5631 locus
3510 5572 3738 5628 fortasse

2141 5644 2346 5723 integit
2368 5644 2472 5705 non
2504 5659 2587 5706 est
2621 5689 2634 5715 ,
2667 5649 2795 5705 satis
2825 5660 3001 5704 tamen
3026 5644 3353 5717 intelligitur.
