4104 6172
266 186 379 242 385

261 402 355 443 tur
373 429 390 453 ,
410 402 637 457 quarum
664 385 831 454 prima
853 395 939 439 est
958 386 1026 439 ab
1048 385 1215 440 Adam
1241 399 1409 454 usque
1426 386 1491 437 ad
1514 383 1624 437 Noe
1640 424 1655 447 ,
1686 399 1877 437 secun-

260 485 332 534 da
368 482 496 533 hinc
532 494 702 547 usque
732 478 796 529 ad
832 478 1101 531 Abraham
1132 518 1146 542 ,
1183 475 1338 530 tertia
1372 492 1541 545 usque
1579 477 1643 530 ad
1677 475 1875 540 David,

262 589 405 642 quar
432 590 461 625 ι
489 586 657 641 usque
683 571 750 623 ad
774 570 1324 640 Transmigrationem
1348 608 1363 632 ,
1394 570 1574 637 quinta
1615 583 1781 637 usque
1809 568 1874 619 ad

263 668 565 719 adventum
604 662 838 727 Christi,
871 674 1023 717 sexta
1043 702 1056 728 ,
1090 678 1209 732 qure
1240 676 1379 716 nunc
1408 671 1537 715 tetas
1567 672 1680 725 est,
1708 675 1877 730 usque

269 762 327 813 in
364 760 530 811 ﬁnem
565 757 773 810 mundi.

343 874 438 928 50.
472 872 657 925 Annus
679 884 889 939 quoque
914 871 1027 937 ipse
1049 883 1267 923 senario
1293 882 1514 923 numero
1537 883 1879 922 consumma-

270 980 402 1034 tur;
447 965 837 1035 sexagenarius
869 965 1011 1018 enim
1044 977 1297 1017 numerus
1336 962 1544 1016 dierum
1576 970 1721 1016 sexta
1755 977 1877 1029 pars

269 1079 394 1134 est,
424 1067 579 1135 cujus
609 1078 817 1119 summa
851 1078 942 1131 per
988 1063 1257 1117 senarium
1292 1062 1441 1130 primi
1474 1075 1663 1114 versus
1694 1060 1875 1113 multi-

271 1161 496 1230 plicatzt,
529 1158 579 1210 id
603 1168 715 1220 est,
746 1155 922 1209 sexies
943 1157 1211 1219 sexaginta
1232 1195 1246 1219 ,
1283 1169 1469 1207 ccccx.
1514 1152 1727 1206 Residui
1755 1161 1881 1206 sunt

269 1250 514 1319 quinque
546 1246 683 1309 dies,
704 1244 898 1313 quibus
925 1243 969 1296 si
998 1242 1320 1312 adjiciuntur
1349 1240 1635 1310 quadrame
1668 1252 1843 1309 partes
1862 1282 1876 1306 ,

272 1348 453 1392 totum
484 1337 755 1390 senarium
791 1349 1073 1387 numerum
1110 1332 1329 1387 faciunt.
1362 1331 1636 1401 SiQttidem
1678 1341 1732 1384 et
1765 1332 1879 1400 ipse

273 1429 557 1497 quadrans
586 1441 652 1480 ex
681 1426 763 1479 his
784 1424 1051 1479 eunsisdt.

351 1544 445 1599 3|.
480 1544 625 1598 idem
673 1541 788 1611 ipse
820 1542 1077 1598 Senarius
1104 1556 1357 1595 numerus
1377 1540 1581 1609 quadro
1626 1550 1679 1595 et
1708 1539 1883 1595 solido

277 1638 630 1706 quatetnario
670 1638 938 1703 sociatus,
983 1636 1143 1689 horas
1186 1634 1288 1687 diei
1322 1640 1598 1704 noctisque
1640 1634 1875 1689 metitur.

279 1734 419 1787 Nam
454 1742 646 1799 quater
675 1732 791 1785 seni
839 1728 1022 1799 viginti
1054 1740 1283 1797 quatuor
1312 1730 1565 1783 efﬁciunt.
1616 1728 1877 1783 Praeterea

283 1827 446 1894 hujus
475 1824 686 1878 numeri
746 1823 1001 1891 perfectio
1030 1832 1083 1875 e'.
1135 1823 1184 1874 in
1216 1822 1462 1875 aetatibus
1494 1821 1799 1884 hominum,
1828 1830 1883 1873 et

280 1922 335 1973 in
368 1931 553 1971 rerum
583 1914 835 1985 gradibus
872 1915 1157 1968 invenitur.
1188 1915 1294 1968 Sex
1328 1915 1470 1969 enim
1497 1915 1741 1968 aetatibus
1762 1929 1883 1967 cur-

282 2027 378 2065 sus
431 2010 744 2063 mortalium
794 2018 1236 2073 consummatur,
1291 2009 1391 2063 hoc
1442 2018 1568 2072 est,
1622 2008 1880 2071 infantia,

286 2104 518 2172 pueritia
542 2147 557 2169 ,
590 2102 987 2165 adolescentia,
1030 2101 1335 2171 jnventutz-,
1358 2110 1665 2168 senectute,
1708 2102 1881 2157 senio.

285 2196 397 2250 Sex
426 2205 556 2249 sunt
579 2204 635 2249 et
667 2194 865 2261 gradus
906 2194 1142 2248 omnium
1187 2210 1396 2259 rerum,
1432 2196 1483 2249 id
1523 2204 1632 2259 est,
1663 2212 1767 2250 non
1810 2197 1885 2247 vi-

288 2286 469 2342 ventia
490 2330 505 2352 ,
540 2298 598 2341 ut
634 2286 843 2353 lapides
874 2302 888 2351 ;
920 2287 1183 2353 viventia,
1213 2296 1269 2341 ut
1290 2287 1511 2343 arbores
1540 2305 1555 2352 ;
1580 2289 1883 2359 sensibilia,

290 2389 349 2435 ut
376 2380 616 2448 pecudes
656 2396 671 2444 ;
702 2378 1068 2447 rationabilis,
1101 2389 1158 2433 ut
1190 2380 1435 2435 homines
1478 2399 1492 2445 ;
1532 2380 1885 2447 immortalia,

286 2479 348 2523 ut
368 2466 574 2537 angeli.
602 2468 938 2522 Novissimus
970 2478 1023 2523 et
1044 2482 1287 2523 summus
1327 2472 1524 2539 gradus
1550 2480 1664 2535 est,
1695 2470 1786 2540 qui
1808 2479 1893 2525 est

285 2576 456 2631 super
482 2558 668 2613 omnia
704 2560 863 2614 Deus.

353 2652 446 2705 52.
471 2652 603 2705 ltetn
634 2652 893 2705 naturalia
916 2650 1089 2706 ofﬁcia
1115 2690 1131 2716 ,
1156 2652 1276 2708 sine
1296 2652 1489 2722 quibus
1504 2667 1625 2708 esse
1648 2653 1775 2707 nihil
1807 2670 1898 2722 po-

292 2754 430 2809 test,
456 2759 552 2797 sex
578 2752 740 2807 sunt;
771 2744 819 2797 id
851 2753 969 2809 est,
995 2744 1334 2813 magnitudo,
1365 2746 1537 2813 oculi,
1571 2745 1777 2816 ﬁgura,
1810 2748 1892 2800 in-

288 2838 548 2901 tervalla,
575 2846 747 2891 status
771 2844 826 2889 et
851 2846 1046 2890 motus.
1072 2836 1378 2908 228ltem
1409 2839 1578 2906 ipsius
1604 2849 1779 2895 motus
1800 2854 1894 2895 sex

285 2931 618 2987 dﬁ'ereutia:
637 2940 781 2985 sunt.
803 2930 932 2984 Nam
967 2947 1241 2985 moventur
1275 2940 1425 2997 ante,
1440 2947 1469 2985 a
1490 2941 1661 3000 tergo,
1682 2933 1891 2999 dextra,

292 3027 589 3089 laevaque,
638 3038 894 3085 sursum,
954 3032 1114 3091 atque
1168 3022 1441 3076 deorsum.
1500 3024 1637 3078 Sunt
1683 3040 1895 3094 quoque
1926 3044 1972 3107 ρ

290 3118 551 3186 exempla
576 3116 740 3171 multa
786 3116 941 3182 hujus
970 3118 1177 3169 numeri
1203 3116 1253 3169 in
1282 3118 1450 3171 sacris
1479 3118 1724 3185 eloquiis.
1778 3117 1908 3174 Nam

294 3219 455 3265 sexto
484 3210 577 3263 die
606 3209 768 3261 homo
788 3206 851 3260 ad
888 3208 978 3261 Dei
1012 3205 1271 3261 formatur
1311 3208 1636 3276 imaginem,
1667 3220 1719 3263 et
1762 3224 1912 3265 sexta

297 3315 463 3359 aetate
514 3302 700 3356 mundi
752 3298 1001 3354 Salvator
1056 3301 1205 3355 venit
1273 3301 1324 3354 in
1383 3316 1638 3363 carnem,
1702 3310 1758 3356 et
1819 3317 1909 3355 sex

297 3396 496 3450 diebus
518 3397 730 3463 jussum
785 3403 868 3446 est
918 3391 1113 3461 populo
1154 3390 1207 3444 in
1256 3391 1472 3446 deserto
1516 3406 1712 3445 manna
1751 3392 1915 3446 colli—

304 3501 458 3555 gere.

379 3576 468 3633 '53.
497 3574 633 3629 Hinc
657 3584 712 3630 et
735 3573 1208 3643 Ezechielquoque
1230 3574 1283 3628 iu
1299 3573 1517 3629 dextera
1533 3574 1634 3628 viri
1651 3575 1913 3629 calamum

304 3686 402 3725 ses
442 3668 753 3723 cubitorum
786 3666 986 3721 vidisse
1012 3681 1071 3720 se
1104 3668 1361 3721 narravit.
1397 3665 1513 3734 Ipse
1543 3666 1703 3719 etiam
1733 3667 1916 3735 letltpli

305 3764 518 3819 frontes
539 3777 640 3817 sex
666 3758 862 3815 cubitis
890 3760 940 3814 iu
973 3761 1143 3813 altum
1174 3761 1413 3831 scripsit.
1466 3759 1606 3815 Idem
1634 3774 1728 3813 sex
1750 3773 1917 3827 agnos

311 3860 367 3911 in
388 3858 723 3911 holocaustis
746 3853 1041 3923 principem
1064 3853 1259 3909 offerre
1281 3851 1573 3906 mandavit.
1597 3852 1651 3904 In
1672 3851 1915 3917 Evange-

309 3952 387 4007 lio
414 3965 636 4020 quoque
665 3964 759 4002 sex
806 3947 1022 4017 hydrias
1062 3949 1244 4018 plenas
1271 3946 1424 4015 aquis
1449 3943 1694 3998 Christus
1732 3944 1784 3997 itt
1811 3942 1918 3995 vini

312 4056 566 4110 saporem
599 4040 885 4095 convertit.
918 4039 1027 4094 Sex
1057 4038 1216 4093 etiam
1244 4038 1360 4092 dies
1400 4038 1538 4091 idem
1566 4046 1692 4091 ante
1722 4035 1927 4089 Passio-

318 4150 442 4189 nem
496 4133 809 4204 ingrediens
858 4132 911 4185 in
960 4130 1256 4186 Jerusalem
1306 4144 1467 4198 super
1506 4128 1714 4183 asinum
1760 4126 1922 4181 sedit.

316 4229 457 4283 Sunt
512 4241 567 4283 et
612 4229 714 4280 alia
767 4226 956 4294 plura,
990 4224 1085 4279 sed
1120 4235 1340 4293 propter
1392 4219 1599 4291 legendi
1652 4219 1920 4275 fastidium

318 4322 672 4373 omittuntur.

817 176 1021 234 LIBER
1060 172 1499 233 NUMERORUM
1540 172 1657 243 QUI
1698 173 1764 228 ΙΝ
1804 172 1905 230 SA]

2007 170 2102 228 I‘IS
2139 168 2548 228 SCRIPTURIS
2585 169 3021 229 OCCURRUNT.

256 307 372 355 Sex
402 296 569 353 etiam
594 294 713 351 dies
742 304 887 359 sunt,
908 296 1102 365 quibus
1131 294 1381 348 aetatibus
1404 294 1633 348 mundus
1660 293 1873 363 perﬁci-
1903 300 1946 357 Α

3464 176 3564 232 {36

2582 309 2807 366 CAPUT
2848 310 2982 365 Vill.

2440 445 2516 499 De
2549 447 2837 514 septenario
2875 462 3105 501 numero.

2043 559 2132 611 '51.
2172 558 2506 624 Septenarius
2528 574 2779 612 numerus
2795 576 2823 611 ιι
2844 559 3256 624 nullonascitur,
3281 574 3380 615 nec
3404 574 3568 629 gene-

1980 661 2063 703 rat
2097 691 2113 715 ,
2149 666 2243 703 nec
2272 662 2573 720 gent-ratur.
2606 652 2735 705 Nam
2776 666 2962 706 omnes
2988 653 3192 706 numeri
3223 653 3357 705 intra
3380 651 3567 707 decem

1983 743 2137 809 positi
2163 753 2252 795 attt
2269 744 2662 814 gignuntalios,
2682 758 2765 799 aut
2788 746 3077 814 gignuntur
3099 747 3165 797 ab
3180 747 3316 800 aliis.
3338 746 3444 801 Iste
3467 762 3568 801 nec

1979 838 2165 905 gignit,
2193 853 2289 891 nec
2315 838 2566 907 gignitur.
2589 840 2691 892 Sex
2715 840 2855 892 enim
2883 850 2937 893 et
2963 849 3084 893 octo
3106 848 3431 907 generantur
3453 846 3571 890 tau-

1982 934 2273 982 tummodo.
2304 931 2541 993 Quatuor
2564 936 2762 993 autem,
2790 937 2844 983 et
2867 930 2972 983 duo
2993 938 3047 983 et
3066 937 3279 993 creant,
3306 938 3359 982 et
3380 942 3570 981 creau-

1980 1030 2087 1074 tur.
2117 1026 2328 1087 Septem
2358 1020 2491 1075 nihil
2515 1022 2700 1090 gignit,
2734 1037 2831 1075 nec
2860 1023 2926 1077 ab
2948 1022 3117 1076 altero
3138 1021 3388 1092 gignitur.

2057 1128 2146 1184 55.
2192 1130 2288 1185 Hic
2318 1141 2494 1186 autem
2544 1148 2801 1188 numerus
2852 1136 3190 1203 septenarius
3224 1137 3373 1207 juxta
3407 1139 3576 1207 legiti-

1986 1240 2132 1278 mttm
2165 1235 2243 1278 est
2271 1241 2285 1289 ;
2334 1225 2449 1279 sive
2480 1240 2599 1279 cum
2657 1226 2996 1295 testiﬁcatur,
3036 1242 3089 1283 ut
3119 1230 3453 1299 septuaginta
3477 1272 3494 1297 ,
3522 1240 3578 1284 et

1981 1314 2336 1381 septingenti,
2383 1314 2496 1369 sive
2524 1330 2645 1369 cum
2673 1318 2829 1371 toties
2864 1317 2915 1371 in
2965 1333 3083 1373 sese
3115 1321 3314 1389 septies
3362 1321 3573 1373 centeni

1984 1419 2227 1474 septem;
2275 1411 2470 1477 quique
2506 1410 2665 1463 etiam
2694 1411 2841 1478 juxta
2888 1410 3158 1480 sapientes
3202 1412 3381 1465 mundi
3408 1426 3471 1465 ea
3496 1428 3575 1466 ra-

1986 1500 2129 1555 tione
2160 1502 2423 1570 perlectus
2477 1504 2740 1570 habetur,
2800 1520 2864 1559 eo
2895 1505 3038 1574 quod
3093 1521 3157 1561 es
3202 1507 3375 1575 primo
3433 1506 3580 1576 pari,

1984 1608 2047 1645 ac
2104 1594 2274 1660 primo
2307 1594 2493 1662 impari
2528 1604 2753 1650 constat.
2807 1596 3013 1651 Primus
3056 1607 3231 1652 autem
3266 1598 3436 1667 impar
3464 1608 3574 1651 ter-

1912 1675 1953 1733 Β
1987 1687 2165 1739 uarius
2194 1697 2315 1748 est,
2351 1690 2552 1755 primus
2596 1706 2688 1756 par
2715 1691 3088 1758 quaternarius
3116 1732 3130 1755 ,
3160 1692 3323 1762 229
3349 1706 3415 1745 ex
3460 1691 3581 1760 qui-

1984 1777 2079 1829 bus
2139 1778 2345 1830 duobus
2396 1778 2511 1843 ipse
2580 1781 2918 1847 septenarius
2980 1792 3414 1843 consummatur;
3488 1782 3581 1850 qui

1982 1870 2141 1924 etiam
2169 1870 2403 1938 partibus
2429 1871 2541 1925 istis
2568 1873 2944 1941 multiplicatus
2964 1872 3348 1927 duodenarium
3382 1873 3585 1927 reddit.

1984 1962 2115 2018 Nam
2162 1965 2281 2019 sive
2317 1974 2395 2020 ter
2425 1966 2708 2034 quaterni,
2748 1968 2859 2022 sive
2902 1977 3089 2037 quater
3132 1968 3264 2021 terni
3307 1966 3584 2019 duodecim

1987 2056 2206 2112 faciunt.
2236 2055 2340 2109 Sed
2385 2071 2479 2124 per
2507 2067 2605 2110 tres
2633 2058 2907 2111 Trinitatis
2943 2058 3290 2128 mysterium,
3326 2072 3420 2125 per
3462 2072 3591 2125 qua-

1986 2158 2104 2200 tuor
2150 2148 2402 2201 virtutum
2449 2149 2588 2202 actio
2638 2149 2961 2213 illustratur;
3009 2165 3072 2202 ac
3118 2164 3210 2218 per
3256 2149 3357 2201 hoc
3403 2149 3454 2201 in
3508 2146 3590 2201 his

1988 2240 2261 2309 partibus,
2293 2249 2349 2293 ut
2373 2256 2466 2307 per
2533 2241 2810 2295 Trinitatis
2858 2242 3093 2311 speciem
3140 2244 3279 2296 actio
3330 2243 3584 2294 virtutum

1991 2330 2291 2398 perﬁcitur,
2331 2340 2383 2384 et
2429 2347 2522 2399 per
2567 2334 3094 2400 rejiraeSentationem
3130 2334 3381 2385 virtutum
3424 2346 3589 2398 usque

1992 2422 2056 2473 ad
2091 2420 2370 2474 Trinitatis
2415 2422 2656 2476 notitiam
2683 2422 3011 2491 pervenitur.
3038 2424 3240 2477 Rursus
3265 2432 3441 2476 autem
3468 2438 3589 2476 cum

2000 2516 2064 2567 ad
2108 2515 2489 2569 duodenarium
2532 2518 2733 2585 surgit,
2766 2518 3119 2573 etduodecim
3165 2517 3436 2587 apostolos
3466 2532 3591 2585 sep-

1994 2602 2221 2657 tirormis
2264 2605 2447 2673 gr.iti:e
2488 2605 2716 2673 Spiritus
2749 2609 3011 2673 perfectos
3057 2608 3324 2672 ostendit,
3370 2621 3595 2675 quorum

1998 2695 2303 2764 praedicatio
2333 2694 2515 2767 [Forte
2545 2699 2943 2771 praedicatione]
2978 2716 3071 2769 per
3092 2708 3319 2770 quatuor
3342 2700 3596 2753 virtutum

1997 2799 2189 2853 genera
2225 2785 2503 2844 Trinitatis
2535 2789 2665 2843 ﬁdes
2696 2792 2747 2844 in
2776 2800 2885 2845 toto
2907 2793 3038 2846 orbe
3063 2793 3276 2847 crescit.

2071 2900 2158 2956 36.
2193 2902 2249 2957 In
2280 2902 2570 2973 Scripturis
2594 2916 2773 2961 autem
2812 2907 3011 2960 sanctis
3055 2908 3154 2962 iste
3205 2920 3464 2961 numerus
3520 2905 3603 2958 in-

2004 2993 2211 3047 terdum
2235 3011 2395 3051 omne
2418 3008 2627 3065 tempus
2645 2999 2824 3052 saeculi
2848 2999 3023 3067 hujus,
3048 2998 3319 3054 interdum
3360 2997 3599 3067 requiem

2003 3097 2287 3165 Signiﬁcat,
2321 3109 2703 3163 nonnunquam
2748 3093 3004 3147 Ecclesia:
3050 3093 3309 3147 unitatem
3371 3092 3600 3150 demon-

2015 3198 2169 3245 strat.
2197 3188 2300 3242 Pro
2320 3187 2569 3242 universo
2603 3184 2838 3253 ponitur,
2876 3193 2933 3237 ut
2960 3194 3043 3238 est
3083 3184 3213 3238 illud
3246 3202 3259 3235 :
3293 3185 3495 3254 Septies
3544 3187 3598 3239 in

2016 3282 2099 3334 die
2128 3280 2331 3334 laudem
2370 3279 2478 3331 dixi
2498 3278 2587 3329 tibi
2609 3277 2831 3347 (I’salut.
2864 3292 3049 3343 cxvut,
3080 3276 3224 3344 164),
3248 3276 3297 3329 id
3324 3287 3426 3342 est,
3457 3276 3604 3330 omni

2022 3388 2282 3441 tempore.
2318 3373 2459 3427 idem
2489 3388 2632 3426 enim
2660 3373 2915 3441 propheta
2941 3372 3044 3424 hoc
3070 3370 3198 3425 alibi
3227 3370 3605 3440 signiﬁcatpro

2020 3477 2132 3521 toto
2165 3478 2426 3536 tempore,
2450 3465 2575 3521 dum
2604 3466 2736 3519 dicit
2760 3482 2773 3518 :
2801 3465 3016 3535 Semper
3041 3465 3157 3518 laus
3178 3465 3288 3535 ejus
3309 3465 3361 3517 in
3389 3480 3476 3518 ore
3496 3482 3607 3517 meo

2027 3559 2251 3629 (Psalm.
2286 3573 2491 3621 χχχιιι,
2530 3557 2601 3625 1).
2648 3558 2779 3610 Hinc
2814 3557 2942 3611 alibi
2986 3556 3176 3625 legitur
3234 3573 3247 3607 :
3296 3554 3608 3625 Septuplum

2025 3652 2236 3720 accipiet
2265 3652 2317 3704 in
2346 3652 2444 3704 ista
2459 3652 2671 3705 seculo.
2705 3649 2833 3704 Item
2858 3660 3056 3705 aeterna
3079 3650 3291 3719 requies
3307 3652 3609 3718 septenario

2027 3760 2253 3798 numero
2282 3744 2634 3812 signiﬁcatur.
2664 3758 2783 3797 cum
2814 3743 2929 3798 dies
2957 3744 3221 3808 septimus
3271 3741 3325 3794 in
3373 3740 3607 3807 requiem

2026 3835 2239 3889 Domini
2269 3834 2629 3888 sanetiﬁcatus
2652 3846 2891 3898 vocatur,
2924 3834 2974 3885 in
3003 3848 3111 3900 quo
3134 3831 3245 3900 jam
3274 3832 3333 3884 lit
3357 3844 3605 3899 vespera,

2025 3930 2147 3999 quia
2173 3929 2333 3983 nullis
2364 3928 2557 3981 ﬁnibus
2581 3939 2879 3997 temporum
2902 3926 3115 3996 requies
3136 3935 3353 3979 :eternce
3379 3923 3610 3979 beatitu-

2031 4021 2172 4075 dinis
2199 4019 2580 4074 coarctabitur.

2099 4128 2189 4183 57.
2218 4128 2343 4183 Inde
2365 4128 2523 4183 etiam
2554 4138 2610 4183 et
2654 4130 2705 4183 in
2760 4130 2877 4201 lege
2925 4128 3181 4198 septimus
3228 4128 3343 4182 dies
3396 4127 3611 4181 feriatus

2026 4236 2151 4277 esse
2177 4223 2503 4291 praecipitur,
2540 4233 2598 4277 ut
2624 4225 2837 4294 requies
2870 4226 2919 4277 in
2950 4239 3011 4277 ea
3036 4233 3234 4279 aeterna
3257 4222 3608 4293 signiﬁcetur.

2028 4315 2157 4371 Inde
2185 4326 2285 4380 est,
2319 4318 2457 4387 quod
2493 4328 2611 4387 past
2658 4321 3107 4373 resurrectionem
3156 4333 3305 4372 suam
3357 4316 3613 4370 Dominus

390 4461 482 4516 50.
514 4458 817 4525 Quadrantr
832 4466 998 4528 partes
1019 4454 1140 4525 quid
1158 4455 1248 4519 sit,
1266 4469 1374 4528 no_n_
1389 4452 1647 4528 intelligo.
1667 4454 1923 4525 Legerem
1956 4454 2005 4513 D
2030 4454 2224 4507 stiones
2252 4456 2432 4509 dubius
2467 4467 2619 4528 atque
2660 4459 2904 4527 ancipites
2930 4457 3179 4511 resolvere
3206 4472 3304 4507 non
3345 4454 3611 4528 dubitavit,

322 4530 626 4602 quadrantis
655 4538 848 4602 partes.
876 4527 1073 4580 Lumen
1106 4528 1291 4602 alieret
1317 4525 1529 4602 Plinius
1544 4527 1610 4578 de
1643 4529 1765 4602 anui
1800 4527 1917 4583 die-

325 4597 422 4659 bus
473 4603 737 4667 loquens:
770 4599 849 4651 Ad
895 4614 1097 4652 ccccxv
1130 4601 1145 4666 (
1173 4598 1289 4653 dies
1317 4598 1333 4660 )
1369 4597 1620 4666 adjiciunt
1646 4600 1926 4653 etiamnum

324 4672 684 4728 intercalarios
728 4671 826 4721 diei
874 4672 1131 4737 noctisque
1174 4668 1501 4738 quadrantes.
1546 4667 1619 4719 Ex
1662 4685 1769 4734 quo
1787 4669 1926 4737 apud

328 4746 594 4800 Isidorum
641 4741 1003 4801 reponendum
1036 4755 1233 4794 censeo
1257 4779 1272 4793 .
1305 4738 1569 4802 Siquidem
1589 4748 1635 4790 et
1666 4740 1773 4809 ipse
1802 4755 1931 4807 qua-

325 4819 487 4870 drans
524 4828 616 4865 sex
653 4811 794 4862 horis
820 4813 1081 4874 consistit;
1124 4826 1245 4863 nam
1275 4812 1542 4875 quadrans
1573 4810 1677 4862 diei
1708 4827 1803 4865 sex
1837 4811 1935 4863 ho-

330 4905 405 4942 ra:
444 4894 602 4945 Sunt,
633 4892 689 4933 et
710 4890 835 4935 ante
860 4883 1250 4935 correctionem
1276 4879 1579 4933 Kalentlarii
1616 4878 1931 4951 Gregoriani

326 4972 528 5015 cccuv
556 4953 746 5006 diebus
777 4955 839 5004 ad
864 4967 1057 5006 annum
1080 4953 1453 5020 complendum
1476 4965 1568 5003 sex
1593 4952 1809 5022 integrae
1840 4954 1935 5005 ho-

333 5046 401 5082 ra»
432 5024 845 5093 atljictehnntur.

403 5092 509 5152 3L
533 5096 728 5148 Deerat
758 5094 809 5147 in
850 5109 948 5147 ms.
976 5093 1284 5164 conjunctio
1323 5101 1370 5144 et
1417 5104 1535 5160 post
1570 5092 1804 5146 tctatibus
1835 5092 1931 5145 Ito-

390 5188 401 5213 1
544 5205 559 5217 ο

335 5184 724 5292 Ἥῗὶωπ·
753 5228 947 5298 oﬂ'erri.
982 5235 1121 5305 quod
1155 5250 1256 5288 ms.
1298 5234 1606 5298 exhibebat,
1634 5235 1686 5289 itt
1724 5234 1933 5299 oﬂerre.

339 5310 472 5363 Vide
513 5307 810 5360 Ezechielis
833 5309 1023 5361 verba.
1054 5324 1173 5375 cap,
1212 5321 1333 5357 xt.vt
1355 5348 1368 5369 ,
1403 5306 1451 5359 4.

407 5380 499 5434 δι.
536 5380 611 5432 lle
646 5392 874 5429 numero
901 5378 1202 5444 septenario
1230 5378 1359 5429 mira
1400 5376 1596 5442 passim
1636 5386 1938 5437 narrantur,

338 5464 723 5515 nonnunquam
747 5451 905 5501 etiam
933 5449 1323 5516 supersﬁtiosa.
1355 5447 1609 5501 Flnthlius
1648 5447 1721 5501 De
1747 5448 1943 5500 micrn-

337 5524 508 5577 cnsmi
544 5519 790 5581 historia,
817 5530 967 5574 tract.
996 5537 1032 5585 t,
1064 5529 1191 5573 sect.
1222 5535 1260 5582 ι,
1280 5520 1366 5573 lih.
1395 5517 1600 5586 tzEgo,
1632 5517 1819 5581 inquit.
1842 5517 1940 5569 Ito-

342 5598 529 5644 minent
576 5591 931 5643 doctissimum
973 5592 1126 5652 novi,
1174 5592 1262 5659 qui
1310 5590 1492 5643 virtute
1536 5591 1691 5649 huius
1740 5590 1939 5641 numeri

344 5663 625 5732 septenari
650 5702 668 5728 ,
716 5662 994 5733 cujusdam
1041 5661 1188 5733 quasi
1221 5660 1412 5715 oraculi
1447 5662 1772 5726 assistentia,
1796 5675 1935 5730 qua:-

2028 4537 2181 4592 atque
2210 4529 2360 4579 etiam
2388 4530 2450 4581 de
2478 4526 2687 4580 occultis
2718 4540 2821 4581 tam
2863 4528 3197 4596 prtesentibus
3230 4542 3384 4595 quam
3425 4526 3615 4591 futuris

2028 4597 2408 4664 quodammodo
2440 4600 2669 4653 divinare
2689 4600 2943 4667 pollicitus
2974 4609 3062 4649 est.

2106 4668 2196 4721 55.
2240 4670 2514 4739 Fortasse,
2546 4673 2861 4735 septenarius
2877 4672 2998 4739 jure
3025 4669 3279 4740 legitimus
3327 4666 3612 4740 est._Deest

2038 4738 2233 4807 aliquid
2270 4742 2322 4794 in
2350 4736 2548 4806 verbis,
2584 4744 2687 4795 sive
2716 4759 2831 4795 cum
2861 4736 3025 4799 toties,
3049 4736 3154 4794 e'tc.
3202 4737 3318 4792 Mox
3362 4736 3612 4791 substitui

2038 4827 2127 4881 per
2166 4824 2385 4877 quatuor
2411 4813 2657 4866 virtutum
2694 4828 2911 4881 genera.
2943 4825 3064 4863 cum
3106 4810 3302 4881 in_ms.
3352 4818 3515 4871 esset,
3569 4818 3615 4861 et

2038 4879 2255 4949 quatuor
2276 4884 2519 4937 virtutum
2543 4879 2752 4953 genera,
2779 4882 2926 4935 nullo
2948 4895 3131 4953 sensu.
3159 4879 3234 4933 De
3253 4892 3475 4953 numero
3492 4894 3612 4944 sep-

2044 4946 2253 5007 tenario
2278 4954 2465 5009 confer
2496 4946 2747 5010 sa'netutn
2774 4952 3158 5022 Augustinum,
3183 4963 3346 5005 σει-ω.
3378 4946 3467 5009 iii,
3492 4964 3614 5018 cap.

2041 5022 2131 5087 23,
2161 5035 2217 5079 et
2244 5025 2363 5079 aliis
2393 5025 2553 5080 etiatn
2583 5026 2630 5078 in
2662 5026 2813 5082 locis.

2114 5096 2203 5149 56.
2242 5095 2409 5149 Verba
2434 5096 2724 5165 septuplum
2752 5096 2964 5165 accipiet
3011 5096 3061 5146 in
3110 5094 3206 5148 hoc
3252 5096 3461 5159 steculo,
3512 5107 3617 5147 non

2042 5166 2251 5234 reperio
2280 5183 2385 5235 quo
2417 5168 2468 5220 in
2524 5167 2643 5221 loco
2666 5170 2917 5221 existant.
2956 5166 3201 5221 Fortasse
3235 5166 3505 5234 pertinent
3550 5166 3619 5218 ad

2041 5249 2197 5305 caput
2242 5252 2291 5290 tv
2320 5238 2564 5301 Genesis,
2601 5236 2667 5290 15
2700 5255 2713 5290 :
2750 5237 2929 5291 Omnis
2958 5238 3045 5305 qui
3072 5240 3312 5291 occiderit
3340 5238 3489 5302 Cain,
3509 5252 3620 5304 sep-

2045 5312 2247 5373 tuplum
2282 5312 2537 5379 punietur.
2591 5309 2816 5364 Sanctus
2869 5310 3216 5378 Augustinus,
3272 5324 3433 5363 serm.
3494 5306 3619 5373 1H,

2048 5381 2161 5434 hzec
2185 5384 2346 5433 Verba
2378 5382 2581 5443 omisit,
2614 5382 2890 5447 snperiora
2933 5380 3149 5445 protulit
3178 5397 3192 5435 :
3226 5379 3361 5444 Quid
3391 5390 3463 5432 est
3502 5394 3622 5447 ergo

2044 5453 2229 5521 septies
2248 5454 2504 5516 ?semper,
2519 5453 2913 5522 quotiescunque
2943 5454 3218 5521 peccaverit
3238 5495 3251 5515 ,
3275 5466 3489 5518 euntque
3517 5463 3622 5522 ρωτ

2043 5525 2265 5576 nituerit.
2289 5522 2405 5576 Hoc
2426 5520 2557 5575 enim
2586 5534 2659 5576 est
2690 5538 2709 5575 :
2736 5520 3007 5587 Septiesin
3031 5524 3114 5576 die
3144 5522 3359 5576 laudabo
3388 5534 3464 5585 te,
3488 5520 3623 5587 quod

2039 5606 2111 5648 cst
2136 5595 2187 5649 in
2219 5597 2322 5649 alio
2344 5594 2541 5665 psalmo
2575 5609 2592 5647 :
2623 5593 2835 5664 Semper
2866 5593 2979 5645 laus
3011 5595 3119 5665 ejus
3151 5596 3203 5648 in
3232 5609 3319 5648 ore
3348 5608 3479 5647 meo.
