4108 6178
544 170 639 225 187

1582 164 1640 221 S.
1683 162 1929 221 ISIDORI
1969 160 2406 220 HISPALENSIS
2444 160 2745 218 EPISCOPI

3726 174 3827 229 I88

535 306 654 343 cum
683 297 887 357 septem
918 284 1191 350 discipulis
1220 282 1531 336 convivasse
1559 280 1901 335 describitur.
1932 280 2116 335 Tertio
2147 280 2195 340 Α
2221 276 2607 343 vit,etseptem
2625 275 2798 345 angeli
2822 277 2979 347 231
3014 278 3157 331 tubis
3177 288 3399 347 canunt,
3415 289 3467 334 et
3499 291 3709 351 septem
3732 301 3825 341 ac-

538 380 695 449 igitur
740 394 939 445 genere
983 374 1288 445 septenario
1339 388 1563 427 numero
1618 381 1818 426 sancta:
1870 372 2123 427 Ecclesia:

538 468 857 521 universitas
916 466 1191 533 ﬁguratur,
1237 462 1362 516 dum
1418 477 1512 530 per
1562 462 1795 532 speciem
1841 462 1907 517 ad
1959 479 2125 533 genus

539 562 815 614 transitur.

607 652 696 705 58.
733 652 882 707 Unde
910 659 966 705 et
993 649 1228 703 Joannes
1257 648 1310 702 in
1341 647 1659 719 Apocalypsi
1689 660 1895 717 septem
1939 650 2125 704 scribit

537 742 815 807 Ecclesiis,
845 742 970 794 dum
1004 749 1213 807 septem
1235 740 1345 793 sint
1374 739 1503 792 solae
1531 755 1649 808 qua:
1680 739 1987 806 specialiter
2030 755 2124 793 no-

538 835 828 895 minantur,
855 832 946 885 sed
985 846 1083 883 una
1112 831 1380 894 Ecclesia,
1415 846 1532 899 quae
1578 832 1903 896 septiformis
1954 832 2125 899 gratia

537 923 767 989 Spiritus
797 920 1029 991 perfecte
1049 922 1102 976 in
1132 931 1244 974 toto
1270 922 1468 975 mutulo
1489 921 1835 985 dillunditur;
1868 921 2121 989 scriptum

536 1024 618 1069 est
646 1016 787 1069 enim
819 1034 829 1068 :
866 1015 981 1069 Una
1009 1026 1081 1069 est
1112 1014 1348 1068 columba
1394 1031 1525 1079 mea,
1581 1031 1683 1067 una
1744 1018 1968 1084 perfecta
2012 1031 2125 1068 mea

533 1104 757 1175 (Cautic.
808 1122 889 1168 Vl,
944 1107 1038 1176 8);
1101 1106 1185 1159 his
1242 1107 1385 1160 enim
1434 1107 1594 1159 tantis
1648 1107 2126 1176 signiﬁcationibus

534 1212 790 1250 numerus
816 1197 913 1249 iste
933 1197 982 1249 in
1007 1196 1093 1250 εει
1110 1197 1298 1263 iptnris
1320 1196 1642 1251 eminentior
1655 1205 1736 1251 est
1760 1212 1867 1261 prae
1888 1199 2119 1263 caeteris,

534 1297 716 1355 utpote
747 1306 903 1357 quem
935 1288 1191 1341 Dominus
1218 1289 1270 1341 in
1297 1290 1534 1357 requiem
1561 1303 1713 1342 suam
1736 1288 2117 1356 sanctiﬁcavit,

532 1391 585 1433 et
617 1383 666 1432 in
700 1397 806 1445 quo
839 1381 1029 1433 futura:
1072 1381 1483 1435 resurrectionis
1529 1382 1765 1449 requiem
1794 1382 2122 1450 repromisit.

605 1471 768 1541 23o
798 1472 887 1525 39.
917 1470 1311 1525 Convenienter
1354 1474 1532 1542 itaque
1561 1472 1868 1541 septenario
1898 1489 2122 1528 numero

532 1561 865 1629 signiﬁcatur
900 1563 1136 1630 Spiritus
1166 1573 1415 1625 sanctus;
1450 1565 1588 1619 unde
1615 1572 1671 1618 et
1690 1567 2042 1621 sanctiﬁcatio
2071 1569 2122 1622 in

2229 370 2430 438 cipiunt
2450 378 2764 436 potestatem
2780 380 2984 438 septem
3003 370 3295 439 plagarum.
3323 376 3667 442 Septemplici
3694 392 3827 447 quo-

2227 477 2333 531 que
2346 477 2498 516 mttro
2512 461 2807 516 Jerusalem
2822 464 3058 518 cmlestis
3075 463 3344 528 fundatur,
3359 478 3412 519 ct
3426 477 3630 533 septem
3651 470 3825 524 levitas

2228 554 2295 607 ab
2311 553 2567 622 apostolis
2586 552 2875 622 eliguntur.
2897 555 2991 609 llic
3023 571 3277 608 numerus
3311 557 3695 625 multiplicatus
3730 577 3817 629 per

2227 654 2472 713 septena,
2503 644 2572 698 de
2588 659 2693 697 uno
2718 659 2930 713 quoque
2963 655 3043 698 ter
3067 646 3324 713 mysterio
3351 646 3572 701 unitatis
3593 647 3825 718 adiectio

2228 738 2741 806 quinquagenarium
2770 737 2959 801 efﬁcit,
2984 737 3035 790 in
3054 752 3158 806 quo
3181 737 3269 792 die
3294 749 3414 808 post
3434 741 3821 795 Ascensinnem

2232 825 2438 879 Domini
2472 826 2810 893 promis:usa
2842 827 2996 881 Patre
3012 827 3249 895 Spiritus
3280 840 3500 882 sanctus
3522 844 3683 898 super
3704 846 3825 885 cre-

2228 916 2418 972 dentes
2441 918 2742 973 descendit.
2768 919 2898 973 Item
2926 936 3019 986 per
3040 936 3304 974 annorum
3332 922 3597 976 curricula
3621 923 3823 991 septies

2230 1006 2282 1060 in
2314 1023 2435 1061 sese
2468 1008 2875 1075 multiplicatus,
2906 1011 3113 1079 adjecta
3145 1012 3376 1066 monade
3408 1027 3538 1076 una,
3568 1014 3633 1066 ad
3665 1014 3823 1080 quin-

2228 1106 2610 1175 quagenarium
2640 1106 2905 1175 pervenit,
2926 1122 2988 1160 ac
3014 1116 3321 1176 perpetuam
3351 1108 3591 1176 requiem
3618 1109 3822 1177 jubilaai

2228 1196 2493 1261 ostendit;
2523 1212 2825 1266 quanquam
2854 1198 2923 1251 sit
2948 1209 2999 1251 et
3026 1197 3081 1251 in
3119 1213 3184 1251 eo
3233 1198 3430 1267 aliquid
3473 1200 3824 1265 contrarium,

2228 1296 2283 1338 ut
2316 1285 2540 1354 legimus
2582 1287 2806 1341 bestiam
2837 1299 3043 1358 septem
3090 1291 3263 1358 capita
3322 1290 3631 1344 habentem.
3687 1292 3826 1347 Sunt

2229 1387 2282 1430 et
2308 1380 2512 1443 septem
2539 1376 2842 1432 dtemonnm
2870 1380 3182 1447 principalia
3216 1380 3365 1433 vitia.
3394 1380 3602 1434 Inﬁnita
3625 1383 3825 1451 quippe

2229 1469 2475 1538 exempla
2512 1470 2669 1537 hujus
2697 1473 2903 1525 numeri
2936 1473 2986 1524 in
3020 1471 3192 1525 sacris
3214 1470 3464 1539 eloquiis.

2302 1559 2394 1615 44.
2437 1561 2543 1616 Sed
2579 1564 2773 1616 iterum
2820 1571 3162 1617 transeamus
3190 1563 3257 1616 ad
3305 1564 3441 1629 alia,
3474 1577 3595 1633 qua:
3636 1578 3822 1617 nume-

530 1651 723 1720 Iegead
744 1654 881 1707 dicm
897 1655 1182 1721 septimum
1203 1644 1962 1723 pertinet.Namnullumdicm
1985 1660 2123 1715 Deus
2161 1668 2201 1725 Β
2231 1671 2347 1709 tum
2396 1656 2692 1725 assignant.
2736 1655 2952 1725 Septem
2992 1656 3133 1725 apud
3161 1666 3370 1711 veteres
3391 1669 3821 1711 annumerantur

528 1742 885 1797 sanctiticavit
905 1746 1086 1812 operis
1112 1747 1215 1810 sui,
1250 1748 1343 1800 sed
1376 1749 1731 1803 sanctificavit
1761 1760 1963 1806 tantum
1993 1768 2115 1821 sep-

530 1833 735 1898 timum,
766 1833 815 1887 in
848 1850 951 1903 qtto
983 1835 1244 1904 requievit
1272 1836 1340 1890 ab
1369 1838 1623 1905 Operibus
1667 1841 1799 1894 suis.
1831 1840 1958 1898 Jure
1990 1858 2120 1913 ergo

530 1927 857 1994 septiformis
883 1928 1113 1995 Spiritus
1141 1929 1421 1998 imaginem
1450 1941 1644 2000 portat,
1672 1932 1765 2002 qui
1809 1950 1901 2001 per
1930 1935 2123 1988 divini-

527 2019 650 2073 tatis
682 2021 1067 2089 plenitudinem
1099 2022 1151 2075 in
1181 2022 1398 2076 Christo
1423 2022 1704 2091 inhabitat,
1730 2026 1863 2081 Isaia
1894 2038 2121 2083 testante

528 2112 785 2177 prOpheta
840 2130 851 2163 :
914 2110 979 2164 Et
1026 2113 1322 2177 requiescet,
1369 2114 1558 2183 inquit,
1615 2114 1845 2184 Spiritus
1886 2116 2117 2185 Domini,

528 2203 754 2274 Spiritus
797 2207 1064 2273 sapientiw
1114 2215 1159 2260 et
1208 2206 1518 2273 intellectus,
1556 2207 1783 2278 Spiritus
1835 2212 2035 2265 consilii
2075 2222 2123 2266 et

525 2298 862 2367 fortitudinis,
886 2298 1110 2366 Spiritus
1133 2300 1358 2353 scientite
1379 2311 1425 2354 et
1447 2301 1672 2369 pietatis,
1700 2310 1746 2356 et
1769 2302 1979 2373 reptebit
2004 2320 2121 2358 eum

527 2388 755 2457 Spiritus
782 2391 978 2443 timoris
1026 2390 1231 2444 Domini
1262 2389 1397 2447 (lsa.
1434 2408 1507 2457 tu,
1538 2393 1615 2461 2).

596 2478 688 2533 40.
718 2480 868 2535 Unde
899 2490 948 2533 et
966 2480 1256 2534 Zacharias
1284 2482 1383 2535 sub
1410 2482 1638 2551 imagine
1659 2482 1862 2537 Christi
1888 2483 2117 2552 lapidem

528 2573 809 2626 habentem
840 2574 1022 2627 oculos
1045 2585 1251 2642 septem
1296 2575 1499 2629 scribit.
1554 2574 1721 2644 IIujus
1752 2590 1880 2645 ergo
1910 2575 2119 2630 numeri

528 2666 770 2732 exempla
803 2665 854 2719 in
884 2667 1085 2720 divinis
1117 2668 1483 2720 vtilnminibus
1508 2668 1723 2736 cepiosa
1755 2679 1900 2723 sunt.
1937 2669 2115 2739 Septi-

529 2770 646 2809 mus
672 2757 810 2809 enim
841 2757 908 2811 ab
938 2757 1105 2812 Adam
1138 2759 1456 2814 transfertur
1481 2760 1685 2814 Enoch.
1736 2761 1802 2815 Et
1850 2762 2116 2830 septimus

524 2840 860 2918 cottiputatur
886 2852 1138 2921 Lamech,
1159 2855 1247 2923 qui
1273 2863 1479 2923 septem
1510 2854 1771 2909 vindictas
1787 2857 1948 2911 solvit
1964 2859 2115 2912 Cain.

526 2942 767 3010 Septimo
788 2944 873 2999 die
891 2944 1237 3015 ingressionis
1260 2947 1372 3002 Noe
1393 2947 1653 3002 diluvium
1679 2946 1795 3013 fuit,
1812 2962 1863 3004 et
1887 2952 2116 3021 septimo

2224 1762 2419 1817 genera
2484 1747 2875 1816 philosophias,
2937 1749 3107 1817 prima
3156 1748 3523 1812 arithmetica,
3577 1749 3817 1803 secundi

2223 1839 2540 1906 geometria,
2570 1840 2723 1893 tertia
2759 1838 2985 1904 musica,
3012 1847 3203 1908 quarta
3236 1839 3563 1895 astronomia
3583 1882 3597 1905 ,
3634 1841 3820 1909 quinta

2223 1928 2533 1998 astrologia,
2561 1937 2715 1983 sexta
2744 1928 3076 1994 mechanica,
3110 1930 3335 1998 septima
3366 1930 3649 1985 medicina.
3677 1930 3824 1985 Idem

2223 2033 2437 2088 quoque
2465 2022 2802 2088 septenarius
2836 2036 3090 2075 numerus
3118 2022 3343 2077 formam
3372 2022 3509 2076 Iun-.e
3537 2024 3823 2092 complec-

2227 2110 2387 2177 titur;
2423 2120 2501 2165 tot
2537 2113 2679 2166 enim
2727 2112 2886 2167 habet
2924 2113 3047 2167 luna
3081 2113 3317 2181 ﬁguras:
3366 2116 3537 2184 prima
3582 2131 3819 2185 namque

2223 2200 2458 2255 bicornis
2486 2210 2606 2268 est,
2632 2210 2690 2257 et
2715 2203 2951 2258 secunda
2990 2205 3215 2270 sectilis,
3246 2220 3365 2275 quae
3409 2206 3700 2261 medilunia
3724 2224 3823 2276 ap-

2224 2293 2473 2361 pellatur,
2509 2295 2663 2348 tertia
2694 2295 2936 2362 dimidia,
2965 2306 3154 2366 quarta
3187 2298 3367 2366 plena,
3398 2298 3604 2366 quinta,
3635 2298 3686 2353 id
3708 2311 3821 2364 est,

2222 2380 2440 2435 dimidia
2469 2398 2538 2437 ex
2570 2383 2806 2453 majore,
2831 2398 2981 2440 sexta
3013 2387 3063 2440 id
3090 2396 3172 2441 est
3193 2388 3421 2453 sectilis,
3450 2389 3679 2458 septima
3704 2391 3823 2458 vix,

2223 2471 2365 2540 quod
2391 2481 2443 2526 et
2476 2473 2677 2541 prima,
2708 2473 2963 2529 bicornis.
2988 2474 3122 2529 Nam
3154 2486 3262 2531 tres
3298 2477 3493 2531 Formas
3526 2479 3811 2546 prtedictas

2223 2567 2411 2621 eadem
2447 2568 2609 2636 Iigura
2638 2567 2901 2622 deﬁniens
2931 2578 3145 2638 repetit.
3172 2569 3267 2624 lIic
3285 2570 3444 2624 etiam
3478 2586 3734 2626 numerus
3764 2581 3821 2625 et

2224 2660 2441 2715 nomina
2466 2662 2603 2715 luna:
2618 2661 2908 2730 signiticet.
2933 2662 3063 2714 Nam
3089 2662 3410 2727 unmn,dno,
3431 2664 3820 2733 tria,quatuor,

2223 2753 2485 2823 quinque,
2515 2763 2568 2808 et
2607 2768 2727 2818 sex,
2755 2762 2809 2807 et
2838 2761 3045 2822 septem
3079 2753 3264 2823 viginti
3301 2763 3424 2808 octo
3448 2754 3671 2809 faciunt.

2294 2847 2385 2903 43.
2428 2847 2556 2903 Item
2604 2858 2681 2903 tot
2722 2858 2849 2903 sunt
2886 2850 3099 2915 circuli,
3139 2858 3215 2904 tot
3265 2849 3495 2919 planetu:
3532 2851 3681 2917 'caali,
3739 2860 3822 2906 tot

2222 2939 2343 2993 dies
2365 2939 2571 3003 mundi,
2605 2948 2787 3009 totque
2816 2941 3204 2996 transfusiones
3232 2944 3649 3000 elementorum.
3682 2944 3816 2999 Nam

532 3050 717 3089 mense
748 3038 991 3091 residens
1035 3054 1158 3093 arca
1201 3039 1426 3108 quievit.
1471 3040 1701 3110 Septena
1752 3057 1963 3110 quoque
2006 3042 2121 3097 ani-
2149 3038 2195 3101 C
2228 3046 2293 3086 εκ
2324 3033 2445 3100 ίϐιιε
2473 3048 2586 3099 δεῖν
2618 3047 2684 3087 εἰ
2710 3048 2837 3089 aere
2876 3049 3033 3103 θψιδ,
3070 3049 3137 3089 ει
3169 3051 3307 3105 aqua
3342 3044 3503 3100 ῑθτην
3536 3037 3588 3090 id
3615 3047 3697 3091 εει
3724 3053 3818 3093 35'

531 3128 686 3181 utalia
720 3128 1043 3185 introierunt
1068 3132 1117 3186 in
1142 3147 1359 3200 arcam;
1390 3143 1444 3189 et
1466 3143 1670 3203 septem
1707 3133 1894 3189 diebus
1925 3137 1975 3190 in
2022 3152 2115 3191 ve-

526 3221 623 3274 teri
654 3221 768 3291 lege
812 3222 1074 3277 celebrari
1119 3225 1427 3293 prtecipitur
1468 3226 1682 3293 pascha.
1726 3224 2117 3281 Candelabrum

531 3319 715 3365 autem
747 3322 954 3383 septem
1000 3329 1273 3369 ramorum
1329 3314 1383 3368 in
1432 3316 1777 3371 tabernaculo
1829 3318 2119 3373 testimonii

531 3404 741 3476 Moyses
773 3410 1048 3477 legislator
1074 3411 1373 3464 constituit.

596 3496 687 3548 41.
713 3497 849 3549 Area
872 3513 1081 3566 quoque
1094 3498 1809 3571 Testamenticlangentibus
1835 3503 1971 3557 tubis
1996 3518 2116 3572 sep-

526 3585 625 3639 ties
676 3587 1000 3643 circumacta
1062 3590 1279 3645 Jericho
1330 3607 1514 3645 muros
1558 3593 1839 3648 subvertit.
1893 3595 2116 3649 Eliszeus

527 3690 755 3745 namque
780 3679 982 3745 septies
1036 3695 1195 3746 super
1243 3690 1511 3736 mortuum
1568 3699 1790 3754 puermn
1840 3684 2114 3742 excitavit.

524 3768 741 3835 Septem
769 3785 980 3839 quoque
1007 3772 1262 3829 mulieres
1294 3775 1342 3828 in
1378 3774 1512 3829 Isaia
1538 3776 1709 3831 virum
1736 3794 1895 3831 unum
1920 3793 2117 3847 appre-

522 3858 852 3925 henderunt;
889 3862 1217 3935 totidemque
1253 3863 1446 3921 fratres
1473 3868 1611 3936 apud
1645 3868 1972 3923 Sadducaaos
1997 3886 2105 3924 mn.

526 3951 638 4004 lieri
663 3953 890 4019 nubunt,
909 3956 1123 4009 sibimet
1147 3957 1749 4028 succedentes.Septem
1774 3963 1934 4014 etiam
1953 3978 2115 4031 panes

525 4043 721 4108 populo
770 4044 821 4096 in
867 4043 1158 4115 Evangelia
1204 4048 1535 4117 dividuntur,
1569 4060 1622 4104 et
1667 4063 1871 4120 septem
1917 4064 2113 4123 sporn:

523 4132 921 4197 superfuerunt.

593 4224 682 4279 42.
707 4226 921 4293 Septem
952 4228 1112 4282 etiam
1154 4227 1415 4287 Ecclesiis
1443 4234 1718 4302 apostolus
1750 4235 1947 4291 Paulus
1975 4239 2114 4291 scri-

526 4317 620 4384 liit,
654 4319 703 4373 id
736 4329 839 4386 est,
874 4321 1146 4388 Romanis,
1198 4322 1516 4391 Corinthiis,
1567 4324 1793 4395 Galatia,
1841 4330 2109 4397 Ephesiis,

2226 3122 2429 3189 censio,
2456 3138 2522 3177 ex
2561 3132 2704 3178 terra
2734 3139 2895 3195 aqua,
2928 3140 2992 3179 ex
3019 3139 3157 3195 aqua
3182 3141 3296 3193 aer,
3327 3138 3380 3182 et
3406 3143 3471 3182 ex
3501 3143 3626 3184 aere
3654 3130 3814 3199 ignis.

2229 3215 2399 3270 Porro
2430 3218 2730 3285 septimana
2765 3226 2950 3287 partus
2975 3219 3247 3273 hominem
3279 3220 3581 3273 absolutum
3611 3221 3821 3289 perfec-

2225 3316 2444 3376 tumque
2469 3308 2768 3363 dimittunt.
2796 3308 3038 3379 Septima
3075 3325 3288 3380 quoque
3324 3311 3409 3364 die
3433 3312 3561 3381 aegri
3595 3313 3818 3381 pericli-

2225 3408 2421 3453 tantur.
2476 3400 2702 3457 Vocales
2728 3416 2944 3471 quoque
2986 3402 3191 3458 Grates:
3234 3403 3428 3458 littera:
3462 3413 3665 3474 septem
3717 3405 3822 3459 ha-

2223 3491 2438 3544 bentur.

2294 3580 2385 3634 46.
2414 3581 2534 3650 Ipse
2561 3592 2739 3638 autem
2774 3584 2935 3639 homo
2959 3594 3166 3655 septem
3200 3593 3410 3641 meatus
3442 3584 3603 3641 habet
3640 3587 3692 3640 in
3722 3599 3818 3640 ca-

2224 3675 2334 3745 pite
2362 3676 2609 3731 sen-ibns
2638 3688 2988 3747 praeparatos,
3018 3678 3155 3734 duos
3178 3679 3396 3745 oculos,
3427 3694 3710 3749 auresque,
3764 3689 3821 3734 et

2222 3781 2382 3823 nares
2422 3767 2666 3835 totidem,
2700 3778 2755 3823 et
2781 3783 2844 3824 os
2872 3785 3056 3824 unum.
3092 3771 3335 3825 Parvulis
3384 3772 3548 3825 etiam
3585 3771 3824 3840 septimo

2221 3875 2405 3916 mense
2436 3860 2624 3915 dentes
2671 3870 2986 3932 emergunt,
3040 3863 3272 3931 septimo
3327 3877 3470 3916 anno
3519 3870 3819 3916 mutantur.

2220 3954 2352 4008 Item
2374 3953 2607 4009 secunda
2630 3953 2985 4019 hebdomade,
3020 3955 3072 4010 id
3097 3964 3200 4022 est,
3224 3966 3415 4025 quarto
3443 3956 3656 4010 decimo
3673 3971 3821 4011 anno

2221 4046 2396 4100 infans
2441 4047 2722 4115 pubescit,
2759 4056 2812 4100 et
2851 4048 3257 4116 possibilitatem
3296 4048 3545 4118 gignendi
3596 4048 3817 4115 accipit.

2217 4137 2397 4192 Tertia
2430 4155 2555 4194 vero
2585 4140 2891 4206 lanuginem
2907 4141 3069 4212 232
3098 4151 3150 4195 et
3172 4143 3358 4194 ﬂorem
3390 4155 3646 4209 genarum
3683 4155 3816 4208 pro-

2217 4230 2382 4285 ducit.
2410 4233 2606 4297 Quarta
2634 4234 2964 4289 incrementa
2992 4243 3213 4288 staturae
3242 4233 3595 4298 deﬁniuntur;
3628 4235 3824 4301 quinta

2210 4324 2464 4393 juvenilis
2489 4330 2661 4382 astatis
2708 4330 2862 4393 plena
2895 4327 3150 4396 perfectio
3180 4328 3336 4382 datur
3361 4346 3375 4395 ;
3404 4336 3552 4383 sexta
3580 4327 3823 4382 delluxio

523 4408 805 4480 Philippis,
862 4414 1118 4484 Colossis,
1172 4416 1592 4473 Thessalonicis.
1652 4418 1719 4472 Et
1765 4419 1998 4477 Joannes
2050 4422 2104 4477 in
2138 4432 2188 4492 ι)
2217 4429 2338 4483 est,
2370 4420 2600 4489 septima
2631 4424 2920 4477 senectutis
2945 4422 3176 4478 initium.

523 4504 843 4576 ApoCalypsi
872 4506 1002 4561 vidit
1025 4518 1255 4564 stantem
1284 4509 1557 4564 Christum
1601 4510 1653 4564 in
1687 4512 1863 4568 medio
1903 4523 2114 4583 septem

521 4595 990 4665 candelabrorutu,
1042 4600 1092 4653 id
1150 4610 1256 4668 est,
1306 4601 1671 4657 Ecclesiarum
1722 4603 2113 4673 Ephesiorum,

521 4684 953 4756 Smyrnensium,
975 4689 1356 4759 Pergatnorum
1408 4693 1815 4764 Thyatirarum,
1842 4696 2113 4766 Sardium,

534 4777 1042 4851 Philadelphiornm,
1066 4794 1120 4839 et
1158 4785 1560 4842 Laodieiorum.

595 4872 686 4926 42.
711 4870 840 4925 Item
865 4874 1001 4942 apud
1026 4876 1271 4929 eumdem
1296 4888 1503 4946 septem
1519 4879 1572 4932 in
1598 4878 1815 4934 dextera
1840 4880 2116 4936 Deistellte

522 4967 789 5038 leguntur,
804 4978 858 5023 et
873 4978 1078 5036 septem
1092 4968 1362 5038 signacula
1383 4970 1501 5025 libri
1514 4972 1696 5041 Agnus
1712 4972 1924 5029 occisus
1942 4975 2113 5029 resol-

593 5126 679 5181 59.
724 5128 776 5183 In
811 5125 1029 5198 Vulgata
1063 5145 1076 5180 :
1110 5126 1173 5180 Et
1194 5129 1470 5200 requiescet
1510 5145 1665 5198 super
1684 5144 1802 5183 eum
1847 5128 2100 5199 Spiritus,

519 5206 624 5249 810..

594 5268 683 5320 41.
724 5270 874 5333 Quod
904 5270 972 5325 de
1005 5269 1197 5323 Elissae
1228 5270 1449 5331 dicitur,
1481 5272 1832 5336 depravatum
1866 5268 2103 5324 videtur.

526 5337 642 5390 Lib.
676 5337 737 5390 IV
760 5338 932 5409 'lleg.,
961 5356 1079 5409 cap.
1124 5356 1194 5403 tv,
1240 5340 1308 5394 35
1335 5350 1386 5395 et
1406 5356 1585 5409 seqq.,
1612 5356 1733 5393 cum
1774 5340 2001 5394 Elisseus
2028 5341 2109 5395 bis

522 5419 611 5459 aut
642 5419 722 5463 ter
762 5423 922 5477 super
948 5428 1167 5479 puerum
1196 5422 1459 5465 mOrtuum
1487 5412 1836 5470 incubuisset,
1875 5412 2109 5464 oscitavit

528 5495 649 5547 puer
673 5480 879 5543 septies,
936 5482 1075 5547 quod
1106 5483 1331 5535 fortasse
1360 5483 1583 5535 innuere
1619 5484 1781 5535 voluit
1814 5481 2070 5535 Isidorus.

592 5548 679 5622 {$5.
732 5550 833 5602 Per
857 5562 1048 5616 septem
1078 5554 1138 5603 dt.
1165 5568 1264 5603 uno
1291 5569 1493 5622 quoque
1511 5592 1524 5614 ,
1550 5562 1652 5622 etc,
1687 5553 1933 5605 Mendum
1958 5562 2107 5606 certe

522 5620 728 5688 subest,
775 5624 916 5690 quod
948 5624 1017 5675 ita
1043 5624 1318 5678 emendari
1360 5620 1532 5693 potest
1580 5639 1594 5678 :
1634 5621 1733 5677 I’er
1762 5634 1975 5693 septem,
2008 5640 2108 5677 uno

2297 4507 2392 4565 47.
2434 4511 2566 4564 Item
2598 4520 2803 4578 septem
2833 4522 3050 4565 naturas
3084 4511 3361 4567 abstrusas
3389 4510 3629 4565 membra
3664 4524 3821 4563 mor-

2224 4601 2436 4668 talium,
2486 4601 2537 4655 id
2568 4612 2673 4668 est,
2731 4601 2986 4672 linguam,
3041 4618 3153 4668 cor,
3197 4603 3534 4672 pulmonem,
3593 4600 3821 4666 lienem,

2217 4696 2393 4766 jecur,
2445 4705 2502 4750 et
2530 4695 2667 4749 duos
2710 4709 2885 4749 renes.
2954 4696 3081 4749 Item
3115 4705 3320 4764 septem
3362 4696 3608 4764 corporis
3634 4704 3822 4762 partes

2224 4789 2494 4845 hominem
2526 4790 2832 4857 perficiunt,
2875 4790 2924 4843 id
2963 4798 3068 4856 est,
3121 4799 3300 4858 caput,
3328 4790 3549 4854 collum,
3588 4795 3813 4858 pectus,

2223 4891 2429 4944 venter,
2462 4882 2582 4937 dure
2610 4896 2819 4945 manus,
2853 4881 3072 4937 totidem
3101 4882 3284 4951 pedes,
3312 4892 3366 4937 et
3388 4884 3439 4936 in
3463 4883 3668 4936 vertice
3691 4882 3820 4936 axis

2222 4972 2481 5028 etelestis.

2207 5145 2406 5198 quoque
2430 5137 2637 5201 prapter
2659 5125 2953 5196 mysterium
2982 5125 3197 5179 unitatis
3224 5126 3449 5201 adjecto,
3483 5126 3818 5195 quinquage-

2209 5196 2639 5270 narium'ef/icit.
2688 5201 2800 5255 Aut
2838 5213 2929 5268 per
2964 5207 3158 5267 septem
3194 5196 3413 5251 monade
3439 5213 3543 5249 una
3570 5208 3815 5264 prapter,

2210 5279 2317 5326 etc.

2281 5340 2373 5397 44,
2415 5338 2799 5409 Corrigendum
2828 5349 2955 5408 puto
2985 5339 3198 5405 septima
3228 5340 3327 5404 bis,
3357 5338 3518 5408 quod,
3550 5348 3659 5393 etc.

2283 5412 2374 5465 45.
2418 5411 2718 5480 Septimana
2744 5421 2959 5480 partus,
2992 5419 3097 5465 etc.
3128 5410 3427 5465 Obscurum
3486 5411 3538 5468 id
3579 5420 3633 5465 et
3670 5411 3823 5464 forte

2217 5482 2559 5538 tuendosunn

2292 5553 2378 5607 tib'.
2421 5552 2609 5608 Melius
2635 5551 2911 5609 videretur
2936 5562 3077 5608 sexta
3102 5553 3322 5624 deﬂexio
3351 5561 3445 5607 cst.
