  <div class='ocr_page' id='page_1' title='image "/cluster/home/n/w/nwhite01/storage/ocr_20150623/83/hvd.32044054758875/100.png"; bbox 0 0 4108 6178; ppageno 0'>
   <div class='ocr_carea' id='block_1_1' title="bbox 370 183 478 241">
    <p class='ocr_par' dir='ltr' id='par_1_1' title="bbox 370 183 478 241">
     <span class='ocr_line' id='line_1_1' title="bbox 370 183 478 241; baseline -0.009 0"><span class='ocrx_word' id='word_1_1' title='bbox 370 183 478 241; x_wconf 76' lang='lat' dir='ltr'><strong>I89</strong></span> 
     </span>
    </p>
   </div>
   <div class='ocr_carea' id='block_1_2' title="bbox 983 298 1342 354">
    <p class='ocr_par' dir='ltr' id='par_1_2' title="bbox 983 298 1342 354">
     <span class='ocr_line' id='line_1_2' title="bbox 983 298 1342 354; baseline 0.003 -2"><span class='ocrx_word' id='word_1_2' title='bbox 983 298 1212 354; x_wconf 74' lang='lat' dir='ltr'><strong>CAPUT</strong></span> <span class='ocrx_word' id='word_1_3' title='bbox 1253 299 1342 353; x_wconf 85' lang='lat' dir='ltr'><strong>IX.</strong></span> 
     </span>
    </p>
   </div>
   <div class='ocr_carea' id='block_1_3' title="bbox 854 406 1479 464">
    <p class='ocr_par' dir='ltr' id='par_1_3' title="bbox 854 406 1479 464">
     <span class='ocr_line' id='line_1_3' title="bbox 854 406 1479 464; baseline 0.006 -4"><span class='ocrx_word' id='word_1_4' title='bbox 854 406 930 462; x_wconf 83' lang='lat' dir='ltr'><strong>De</strong></span> <span class='ocrx_word' id='word_1_5' title='bbox 956 411 1218 464; x_wconf 72' lang='lat' dir='ltr'><strong>ocronario</strong></span> <span class='ocrx_word' id='word_1_6' title='bbox 1247 427 1479 464; x_wconf 83' lang='lat' dir='ltr'><strong>numero.</strong></span> 
     </span>
    </p>
   </div>
   <div class='ocr_carea' id='block_1_4' title="bbox 437 518 1955 589">
    <p class='ocr_par' dir='ltr' id='par_1_4' title="bbox 437 518 1955 589">
     <span class='ocr_line' id='line_1_4' title="bbox 437 518 1955 589; baseline 0.003 -17"><span class='ocrx_word' id='word_1_7' title='bbox 437 520 529 572; x_wconf 72' lang='grc'><strong>48.</strong></span> <span class='ocrx_word' id='word_1_8' title='bbox 576 518 886 574; x_wconf 77' lang='lat' dir='ltr'><strong>Oclonarias</strong></span> <span class='ocrx_word' id='word_1_9' title='bbox 920 523 1120 589; x_wconf 85' lang='lat' dir='ltr'><strong>primus</strong></span> <span class='ocrx_word' id='word_1_10' title='bbox 1162 530 1218 577; x_wconf 89' lang='lat' dir='ltr'><strong>et</strong></span> <span class='ocrx_word' id='word_1_11' title='bbox 1247 521 1517 589; x_wconf 82' lang='lat' dir='ltr'><strong>perfectus</strong></span> <span class='ocrx_word' id='word_1_12' title='bbox 1545 531 1658 588; x_wconf 81' lang='lat' dir='ltr'><strong>est;</strong></span> <span class='ocrx_word' id='word_1_13' title='bbox 1712 536 1835 574; x_wconf 91' lang='lat' dir='ltr'><strong>nam</strong></span> <span class='ocrx_word' id='word_1_14' title='bbox 1891 538 1955 576; x_wconf 81' lang='lat' dir='ltr'><strong>ex</strong></span> 
     </span>
    </p>
   </div>
   <div class='ocr_carea' id='block_1_5' title="bbox 367 613 1956 683">
    <p class='ocr_par' dir='ltr' id='par_1_5' title="bbox 367 613 1956 683">
     <span class='ocr_line' id='line_1_5' title="bbox 367 613 1956 683; baseline 0.003 -19"><span class='ocrx_word' id='word_1_15' title='bbox 367 614 546 680; x_wconf 86' lang='lat' dir='ltr'><strong>primo</strong></span> <span class='ocrx_word' id='word_1_16' title='bbox 577 625 748 677; x_wconf 89' lang='lat' dir='ltr'><strong>motu,</strong></span> <span class='ocrx_word' id='word_1_17' title='bbox 784 613 835 666; x_wconf 88' lang='lat' dir='ltr'><strong>id</strong></span> <span class='ocrx_word' id='word_1_18' title='bbox 865 623 966 678; x_wconf 88' lang='lat' dir='ltr'><strong>est,</strong></span> <span class='ocrx_word' id='word_1_19' title='bbox 992 630 1061 667; x_wconf 79' lang='lat' dir='ltr'><strong>ex</strong></span> <span class='ocrx_word' id='word_1_20' title='bbox 1089 614 1299 668; x_wconf 89' lang='lat' dir='ltr'><strong>duobus</strong></span> <span class='ocrx_word' id='word_1_21' title='bbox 1326 630 1420 683; x_wconf 89' lang='lat' dir='ltr'><strong>per</strong></span> <span class='ocrx_word' id='word_1_22' title='bbox 1442 615 1576 669; x_wconf 89' lang='lat' dir='ltr'><strong>duos</strong></span> <span class='ocrx_word' id='word_1_23' title='bbox 1603 623 1833 683; x_wconf 75' lang='lat' dir='ltr'><strong>quatuor</strong></span> <span class='ocrx_word' id='word_1_24' title='bbox 1862 630 1956 682; x_wconf 84' lang='lat' dir='ltr'><strong>ge-</strong></span> 
     </span>
    </p>
   </div>
   <div class='ocr_carea' id='block_1_6' title="bbox 367 703 1952 775">
    <p class='ocr_par' dir='ltr' id='par_1_6' title="bbox 367 703 1952 775">
     <span class='ocr_line' id='line_1_6' title="bbox 367 703 1952 775; baseline 0.001 -18"><span class='ocrx_word' id='word_1_25' title='bbox 367 712 634 770; x_wconf 79' lang='lat' dir='ltr'><strong>nernt,et</strong></span> <span class='ocrx_word' id='word_1_26' title='bbox 659 703 741 757; x_wconf 88' lang='lat' dir='ltr'><strong>bis</strong></span> <span class='ocrx_word' id='word_1_27' title='bbox 783 705 910 758; x_wconf 78' lang='lat' dir='ltr'><strong>facit</strong></span> <span class='ocrx_word' id='word_1_28' title='bbox 952 705 1248 760; x_wconf 89' lang='lat' dir='ltr'><strong>ocdoadum</strong></span> <span class='ocrx_word' id='word_1_29' title='bbox 1285 707 1598 775; x_wconf 79' lang='lat' dir='ltr'><strong>perlectum.</strong></span> <span class='ocrx_word' id='word_1_30' title='bbox 1650 705 1744 759; x_wconf 92' lang='lat' dir='ltr'><strong>llic</strong></span> <span class='ocrx_word' id='word_1_31' title='bbox 1774 717 1952 759; x_wconf 88' lang='lat' dir='ltr'><strong>autem</strong></span> 
     </span>
    </p>
   </div>
   <div class='ocr_carea' id='block_1_7' title="bbox 366 797 1956 866">
    <p class='ocr_par' dir='ltr' id='par_1_7' title="bbox 366 797 1956 866">
     <span class='ocr_line' id='line_1_7' title="bbox 366 797 1956 866; baseline 0.001 -18"><span class='ocrx_word' id='word_1_32' title='bbox 366 809 628 848; x_wconf 88' lang='lat' dir='ltr'><strong>numerus</strong></span> <span class='ocrx_word' id='word_1_33' title='bbox 658 805 879 849; x_wconf 86' lang='lat' dir='ltr'><strong>sanctus</strong></span> <span class='ocrx_word' id='word_1_34' title='bbox 905 805 1010 861; x_wconf 76' lang='lat' dir='ltr'><strong>est,</strong></span> <span class='ocrx_word' id='word_1_35' title='bbox 1036 807 1090 850; x_wconf 90' lang='lat' dir='ltr'><strong>et</strong></span> <span class='ocrx_word' id='word_1_36' title='bbox 1129 799 1179 851; x_wconf 91' lang='lat' dir='ltr'><strong>in</strong></span> <span class='ocrx_word' id='word_1_37' title='bbox 1224 799 1388 866; x_wconf 82' lang='lat' dir='ltr'><strong>ﬁgura</strong></span> <span class='ocrx_word' id='word_1_38' title='bbox 1425 813 1566 850; x_wconf 74' lang='lat' dir='ltr'><strong>vera:</strong></span> <span class='ocrx_word' id='word_1_39' title='bbox 1591 797 1956 850; x_wconf 82' lang='lat' dir='ltr'><strong>circumcisio-</strong></span> 
     </span>
    </p>
   </div>
   <div class='ocr_carea' id='block_1_8' title="bbox 367 888 1952 958">
    <p class='ocr_par' dir='ltr' id='par_1_8' title="bbox 367 888 1952 958">
     <span class='ocr_line' id='line_1_8' title="bbox 367 888 1952 958; baseline 0.001 -18"><span class='ocrx_word' id='word_1_40' title='bbox 367 889 452 940; x_wconf 75' lang='lat' dir='ltr'><strong>nis</strong></span> <span class='ocrx_word' id='word_1_41' title='bbox 479 888 773 956; x_wconf 74' lang='lat' dir='ltr'><strong>ascriptus.</strong></span> <span class='ocrx_word' id='word_1_42' title='bbox 816 889 954 954; x_wconf 84' lang='lat' dir='ltr'><strong>Quin</strong></span> <span class='ocrx_word' id='word_1_43' title='bbox 988 889 1147 943; x_wconf 89' lang='lat' dir='ltr'><strong>etiam</strong></span> <span class='ocrx_word' id='word_1_44' title='bbox 1171 899 1225 943; x_wconf 89' lang='lat' dir='ltr'><strong>et</strong></span> <span class='ocrx_word' id='word_1_45' title='bbox 1253 889 1556 958; x_wconf 72' lang='lat' dir='ltr'><strong>septenario</strong></span> <span class='ocrx_word' id='word_1_46' title='bbox 1584 902 1813 942; x_wconf 89' lang='lat' dir='ltr'><strong>numero</strong></span> <span class='ocrx_word' id='word_1_47' title='bbox 1842 890 1952 956; x_wconf 84' lang='lat' dir='ltr'><strong>pri-</strong></span> 
     </span>
    </p>
   </div>
   <div class='ocr_carea' id='block_1_9' title="bbox 363 977 1948 1048">
    <p class='ocr_par' dir='ltr' id='par_1_9' title="bbox 363 977 1948 1048">
     <span class='ocr_line' id='line_1_9' title="bbox 363 977 1948 1048; baseline -0.001 -18"><span class='ocrx_word' id='word_1_48' title='bbox 363 992 490 1030; x_wconf 87' lang='lat' dir='ltr'><strong>mus</strong></span> <span class='ocrx_word' id='word_1_49' title='bbox 524 987 629 1038; x_wconf 87' lang='lat' dir='ltr'><strong>est,</strong></span> <span class='ocrx_word' id='word_1_50' title='bbox 661 987 717 1032; x_wconf 91' lang='lat' dir='ltr'><strong>et</strong></span> <span class='ocrx_word' id='word_1_51' title='bbox 742 993 808 1033; x_wconf 85' lang='lat' dir='ltr'><strong>ex</strong></span> <span class='ocrx_word' id='word_1_52' title='bbox 837 993 1044 1046; x_wconf 88' lang='lat' dir='ltr'><strong>septem</strong></span> <span class='ocrx_word' id='word_1_53' title='bbox 1081 989 1186 1042; x_wconf 85' lang='lat' dir='ltr'><strong>est,</strong></span> <span class='ocrx_word' id='word_1_54' title='bbox 1210 979 1350 1032; x_wconf 90' lang='lat' dir='ltr'><strong>sicut</strong></span> <span class='ocrx_word' id='word_1_55' title='bbox 1374 980 1422 1032; x_wconf 91' lang='lat' dir='ltr'><strong>in</strong></span> <span class='ocrx_word' id='word_1_56' title='bbox 1471 977 1738 1048; x_wconf 85' lang='lat' dir='ltr'><strong>principio</strong></span> <span class='ocrx_word' id='word_1_57' title='bbox 1788 980 1948 1040; x_wconf 85' lang='lat' dir='ltr'><strong>idem,</strong></span> 
     </span>
    </p>
   </div>
   <div class='ocr_carea' id='block_1_10' title="bbox 358 1074 1954 1144">
    <p class='ocr_par' dir='ltr' id='par_1_10' title="bbox 358 1074 1954 1144">
     <span class='ocr_line' id='line_1_10' title="bbox 358 1074 1954 1144; baseline 0.001 -17"><span class='ocrx_word' id='word_1_58' title='bbox 358 1077 452 1142; x_wconf 84' lang='lat' dir='ltr'><strong>qui</strong></span> <span class='ocrx_word' id='word_1_59' title='bbox 496 1075 592 1129; x_wconf 78' lang='lat' dir='ltr'><strong>[nit</strong></span> <span class='ocrx_word' id='word_1_60' title='bbox 648 1087 868 1131; x_wconf 89' lang='lat' dir='ltr'><strong>octavus</strong></span> <span class='ocrx_word' id='word_1_61' title='bbox 919 1076 972 1130; x_wconf 89' lang='lat' dir='ltr'><strong>in</strong></span> <span class='ocrx_word' id='word_1_62' title='bbox 1013 1077 1287 1131; x_wconf 89' lang='lat' dir='ltr'><strong>creatione</strong></span> <span class='ocrx_word' id='word_1_63' title='bbox 1333 1074 1556 1139; x_wconf 86' lang='lat' dir='ltr'><strong>mundi,</strong></span> <span class='ocrx_word' id='word_1_64' title='bbox 1589 1082 1644 1128; x_wconf 92' lang='lat' dir='ltr'><strong>et</strong></span> <span class='ocrx_word' id='word_1_65' title='bbox 1695 1074 1954 1144; x_wconf 77' lang='lat' dir='ltr'><strong>perfectio</strong></span> 
     </span>
    </p>
   </div>
   <div class='ocr_carea' id='block_1_11' title="bbox 361 1167 710 1222">
    <p class='ocr_par' dir='ltr' id='par_1_11' title="bbox 361 1167 710 1222">
     <span class='ocr_line' id='line_1_11' title="bbox 361 1167 710 1222; baseline 0.009 -3"><span class='ocrx_word' id='word_1_66' title='bbox 361 1167 593 1221; x_wconf 74' lang='lat' dir='ltr'><strong>unitatis</strong></span> <span class='ocrx_word' id='word_1_67' title='bbox 608 1177 710 1222; x_wconf 87' lang='lat' dir='ltr'><strong>est.</strong></span> 
     </span>
    </p>
   </div>
   <div class='ocr_carea' id='block_1_12' title="bbox 431 1277 1953 1349">
    <p class='ocr_par' dir='ltr' id='par_1_12' title="bbox 431 1277 1953 1349">
     <span class='ocr_line' id='line_1_12' title="bbox 431 1277 1953 1349; baseline 0.001 -17"><span class='ocrx_word' id='word_1_68' title='bbox 431 1277 530 1333; x_wconf 70' lang='lat'><strong>49.</strong></span> <span class='ocrx_word' id='word_1_69' title='bbox 570 1280 672 1334; x_wconf 86' lang='lat' dir='ltr'><strong>Sed</strong></span> <span class='ocrx_word' id='word_1_70' title='bbox 701 1279 842 1333; x_wconf 88' lang='lat' dir='ltr'><strong>sicut</strong></span> <span class='ocrx_word' id='word_1_71' title='bbox 871 1280 925 1334; x_wconf 91' lang='lat' dir='ltr'><strong>in</strong></span> <span class='ocrx_word' id='word_1_72' title='bbox 970 1280 1279 1347; x_wconf 76' lang='lat' dir='ltr'><strong>septenario</strong></span> <span class='ocrx_word' id='word_1_73' title='bbox 1325 1295 1549 1334; x_wconf 85' lang='lat' dir='ltr'><strong>numero</strong></span> <span class='ocrx_word' id='word_1_74' title='bbox 1579 1295 1816 1349; x_wconf 69' lang='lat' dir='ltr'><strong>prmsens</strong></span> <span class='ocrx_word' id='word_1_75' title='bbox 1849 1280 1953 1333; x_wconf 84' lang='lat' dir='ltr'><strong>vita</strong></span> 
     </span>
    </p>
   </div>
   <div class='ocr_carea' id='block_1_13' title="bbox 353 1374 1954 1444">
    <p class='ocr_par' dir='ltr' id='par_1_13' title="bbox 353 1374 1954 1444">
     <span class='ocr_line' id='line_1_13' title="bbox 353 1374 1954 1444; baseline 0.004 -21"><span class='ocrx_word' id='word_1_76' title='bbox 353 1374 619 1439; x_wconf 73' lang='lat' dir='ltr'><strong>volvitur,</strong></span> <span class='ocrx_word' id='word_1_77' title='bbox 651 1385 702 1425; x_wconf 88' lang='lat' dir='ltr'><strong>et</strong></span> <span class='ocrx_word' id='word_1_78' title='bbox 727 1375 1061 1443; x_wconf 71' lang='lat' dir='ltr'><strong>designatur,</strong></span> <span class='ocrx_word' id='word_1_79' title='bbox 1091 1375 1160 1429; x_wconf 91' lang='lat' dir='ltr'><strong>ita</strong></span> <span class='ocrx_word' id='word_1_80' title='bbox 1189 1390 1284 1443; x_wconf 87' lang='lat' dir='ltr'><strong>per</strong></span> <span class='ocrx_word' id='word_1_81' title='bbox 1306 1375 1642 1430; x_wconf 90' lang='lat' dir='ltr'><strong>octonarium</strong></span> <span class='ocrx_word' id='word_1_82' title='bbox 1665 1390 1788 1444; x_wconf 84' lang='lat' dir='ltr'><strong>spes</strong></span> <span class='ocrx_word' id='word_1_83' title='bbox 1804 1385 1954 1429; x_wconf 78' lang='lat' dir='ltr'><strong>reter-</strong></span> 
     </span>
    </p>
   </div>
   <div class='ocr_carea' id='block_1_14' title="bbox 352 1465 1952 1521">
    <p class='ocr_par' dir='ltr' id='par_1_14' title="bbox 352 1465 1952 1521">
     <span class='ocr_line' id='line_1_14' title="bbox 352 1465 1952 1521; baseline 0.001 -3"><span class='ocrx_word' id='word_1_84' title='bbox 352 1481 442 1518; x_wconf 77' lang='lat' dir='ltr'><strong>naz</strong></span> <span class='ocrx_word' id='word_1_85' title='bbox 476 1465 888 1521; x_wconf 84' lang='lat' dir='ltr'><strong>resurreCIionis</strong></span> <span class='ocrx_word' id='word_1_86' title='bbox 916 1465 1239 1521; x_wconf 81' lang='lat' dir='ltr'><strong>ostenditur.</strong></span> <span class='ocrx_word' id='word_1_87' title='bbox 1272 1467 1380 1520; x_wconf 86' lang='lat' dir='ltr'><strong>Hoc</strong></span> <span class='ocrx_word' id='word_1_88' title='bbox 1410 1469 1552 1520; x_wconf 80' lang='lat' dir='ltr'><strong>cnim</strong></span> <span class='ocrx_word' id='word_1_89' title='bbox 1577 1465 1665 1520; x_wconf 86' lang='lat' dir='ltr'><strong>die</strong></span> <span class='ocrx_word' id='word_1_90' title='bbox 1696 1467 1952 1520; x_wconf 81' lang='lat' dir='ltr'><strong>Dominus</strong></span> 
     </span>
    </p>
   </div>
   <div class='ocr_carea' id='block_1_15' title="bbox 349 1556 1948 1628">
    <p class='ocr_par' dir='ltr' id='par_1_15' title="bbox 349 1556 1948 1628">
     <span class='ocr_line' id='line_1_15' title="bbox 349 1556 1948 1628; baseline 0.002 -20"><span class='ocrx_word' id='word_1_91' title='bbox 349 1573 384 1608; x_wconf 86' lang='lat' dir='ltr'><strong>a</strong></span> <span class='ocrx_word' id='word_1_92' title='bbox 417 1557 644 1615; x_wconf 83' lang='lat' dir='ltr'><strong>mortuis</strong></span> <span class='ocrx_word' id='word_1_93' title='bbox 685 1558 1012 1622; x_wconf 82' lang='lat' dir='ltr'><strong>resurrexit,</strong></span> <span class='ocrx_word' id='word_1_94' title='bbox 1045 1559 1134 1627; x_wconf 90' lang='lat' dir='ltr'><strong>qui</strong></span> <span class='ocrx_word' id='word_1_95' title='bbox 1177 1558 1382 1612; x_wconf 61' lang='lat' dir='ltr'><strong>scilicet</strong></span> <span class='ocrx_word' id='word_1_96' title='bbox 1409 1573 1437 1611; x_wconf 88' lang='lat' dir='ltr'><strong>a</strong></span> <span class='ocrx_word' id='word_1_97' title='bbox 1469 1556 1717 1628; x_wconf 82' lang='lat' dir='ltr'><strong>passione</strong></span> <span class='ocrx_word' id='word_1_98' title='bbox 1741 1559 1948 1612; x_wconf 90' lang='lat' dir='ltr'><strong>Domini</strong></span> 
     </span>
    </p>
   </div>
   <div class='ocr_carea' id='block_1_16' title="bbox 347 1649 1948 1718">
    <p class='ocr_par' dir='ltr' id='par_1_16' title="bbox 347 1649 1948 1718">
     <span class='ocr_line' id='line_1_16' title="bbox 347 1649 1948 1718; baseline 0.002 -17"><span class='ocrx_word' id='word_1_99' title='bbox 347 1657 700 1718; x_wconf 82' lang='lat' dir='ltr'><strong>computatur</strong></span> <span class='ocrx_word' id='word_1_100' title='bbox 748 1649 971 1714; x_wconf 86' lang='lat' dir='ltr'><strong>tertius;</strong></span> <span class='ocrx_word' id='word_1_101' title='bbox 1003 1650 1057 1702; x_wconf 91' lang='lat' dir='ltr'><strong>in</strong></span> <span class='ocrx_word' id='word_1_102' title='bbox 1091 1651 1282 1704; x_wconf 87' lang='lat' dir='ltr'><strong>ordine</strong></span> <span class='ocrx_word' id='word_1_103' title='bbox 1312 1651 1606 1706; x_wconf 78' lang='lat' dir='ltr'><strong>Creationis</strong></span> <span class='ocrx_word' id='word_1_104' title='bbox 1639 1651 1847 1717; x_wconf 82' lang='lat' dir='ltr'><strong>mundi,</strong></span> <span class='ocrx_word' id='word_1_105' title='bbox 1892 1661 1948 1706; x_wconf 91' lang='lat' dir='ltr'><strong>ut</strong></span> 
     </span>
    </p>
   </div>
   <div class='ocr_carea' id='block_1_17' title="bbox 351 1740 1942 1812">
    <p class='ocr_par' dir='ltr' id='par_1_17' title="bbox 351 1740 1942 1812">
     <span class='ocr_line' id='line_1_17' title="bbox 351 1740 1942 1812; baseline 0.006 -25"><span class='ocrx_word' id='word_1_106' title='bbox 351 1740 670 1806; x_wconf 67' lang='lat' dir='ltr'><strong>praedictum</strong></span> <span class='ocrx_word' id='word_1_107' title='bbox 701 1751 782 1792; x_wconf 80' lang='lat' dir='ltr'><strong>est</strong></span> <span class='ocrx_word' id='word_1_108' title='bbox 803 1783 816 1804; x_wconf 87' lang='lat'><strong>,</strong></span> <span class='ocrx_word' id='word_1_109' title='bbox 846 1751 968 1812; x_wconf 84' lang='lat' dir='ltr'><strong>post</strong></span> <span class='ocrx_word' id='word_1_110' title='bbox 1002 1740 1292 1809; x_wconf 89' lang='lat' dir='ltr'><strong>septimum</strong></span> <span class='ocrx_word' id='word_1_111' title='bbox 1321 1742 1584 1810; x_wconf 86' lang='lat' dir='ltr'><strong>reperitur</strong></span> <span class='ocrx_word' id='word_1_112' title='bbox 1614 1752 1835 1798; x_wconf 87' lang='lat' dir='ltr'><strong>octavus</strong></span> <span class='ocrx_word' id='word_1_113' title='bbox 1878 1742 1942 1796; x_wconf 87' lang='lat' dir='ltr'><strong>ad</strong></span> 
     </span>
    </p>
   </div>
   <div class='ocr_carea' id='block_1_18' title="bbox 346 1833 1944 1903">
    <p class='ocr_par' dir='ltr' id='par_1_18' title="bbox 346 1833 1944 1903">
     <span class='ocr_line' id='line_1_18' title="bbox 346 1833 1944 1903; baseline 0.005 -18"><span class='ocrx_word' id='word_1_114' title='bbox 346 1833 827 1888; x_wconf 79' lang='lat' dir='ltr'><strong>demonstrandam</strong></span> <span class='ocrx_word' id='word_1_115' title='bbox 859 1836 1042 1903; x_wconf 81' lang='lat' dir='ltr'><strong>utique</strong></span> <span class='ocrx_word' id='word_1_116' title='bbox 1072 1837 1264 1891; x_wconf 68' lang='lat' dir='ltr'><strong>futurae</strong></span> <span class='ocrx_word' id='word_1_117' title='bbox 1320 1839 1732 1892; x_wconf 71' lang='lat' dir='ltr'><strong>resurremicnis</strong></span> <span class='ocrx_word' id='word_1_118' title='bbox 1773 1841 1944 1894; x_wconf 83' lang='lat' dir='ltr'><strong>beati-</strong></span> 
     </span>
    </p>
   </div>
   <div class='ocr_carea' id='block_1_19' title="bbox 347 1924 1944 1997">
    <p class='ocr_par' dir='ltr' id='par_1_19' title="bbox 347 1924 1944 1997">
     <span class='ocr_line' id='line_1_19' title="bbox 347 1924 1944 1997; baseline 0.005 -21"><span class='ocrx_word' id='word_1_119' title='bbox 347 1924 636 1989; x_wconf 82' lang='lat' dir='ltr'><strong>tudinem;</strong></span> <span class='ocrx_word' id='word_1_120' title='bbox 667 1925 807 1993; x_wconf 88' lang='lat' dir='ltr'><strong>quod</strong></span> <span class='ocrx_word' id='word_1_121' title='bbox 840 1941 946 1979; x_wconf 87' lang='lat' dir='ltr'><strong>non</strong></span> <span class='ocrx_word' id='word_1_122' title='bbox 975 1925 1246 1983; x_wconf 88' lang='lat' dir='ltr'><strong>immerito</strong></span> <span class='ocrx_word' id='word_1_123' title='bbox 1273 1929 1550 1997; x_wconf 82' lang='lat' dir='ltr'><strong>Scriptura</strong></span> <span class='ocrx_word' id='word_1_124' title='bbox 1582 1931 1661 1984; x_wconf 88' lang='lat' dir='ltr'><strong>sic</strong></span> <span class='ocrx_word' id='word_1_125' title='bbox 1705 1931 1813 1984; x_wconf 83' lang='lat' dir='ltr'><strong>ait:</strong></span> <span class='ocrx_word' id='word_1_126' title='bbox 1865 1931 1944 1984; x_wconf 90' lang='lat' dir='ltr'><strong>Da</strong></span> 
     </span>
    </p>
   </div>
   <div class='ocr_carea' id='block_1_20' title="bbox 346 2025 1945 2094">
    <p class='ocr_par' dir='ltr' id='par_1_20' title="bbox 346 2025 1945 2094">
     <span class='ocr_line' id='line_1_20' title="bbox 346 2025 1945 2094; baseline 0.007 -27"><span class='ocrx_word' id='word_1_127' title='bbox 346 2027 558 2082; x_wconf 83' lang='lat' dir='ltr'><strong>portem</strong></span> <span class='ocrx_word' id='word_1_128' title='bbox 599 2029 819 2086; x_wconf 77' lang='lat' dir='ltr'><strong>septem,</strong></span> <span class='ocrx_word' id='word_1_129' title='bbox 863 2035 955 2074; x_wconf 86' lang='lat' dir='ltr'><strong>nec</strong></span> <span class='ocrx_word' id='word_1_130' title='bbox 999 2037 1099 2075; x_wconf 84' lang='lat' dir='ltr'><strong>non</strong></span> <span class='ocrx_word' id='word_1_131' title='bbox 1126 2030 1173 2078; x_wconf 83' lang='lat' dir='ltr'><strong>et</strong></span> <span class='ocrx_word' id='word_1_132' title='bbox 1211 2031 1357 2087; x_wconf 78' lang='lat' dir='ltr'><strong>octo,</strong></span> <span class='ocrx_word' id='word_1_133' title='bbox 1389 2026 1512 2094; x_wconf 75' lang='lat' dir='ltr'><strong>quia</strong></span> <span class='ocrx_word' id='word_1_134' title='bbox 1552 2027 1760 2094; x_wconf 75' lang='lat' dir='ltr'><strong>ignoras</strong></span> <span class='ocrx_word' id='word_1_135' title='bbox 1821 2025 1945 2092; x_wconf 73' lang='lat' dir='ltr'><strong>quid</strong></span> 
     </span>
    </p>
   </div>
   <div class='ocr_carea' id='block_1_21' title="bbox 341 2107 1943 2184">
    <p class='ocr_par' dir='ltr' id='par_1_21' title="bbox 341 2107 1943 2184">
     <span class='ocr_line' id='line_1_21' title="bbox 341 2107 1943 2184; baseline 0.006 -26"><span class='ocrx_word' id='word_1_136' title='bbox 341 2107 481 2159; x_wconf 81' lang='lat' dir='ltr'><strong>mali</strong></span> <span class='ocrx_word' id='word_1_137' title='bbox 522 2111 750 2177; x_wconf 80' lang='lat' dir='ltr'><strong>futurum</strong></span> <span class='ocrx_word' id='word_1_138' title='bbox 793 2111 857 2165; x_wconf 86' lang='lat' dir='ltr'><strong>sit</strong></span> <span class='ocrx_word' id='word_1_139' title='bbox 898 2127 1052 2180; x_wconf 78' lang='lat' dir='ltr'><strong>super</strong></span> <span class='ocrx_word' id='word_1_140' title='bbox 1092 2123 1317 2178; x_wconf 83' lang='lat' dir='ltr'><strong>terram;</strong></span> <span class='ocrx_word' id='word_1_141' title='bbox 1359 2117 1512 2184; x_wconf 86' lang='lat' dir='ltr'><strong>quasi</strong></span> <span class='ocrx_word' id='word_1_142' title='bbox 1561 2117 1799 2169; x_wconf 74' lang='lat' dir='ltr'><strong>diceret:</strong></span> <span class='ocrx_word' id='word_1_143' title='bbox 1852 2113 1943 2170; x_wconf 85' lang='lat' dir='ltr'><strong>Sic</strong></span> 
     </span>
    </p>
   </div>
   <div class='ocr_carea' id='block_1_22' title="bbox 341 2198 1944 2275">
    <p class='ocr_par' dir='ltr' id='par_1_22' title="bbox 341 2198 1944 2275">
     <span class='ocr_line' id='line_1_22' title="bbox 341 2198 1944 2275; baseline 0.006 -26"><span class='ocrx_word' id='word_1_144' title='bbox 341 2199 597 2264; x_wconf 74' lang='lat' dir='ltr'><strong>dispenso</strong></span> <span class='ocrx_word' id='word_1_145' title='bbox 616 2198 836 2255; x_wconf 85' lang='lat' dir='ltr'><strong>sollicite</strong></span> <span class='ocrx_word' id='word_1_146' title='bbox 866 2203 1193 2268; x_wconf 74' lang='lat' dir='ltr'><strong>temporalia,</strong></span> <span class='ocrx_word' id='word_1_147' title='bbox 1225 2214 1278 2257; x_wconf 87' lang='lat' dir='ltr'><strong>ut</strong></span> <span class='ocrx_word' id='word_1_148' title='bbox 1307 2206 1513 2259; x_wconf 87' lang='lat' dir='ltr'><strong>studeas</strong></span> <span class='ocrx_word' id='word_1_149' title='bbox 1541 2207 1770 2275; x_wconf 74' lang='lat' dir='ltr'><strong>cogitare</strong></span> <span class='ocrx_word' id='word_1_150' title='bbox 1797 2215 1944 2260; x_wconf 65' lang='lat' dir='ltr'><strong>teter-</strong></span> 
     </span>
    </p>
   </div>
   <div class='ocr_carea' id='block_1_23' title="bbox 340 2295 1938 2366">
    <p class='ocr_par' dir='ltr' id='par_1_23' title="bbox 340 2295 1938 2366">
     <span class='ocr_line' id='line_1_23' title="bbox 340 2295 1938 2366; baseline 0.008 -26"><span class='ocrx_word' id='word_1_151' title='bbox 340 2305 422 2341; x_wconf 74' lang='grc' dir='ltr'>ιω</span> <span class='ocrx_word' id='word_1_152' title='bbox 444 2306 464 2342; x_wconf 77' lang='lat'><strong>.&#39;</strong></span> <span class='ocrx_word' id='word_1_153' title='bbox 494 2306 695 2345; x_wconf 75' lang='lat' dir='ltr'><strong>necesse</strong></span> <span class='ocrx_word' id='word_1_154' title='bbox 739 2303 812 2346; x_wconf 81' lang='lat' dir='ltr'><strong>est</strong></span> <span class='ocrx_word' id='word_1_155' title='bbox 858 2309 1081 2363; x_wconf 81' lang='lat' dir='ltr'><strong>namque</strong></span> <span class='ocrx_word' id='word_1_156' title='bbox 1125 2304 1178 2348; x_wconf 79' lang='lat' dir='ltr'><strong>ut</strong></span> <span class='ocrx_word' id='word_1_157' title='bbox 1221 2295 1342 2349; x_wconf 81' lang='lat' dir='ltr'><strong>bene</strong></span> <span class='ocrx_word' id='word_1_158' title='bbox 1378 2297 1576 2364; x_wconf 79' lang='lat' dir='ltr'><strong>agendo</strong></span> <span class='ocrx_word' id='word_1_159' title='bbox 1607 2299 1938 2366; x_wconf 65' lang='lat' dir='ltr'><strong>priet-agites,</strong></span> 
     </span>
    </p>
   </div>
   <div class='ocr_carea' id='block_1_24' title="bbox 335 2382 1938 2458">
    <p class='ocr_par' dir='ltr' id='par_1_24' title="bbox 335 2382 1938 2458">
     <span class='ocr_line' id='line_1_24' title="bbox 335 2382 1938 2458; baseline 0.007 -26"><span class='ocrx_word' id='word_1_160' title='bbox 335 2382 476 2447; x_wconf 71' lang='lat' dir='ltr'><strong>quia</strong></span> <span class='ocrx_word' id='word_1_161' title='bbox 498 2383 564 2434; x_wconf 84' lang='lat' dir='ltr'><strong>de</strong></span> <span class='ocrx_word' id='word_1_162' title='bbox 592 2384 782 2450; x_wconf 64' lang='lat' dir='ltr'><strong>{laturis</strong></span> <span class='ocrx_word' id='word_1_163' title='bbox 800 2385 994 2453; x_wconf 82' lang='lat' dir='ltr'><strong>judicii</strong></span> <span class='ocrx_word' id='word_1_164' title='bbox 1023 2387 1172 2438; x_wconf 85' lang='lat' dir='ltr'><strong>molis</strong></span> <span class='ocrx_word' id='word_1_165' title='bbox 1199 2386 1326 2456; x_wconf 82' lang='lat' dir='ltr'><strong>quid</strong></span> <span class='ocrx_word' id='word_1_166' title='bbox 1355 2388 1524 2442; x_wconf 81' lang='lat' dir='ltr'><strong>denuo</strong></span> <span class='ocrx_word' id='word_1_167' title='bbox 1554 2389 1644 2442; x_wconf 88' lang='lat' dir='ltr'><strong>tibi</strong></span> <span class='ocrx_word' id='word_1_168' title='bbox 1672 2390 1938 2458; x_wconf 81' lang='lat' dir='ltr'><strong>incurrat,</strong></span> 
     </span>
    </p>
   </div>
   <div class='ocr_carea' id='block_1_25' title="bbox 331 2473 1945 2550">
    <p class='ocr_par' dir='ltr' id='par_1_25' title="bbox 331 2473 1945 2550">
     <span class='ocr_line' id='line_1_25' title="bbox 331 2473 1945 2550; baseline 0.01 -27"><span class='ocrx_word' id='word_1_169' title='bbox 331 2473 575 2525; x_wconf 72' lang='lat' dir='ltr'><strong>incerms</strong></span> <span class='ocrx_word' id='word_1_170' title='bbox 604 2490 655 2526; x_wconf 84' lang='lat' dir='ltr'><strong>es</strong></span> <span class='ocrx_word' id='word_1_171' title='bbox 685 2473 884 2542; x_wconf 85' lang='lat' dir='ltr'><strong>(Eccle.</strong></span> <span class='ocrx_word' id='word_1_172' title='bbox 913 2491 992 2542; x_wconf 71' lang='grc' dir='ltr'><strong>χι,</strong></span> <span class='ocrx_word' id='word_1_173' title='bbox 1018 2475 1099 2545; x_wconf 71' lang='grc'><strong>2).</strong></span> <span class='ocrx_word' id='word_1_174' title='bbox 1128 2477 1389 2533; x_wconf 79' lang='lat' dir='ltr'><strong>Convenit</strong></span> <span class='ocrx_word' id='word_1_175' title='bbox 1433 2479 1665 2550; x_wconf 78' lang='lat' dir='ltr'><strong>denique</strong></span> <span class='ocrx_word' id='word_1_176' title='bbox 1687 2497 1945 2538; x_wconf 83' lang='lat' dir='ltr'><strong>numerus</strong></span> 
     </span>
    </p>
   </div>
   <div class='ocr_carea' id='block_1_26' title="bbox 329 2565 1939 2645">
    <p class='ocr_par' dir='ltr' id='par_1_26' title="bbox 329 2565 1939 2645">
     <span class='ocr_line' id='line_1_26' title="bbox 329 2565 1939 2645; baseline 0.008 -26"><span class='ocrx_word' id='word_1_177' title='bbox 329 2565 454 2619; x_wconf 70' lang='lat' dir='ltr'><strong>i~te</strong></span> <span class='ocrx_word' id='word_1_178' title='bbox 484 2577 543 2620; x_wconf 91' lang='lat' dir='ltr'><strong>et</strong></span> <span class='ocrx_word' id='word_1_179' title='bbox 564 2565 810 2631; x_wconf 88' lang='lat' dir='ltr'><strong>Domino,</strong></span> <span class='ocrx_word' id='word_1_180' title='bbox 834 2580 885 2623; x_wconf 91' lang='lat' dir='ltr'><strong>et</strong></span> <span class='ocrx_word' id='word_1_181' title='bbox 903 2571 1020 2639; x_wconf 83' lang='lat' dir='ltr'><strong>ejus</strong></span> <span class='ocrx_word' id='word_1_182' title='bbox 1049 2573 1281 2640; x_wconf 89' lang='lat' dir='ltr'><strong>corpori,</strong></span> <span class='ocrx_word' id='word_1_183' title='bbox 1315 2573 1467 2641; x_wconf 84' lang='lat' dir='ltr'><strong>quasi</strong></span> <span class='ocrx_word' id='word_1_184' title='bbox 1499 2573 1608 2638; x_wconf 84' lang='lat' dir='ltr'><strong>uni,</strong></span> <span class='ocrx_word' id='word_1_185' title='bbox 1635 2585 1690 2629; x_wconf 91' lang='lat' dir='ltr'><strong>et</strong></span> <span class='ocrx_word' id='word_1_186' title='bbox 1709 2586 1939 2645; x_wconf 85' lang='lat' dir='ltr'><strong>septem.</strong></span> 
     </span>
    </p>
   </div>
   <div class='ocr_carea' id='block_1_27' title="bbox 419 2678 1942 2750">
    <p class='ocr_par' dir='ltr' id='par_1_27' title="bbox 419 2678 1942 2750">
     <span class='ocr_line' id='line_1_27' title="bbox 419 2678 1942 2750; baseline 0.005 -16"><span class='ocrx_word' id='word_1_187' title='bbox 419 2679 514 2734; x_wconf 81' lang='lat'><strong>50.</strong></span> <span class='ocrx_word' id='word_1_188' title='bbox 562 2678 686 2733; x_wconf 87' lang='lat' dir='ltr'><strong>lude</strong></span> <span class='ocrx_word' id='word_1_189' title='bbox 713 2691 825 2744; x_wconf 79' lang='lat' dir='ltr'><strong>est,</strong></span> <span class='ocrx_word' id='word_1_190' title='bbox 871 2683 1013 2750; x_wconf 90' lang='lat' dir='ltr'><strong>quod</strong></span> <span class='ocrx_word' id='word_1_191' title='bbox 1044 2695 1167 2736; x_wconf 89' lang='lat' dir='ltr'><strong>octo</strong></span> <span class='ocrx_word' id='word_1_192' title='bbox 1197 2683 1391 2738; x_wconf 59' lang='lat' dir='ltr'><strong>anima?</strong></span> <span class='ocrx_word' id='word_1_193' title='bbox 1422 2699 1542 2738; x_wconf 91' lang='lat' dir='ltr'><strong>cum</strong></span> <span class='ocrx_word' id='word_1_194' title='bbox 1578 2685 1689 2739; x_wconf 86' lang='lat' dir='ltr'><strong>Noe</strong></span> <span class='ocrx_word' id='word_1_195' title='bbox 1720 2685 1942 2743; x_wconf 85' lang='lat' dir='ltr'><strong>introie-</strong></span> 
     </span>
    </p>
   </div>
   <div class='ocr_carea' id='block_1_28' title="bbox 328 2772 1936 2846">
    <p class='ocr_par' dir='ltr' id='par_1_28' title="bbox 328 2772 1936 2846">
     <span class='ocr_line' id='line_1_28' title="bbox 328 2772 1936 2846; baseline 0.004 -17"><span class='ocrx_word' id='word_1_196' title='bbox 328 2783 476 2829; x_wconf 81' lang='lat' dir='ltr'><strong>runt</strong></span> <span class='ocrx_word' id='word_1_197' title='bbox 501 2772 557 2825; x_wconf 80' lang='lat' dir='ltr'><strong>in</strong></span> <span class='ocrx_word' id='word_1_198' title='bbox 578 2788 778 2830; x_wconf 80' lang='lat' dir='ltr'><strong>arcam.</strong></span> <span class='ocrx_word' id='word_1_199' title='bbox 806 2775 908 2830; x_wconf 80' lang='lat' dir='ltr'><strong>Sed</strong></span> <span class='ocrx_word' id='word_1_200' title='bbox 930 2775 981 2829; x_wconf 94' lang='lat' dir='ltr'><strong>in</strong></span> <span class='ocrx_word' id='word_1_201' title='bbox 1002 2776 1107 2829; x_wconf 89' lang='lat' dir='ltr'><strong>illis</strong></span> <span class='ocrx_word' id='word_1_202' title='bbox 1129 2791 1332 2843; x_wconf 74' lang='lat' dir='ltr'><strong>septem</strong></span> <span class='ocrx_word' id='word_1_203' title='bbox 1351 2779 1677 2846; x_wconf 86' lang='lat' dir='ltr'><strong>septil&#39;ormis</strong></span> <span class='ocrx_word' id='word_1_204' title='bbox 1700 2780 1936 2835; x_wconf 73' lang='lat' dir='ltr'><strong>Ecclesia</strong></span> 
     </span>
    </p>
   </div>
   <div class='ocr_carea' id='block_1_29' title="bbox 324 2865 1938 2937">
    <p class='ocr_par' dir='ltr' id='par_1_29' title="bbox 324 2865 1938 2937">
     <span class='ocr_line' id='line_1_29' title="bbox 324 2865 1938 2937; baseline 0.006 -22"><span class='ocrx_word' id='word_1_205' title='bbox 324 2865 676 2930; x_wconf 77' lang='lat' dir='ltr'><strong>designatur,</strong></span> <span class='ocrx_word' id='word_1_206' title='bbox 707 2865 758 2916; x_wconf 91' lang='lat' dir='ltr'><strong>in</strong></span> <span class='ocrx_word' id='word_1_207' title='bbox 781 2874 969 2918; x_wconf 85' lang='lat' dir='ltr'><strong>octavo</strong></span> <span class='ocrx_word' id='word_1_208' title='bbox 984 2865 1098 2920; x_wconf 81' lang='lat' dir='ltr'><strong>Noe</strong></span> <span class='ocrx_word' id='word_1_209' title='bbox 1119 2867 1278 2936; x_wconf 74' lang='lat'><strong>233</strong></span> <span class='ocrx_word' id='word_1_210' title='bbox 1292 2867 1558 2934; x_wconf 83' lang='lat' dir='ltr'><strong>Christus,</strong></span> <span class='ocrx_word' id='word_1_211' title='bbox 1577 2870 1668 2937; x_wconf 89' lang='lat' dir='ltr'><strong>qui</strong></span> <span class='ocrx_word' id='word_1_212' title='bbox 1686 2881 1766 2924; x_wconf 91' lang='lat' dir='ltr'><strong>est</strong></span> <span class='ocrx_word' id='word_1_213' title='bbox 1780 2881 1938 2937; x_wconf 85' lang='lat' dir='ltr'><strong>caput</strong></span> 
     </span>
    </p>
   </div>
   <div class='ocr_carea' id='block_1_30' title="bbox 327 2956 1935 3030">
    <p class='ocr_par' dir='ltr' id='par_1_30' title="bbox 327 2956 1935 3030">
     <span class='ocr_line' id='line_1_30' title="bbox 327 2956 1935 3030; baseline 0.002 -19"><span class='ocrx_word' id='word_1_214' title='bbox 327 2959 627 3019; x_wconf 60' lang='lat' dir='ltr'><strong>Ecclesia,</strong></span> <span class='ocrx_word' id='word_1_215' title='bbox 659 2956 932 3019; x_wconf 75' lang='lat' dir='ltr'><strong>ﬁguratur.</strong></span> <span class='ocrx_word' id='word_1_216' title='bbox 965 2956 1042 3011; x_wconf 86' lang='lat' dir='ltr'><strong>Ad</strong></span> <span class='ocrx_word' id='word_1_217' title='bbox 1073 2957 1174 3011; x_wconf 90' lang='lat' dir='ltr'><strong>hoc</strong></span> <span class='ocrx_word' id='word_1_218' title='bbox 1197 2959 1356 3012; x_wconf 84' lang='lat' dir='ltr'><strong>etiam</strong></span> <span class='ocrx_word' id='word_1_219' title='bbox 1405 2960 1639 3028; x_wconf 81' lang='lat' dir='ltr'><strong>pertinet</strong></span> <span class='ocrx_word' id='word_1_220' title='bbox 1694 2962 1835 3030; x_wconf 91' lang='lat' dir='ltr'><strong>quod</strong></span> <span class='ocrx_word' id='word_1_221' title='bbox 1885 2963 1935 3015; x_wconf 90' lang='lat' dir='ltr'><strong>in</strong></span> 
     </span>
    </p>
   </div>
   <div class='ocr_carea' id='block_1_31' title="bbox 328 3049 2014 3120">
    <p class='ocr_par' dir='ltr' id='par_1_31' title="bbox 328 3049 2014 3120">
     <span class='ocr_line' id='line_1_31' title="bbox 328 3049 2014 3120; baseline 0.001 -16"><span class='ocrx_word' id='word_1_222' title='bbox 328 3049 573 3104; x_wconf 62' lang='lat' dir='ltr'><strong>Slichma</strong></span> <span class='ocrx_word' id='word_1_223' title='bbox 621 3049 836 3119; x_wconf 80' lang='lat' dir='ltr'><strong>legitur,</strong></span> <span class='ocrx_word' id='word_1_224' title='bbox 882 3060 1074 3118; x_wconf 85' lang='lat' dir='ltr'><strong>septem</strong></span> <span class='ocrx_word' id='word_1_225' title='bbox 1096 3060 1359 3119; x_wconf 81' lang='lat' dir='ltr'><strong>pastores,</strong></span> <span class='ocrx_word' id='word_1_226' title='bbox 1391 3057 1448 3104; x_wconf 85' lang='lat' dir='ltr'><strong>et</strong></span> <span class='ocrx_word' id='word_1_227' title='bbox 1485 3064 1705 3104; x_wconf 74' lang='lat' dir='ltr'><strong>oetavus</strong></span> <span class='ocrx_word' id='word_1_228' title='bbox 1755 3052 1939 3120; x_wconf 90' lang='lat' dir='ltr'><strong>utique</strong></span> <span class='ocrx_word' id='word_1_229' title='bbox 1967 3060 2014 3119; x_wconf 65' lang='grc' dir='ltr'><strong>(ζ</strong></span> 
     </span>
    </p>
   </div>
   <div class='ocr_carea' id='block_1_32' title="bbox 324 3139 1942 3211">
    <p class='ocr_par' dir='ltr' id='par_1_32' title="bbox 324 3139 1942 3211">
     <span class='ocr_line' id='line_1_32' title="bbox 324 3139 1942 3211; baseline 0.002 -19"><span class='ocrx_word' id='word_1_230' title='bbox 324 3139 598 3192; x_wconf 77' lang='lat' dir='ltr'><strong>Christus</strong></span> <span class='ocrx_word' id='word_1_231' title='bbox 618 3154 737 3191; x_wconf 88' lang='lat' dir='ltr'><strong>cum</strong></span> <span class='ocrx_word' id='word_1_232' title='bbox 771 3140 1072 3207; x_wconf 86' lang='lat' dir='ltr'><strong>septil&#39;ormi</strong></span> <span class='ocrx_word' id='word_1_233' title='bbox 1103 3155 1331 3208; x_wconf 86' lang='lat' dir='ltr'><strong>corpore</strong></span> <span class='ocrx_word' id='word_1_234' title='bbox 1386 3156 1505 3196; x_wconf 89' lang='lat' dir='ltr'><strong>suo.</strong></span> <span class='ocrx_word' id='word_1_235' title='bbox 1566 3142 1619 3195; x_wconf 92' lang='lat' dir='ltr'><strong>In</strong></span> <span class='ocrx_word' id='word_1_236' title='bbox 1646 3143 1942 3211; x_wconf 77' lang='lat' dir='ltr'><strong>Evangelia</strong></span> 
     </span>
    </p>
   </div>
   <div class='ocr_carea' id='block_1_33' title="bbox 326 3230 1941 3302">
    <p class='ocr_par' dir='ltr' id='par_1_33' title="bbox 326 3230 1941 3302">
     <span class='ocr_line' id='line_1_33' title="bbox 326 3230 1941 3302; baseline 0.004 -20"><span class='ocrx_word' id='word_1_237' title='bbox 326 3246 563 3298; x_wconf 73' lang='lat' dir='ltr'><strong>qumpie</strong></span> <span class='ocrx_word' id='word_1_238' title='bbox 606 3230 672 3283; x_wconf 90' lang='lat' dir='ltr'><strong>de</strong></span> <span class='ocrx_word' id='word_1_239' title='bbox 702 3231 804 3284; x_wconf 85' lang='lat' dir='ltr'><strong>hoc</strong></span> <span class='ocrx_word' id='word_1_240' title='bbox 833 3246 1059 3286; x_wconf 89' lang='lat' dir='ltr'><strong>numero</strong></span> <span class='ocrx_word' id='word_1_241' title='bbox 1097 3232 1314 3299; x_wconf 80' lang='lat' dir='ltr'><strong>legitur,</strong></span> <span class='ocrx_word' id='word_1_242' title='bbox 1346 3233 1486 3300; x_wconf 88' lang='lat' dir='ltr'><strong>quod</strong></span> <span class='ocrx_word' id='word_1_243' title='bbox 1520 3243 1640 3302; x_wconf 89' lang='lat' dir='ltr'><strong>post</strong></span> <span class='ocrx_word' id='word_1_244' title='bbox 1667 3236 1788 3290; x_wconf 89' lang='lat' dir='ltr'><strong>dies</strong></span> <span class='ocrx_word' id='word_1_245' title='bbox 1819 3247 1941 3290; x_wconf 89' lang='lat' dir='ltr'><strong>octo</strong></span> 
     </span>
    </p>
   </div>
   <div class='ocr_carea' id='block_1_34' title="bbox 323 3321 1944 3391">
    <p class='ocr_par' dir='ltr' id='par_1_34' title="bbox 323 3321 1944 3391">
     <span class='ocr_line' id='line_1_34' title="bbox 323 3321 1944 3391; baseline 0.006 -17"><span class='ocrx_word' id='word_1_246' title='bbox 323 3337 536 3374; x_wconf 74' lang='lat' dir='ltr'><strong>coram</strong></span> <span class='ocrx_word' id='word_1_247' title='bbox 573 3321 739 3376; x_wconf 86' lang='lat' dir='ltr'><strong>tribus</strong></span> <span class='ocrx_word' id='word_1_248' title='bbox 785 3323 1060 3391; x_wconf 80' lang='lat' dir='ltr'><strong>discipulis</strong></span> <span class='ocrx_word' id='word_1_249' title='bbox 1088 3323 1202 3378; x_wconf 82' lang='lat' dir='ltr'><strong>suis</strong></span> <span class='ocrx_word' id='word_1_250' title='bbox 1230 3324 1392 3379; x_wconf 78' lang='lat' dir='ltr'><strong>facies</strong></span> <span class='ocrx_word' id='word_1_251' title='bbox 1425 3325 1635 3380; x_wconf 84' lang='lat' dir='ltr'><strong>Domini</strong></span> <span class='ocrx_word' id='word_1_252' title='bbox 1666 3327 1717 3381; x_wconf 93' lang='lat' dir='ltr'><strong>in</strong></span> <span class='ocrx_word' id='word_1_253' title='bbox 1759 3341 1944 3384; x_wconf 89' lang='lat' dir='ltr'><strong>monte</strong></span> 
     </span>
    </p>
   </div>
   <div class='ocr_carea' id='block_1_35' title="bbox 326 3413 582 3469">
    <p class='ocr_par' dir='ltr' id='par_1_35' title="bbox 326 3413 582 3469">
     <span class='ocr_line' id='line_1_35' title="bbox 326 3413 582 3469; baseline 0.008 -2"><span class='ocrx_word' id='word_1_254' title='bbox 326 3413 582 3469; x_wconf 71' lang='lat' dir='ltr'><strong>refulsit.</strong></span> 
     </span>
    </p>
   </div>
   <div class='ocr_carea' id='block_1_36' title="bbox 424 3525 1937 3598">
    <p class='ocr_par' dir='ltr' id='par_1_36' title="bbox 424 3525 1937 3598">
     <span class='ocr_line' id='line_1_36' title="bbox 424 3525 1937 3598; baseline 0.005 -19"><span class='ocrx_word' id='word_1_255' title='bbox 424 3527 522 3580; x_wconf 83' lang='lat'><strong>5|.</strong></span> <span class='ocrx_word' id='word_1_256' title='bbox 569 3525 708 3580; x_wconf 86' lang='lat' dir='ltr'><strong>idem</strong></span> <span class='ocrx_word' id='word_1_257' title='bbox 749 3527 908 3581; x_wconf 83' lang='lat' dir='ltr'><strong>etiam</strong></span> <span class='ocrx_word' id='word_1_258' title='bbox 943 3527 1187 3585; x_wconf 80' lang='lat' dir='ltr'><strong>Salvator</strong></span> <span class='ocrx_word' id='word_1_259' title='bbox 1217 3538 1336 3598; x_wconf 89' lang='lat' dir='ltr'><strong>post</strong></span> <span class='ocrx_word' id='word_1_260' title='bbox 1364 3539 1487 3584; x_wconf 91' lang='lat' dir='ltr'><strong>octo</strong></span> <span class='ocrx_word' id='word_1_261' title='bbox 1518 3530 1630 3587; x_wconf 79' lang='lat' dir='ltr'><strong>dies</strong></span> <span class='ocrx_word' id='word_1_262' title='bbox 1662 3547 1937 3587; x_wconf 86' lang='lat' dir='ltr'><strong>resurrec-</strong></span> 
     </span>
    </p>
   </div>
   <div class='ocr_carea' id='block_1_37' title="bbox 328 3618 1940 3690">
    <p class='ocr_par' dir='ltr' id='par_1_37' title="bbox 328 3618 1940 3690">
     <span class='ocr_line' id='line_1_37' title="bbox 328 3618 1940 3690; baseline 0.005 -17"><span class='ocrx_word' id='word_1_263' title='bbox 328 3621 517 3673; x_wconf 83' lang='lat' dir='ltr'><strong>tionis</strong></span> <span class='ocrx_word' id='word_1_264' title='bbox 550 3618 772 3690; x_wconf 86' lang='lat' dir='ltr'><strong>Didymo</strong></span> <span class='ocrx_word' id='word_1_265' title='bbox 803 3635 864 3674; x_wconf 91' lang='lat' dir='ltr'><strong>se</strong></span> <span class='ocrx_word' id='word_1_266' title='bbox 895 3637 1001 3675; x_wconf 85' lang='lat' dir='ltr'><strong>non</strong></span> <span class='ocrx_word' id='word_1_267' title='bbox 1043 3621 1279 3678; x_wconf 89' lang='lat' dir='ltr'><strong>credenti</strong></span> <span class='ocrx_word' id='word_1_268' title='bbox 1320 3621 1698 3680; x_wconf 66' lang='lat' dir='ltr'><strong>manifestavit.</strong></span> <span class='ocrx_word' id='word_1_269' title='bbox 1729 3625 1784 3680; x_wconf 92' lang='lat' dir='ltr'><strong>lu</strong></span> <span class='ocrx_word' id='word_1_270' title='bbox 1818 3641 1940 3681; x_wconf 88' lang='lat' dir='ltr'><strong>sese</strong></span> 
     </span>
    </p>
   </div>
   <div class='ocr_carea' id='block_1_38' title="bbox 329 3709 1936 3788">
    <p class='ocr_par' dir='ltr' id='par_1_38' title="bbox 329 3709 1936 3788">
     <span class='ocr_line' id='line_1_38' title="bbox 329 3709 1936 3788; baseline 0.007 -26"><span class='ocrx_word' id='word_1_271' title='bbox 329 3709 650 3777; x_wconf 64' lang='lat' dir='ltr'><strong>triplicatus</strong></span> <span class='ocrx_word' id='word_1_272' title='bbox 695 3712 794 3765; x_wconf 83' lang='lat' dir='ltr'><strong>istc</strong></span> <span class='ocrx_word' id='word_1_273' title='bbox 843 3727 1099 3766; x_wconf 90' lang='lat' dir='ltr'><strong>numerus</strong></span> <span class='ocrx_word' id='word_1_274' title='bbox 1137 3725 1352 3781; x_wconf 77' lang='lat' dir='ltr'><strong>promer</strong></span> <span class='ocrx_word' id='word_1_275' title='bbox 1390 3715 1708 3771; x_wconf 81' lang='lat' dir='ltr'><strong>Trinitatem</strong></span> <span class='ocrx_word' id='word_1_276' title='bbox 1751 3719 1936 3788; x_wconf 81' lang='lat' dir='ltr'><strong>viginti</strong></span> 
     </span>
    </p>
   </div>
   <div class='ocr_carea' id='block_1_39' title="bbox 325 3803 1938 3873">
    <p class='ocr_par' dir='ltr' id='par_1_39' title="bbox 325 3803 1938 3873">
     <span class='ocr_line' id='line_1_39' title="bbox 325 3803 1938 3873; baseline 0.009 -20"><span class='ocrx_word' id='word_1_277' title='bbox 325 3809 584 3868; x_wconf 80' lang='lat' dir='ltr'><strong>quatuor</strong></span> <span class='ocrx_word' id='word_1_278' title='bbox 629 3804 872 3857; x_wconf 88' lang='lat' dir='ltr'><strong>seniores</strong></span> <span class='ocrx_word' id='word_1_279' title='bbox 916 3803 1082 3858; x_wconf 80' lang='lat' dir='ltr'><strong>efﬁcit</strong></span> <span class='ocrx_word' id='word_1_280' title='bbox 1123 3803 1212 3873; x_wconf 90' lang='lat' dir='ltr'><strong>qui</strong></span> <span class='ocrx_word' id='word_1_281' title='bbox 1258 3821 1490 3862; x_wconf 89' lang='lat' dir='ltr'><strong>coronas</strong></span> <span class='ocrx_word' id='word_1_282' title='bbox 1539 3823 1664 3862; x_wconf 87' lang='lat' dir='ltr'><strong>suas</strong></span> <span class='ocrx_word' id='word_1_283' title='bbox 1711 3810 1938 3867; x_wconf 76' lang='lat' dir='ltr'><strong>ellcrunt</strong></span> 
     </span>
    </p>
   </div>
   <div class='ocr_carea' id='block_1_40' title="bbox 322 3892 1937 3971">
    <p class='ocr_par' dir='ltr' id='par_1_40' title="bbox 322 3892 1937 3971">
     <span class='ocr_line' id='line_1_40' title="bbox 322 3892 1937 3971; baseline 0.005 -24"><span class='ocrx_word' id='word_1_284' title='bbox 322 3907 531 3947; x_wconf 78' lang='lat' dir='ltr'><strong>coram</strong></span> <span class='ocrx_word' id='word_1_285' title='bbox 565 3892 735 3961; x_wconf 77' lang='lat' dir='ltr'><strong>Agno.</strong></span> <span class='ocrx_word' id='word_1_286' title='bbox 787 3896 854 3948; x_wconf 85' lang='lat' dir='ltr'><strong>At</strong></span> <span class='ocrx_word' id='word_1_287' title='bbox 881 3905 1064 3948; x_wconf 89' lang='lat' dir='ltr'><strong>contra</strong></span> <span class='ocrx_word' id='word_1_288' title='bbox 1109 3904 1329 3949; x_wconf 87' lang='lat' dir='ltr'><strong>octavus</strong></span> <span class='ocrx_word' id='word_1_289' title='bbox 1359 3899 1612 3953; x_wconf 84' lang='lat' dir='ltr'><strong>scribitur</strong></span> <span class='ocrx_word' id='word_1_290' title='bbox 1643 3902 1696 3955; x_wconf 91' lang='lat' dir='ltr'><strong>in</strong></span> <span class='ocrx_word' id='word_1_291' title='bbox 1728 3905 1937 3971; x_wconf 87' lang='lat' dir='ltr'><strong>Apoca-</strong></span> 
     </span>
    </p>
   </div>
   <div class='ocr_carea' id='block_1_41' title="bbox 324 3984 1933 4060">
    <p class='ocr_par' dir='ltr' id='par_1_41' title="bbox 324 3984 1933 4060">
     <span class='ocr_line' id='line_1_41' title="bbox 324 3984 1933 4060; baseline 0.006 -20"><span class='ocrx_word' id='word_1_292' title='bbox 324 3984 488 4058; x_wconf 83' lang='lat' dir='ltr'><strong>lypsi</strong></span> <span class='ocrx_word' id='word_1_293' title='bbox 518 3984 768 4040; x_wconf 85' lang='lat' dir='ltr'><strong>diabolus</strong></span> <span class='ocrx_word' id='word_1_294' title='bbox 789 4026 804 4052; x_wconf 96' lang='lat'><strong>,</strong></span> <span class='ocrx_word' id='word_1_295' title='bbox 839 3989 930 4054; x_wconf 91' lang='lat' dir='ltr'><strong>qui</strong></span> <span class='ocrx_word' id='word_1_296' title='bbox 959 3989 1098 4041; x_wconf 84' lang='lat' dir='ltr'><strong>inter</strong></span> <span class='ocrx_word' id='word_1_297' title='bbox 1137 4001 1342 4058; x_wconf 87' lang='lat' dir='ltr'><strong>septem</strong></span> <span class='ocrx_word' id='word_1_298' title='bbox 1388 4006 1542 4060; x_wconf 86' lang='lat' dir='ltr'><strong>rcges</strong></span> <span class='ocrx_word' id='word_1_299' title='bbox 1571 3992 1933 4050; x_wconf 77' lang='lat' dir='ltr'><strong>Romanorum</strong></span> 
     </span>
    </p>
   </div>
   <div class='ocr_carea' id='block_1_42' title="bbox 321 4078 1934 4160">
    <p class='ocr_par' dir='ltr' id='par_1_42' title="bbox 321 4078 1934 4160">
     <span class='ocr_line' id='line_1_42' title="bbox 321 4078 1934 4160; baseline 0.009 -28"><span class='ocrx_word' id='word_1_300' title='bbox 321 4096 358 4132; x_wconf 80' lang='lat' dir='ltr'><strong>a</strong></span> <span class='ocrx_word' id='word_1_301' title='bbox 394 4078 613 4134; x_wconf 75' lang='lat' dir='ltr'><strong>Joanne</strong></span> <span class='ocrx_word' id='word_1_302' title='bbox 645 4081 788 4135; x_wconf 87' lang='lat' dir='ltr'><strong>visus</strong></span> <span class='ocrx_word' id='word_1_303' title='bbox 814 4091 936 4148; x_wconf 90' lang='lat' dir='ltr'><strong>est,</strong></span> <span class='ocrx_word' id='word_1_304' title='bbox 967 4083 1119 4152; x_wconf 90' lang='lat' dir='ltr'><strong>quasi</strong></span> <span class='ocrx_word' id='word_1_305' title='bbox 1163 4086 1371 4140; x_wconf 90' lang='lat' dir='ltr'><strong>occisus</strong></span> <span class='ocrx_word' id='word_1_306' title='bbox 1395 4129 1410 4153; x_wconf 96' lang='lat'><strong>,</strong></span> <span class='ocrx_word' id='word_1_307' title='bbox 1451 4098 1673 4143; x_wconf 86' lang='lat' dir='ltr'><strong>octavus</strong></span> <span class='ocrx_word' id='word_1_308' title='bbox 1713 4091 1894 4159; x_wconf 87' lang='lat' dir='ltr'><strong>utique</strong></span> <span class='ocrx_word' id='word_1_309' title='bbox 1918 4134 1934 4160; x_wconf 95' lang='lat'><strong>,</strong></span> 
     </span>
    </p>
   </div>
   <div class='ocr_carea' id='block_1_43' title="bbox 324 4174 1934 4251">
    <p class='ocr_par' dir='ltr' id='par_1_43' title="bbox 324 4174 1934 4251">
     <span class='ocr_line' id='line_1_43' title="bbox 324 4174 1934 4251; baseline 0.008 -25"><span class='ocrx_word' id='word_1_310' title='bbox 324 4174 444 4227; x_wconf 78' lang='lat' dir='ltr'><strong>sed</strong></span> <span class='ocrx_word' id='word_1_311' title='bbox 486 4174 541 4226; x_wconf 90' lang='lat' dir='ltr'><strong>in</strong></span> <span class='ocrx_word' id='word_1_312' title='bbox 590 4175 907 4243; x_wconf 85' lang='lat' dir='ltr'><strong>proditione.</strong></span> <span class='ocrx_word' id='word_1_313' title='bbox 959 4175 1198 4247; x_wconf 86' lang='lat' dir='ltr'><strong>Denique</strong></span> <span class='ocrx_word' id='word_1_314' title='bbox 1220 4191 1272 4232; x_wconf 90' lang='lat' dir='ltr'><strong>et</strong></span> <span class='ocrx_word' id='word_1_315' title='bbox 1304 4187 1428 4235; x_wconf 91' lang='lat' dir='ltr'><strong>octo</strong></span> <span class='ocrx_word' id='word_1_316' title='bbox 1456 4182 1766 4251; x_wconf 82' lang='lat' dir='ltr'><strong>principalia</strong></span> <span class='ocrx_word' id='word_1_317' title='bbox 1808 4185 1934 4240; x_wconf 82' lang='lat' dir='ltr'><strong>vitia</strong></span> 
     </span>
    </p>
   </div>
   <div class='ocr_carea' id='block_1_44' title="bbox 325 4263 1931 4336">
    <p class='ocr_par' dir='ltr' id='par_1_44' title="bbox 325 4263 1931 4336">
     <span class='ocr_line' id='line_1_44' title="bbox 325 4263 1931 4336; baseline 0.01 -20"><span class='ocrx_word' id='word_1_318' title='bbox 325 4263 747 4329; x_wconf 81' lang='lat' dir='ltr'><strong>describuntur,</strong></span> <span class='ocrx_word' id='word_1_319' title='bbox 779 4282 846 4320; x_wconf 79' lang='lat' dir='ltr'><strong>ex</strong></span> <span class='ocrx_word' id='word_1_320' title='bbox 875 4267 1067 4336; x_wconf 87' lang='lat' dir='ltr'><strong>quibus</strong></span> <span class='ocrx_word' id='word_1_321' title='bbox 1100 4270 1382 4325; x_wconf 80' lang='lat' dir='ltr'><strong>multitudo</strong></span> <span class='ocrx_word' id='word_1_322' title='bbox 1411 4274 1651 4328; x_wconf 90' lang='lat' dir='ltr'><strong>omnium</strong></span> <span class='ocrx_word' id='word_1_323' title='bbox 1685 4277 1931 4332; x_wconf 87' lang='lat' dir='ltr'><strong>vitiorum</strong></span> 
     </span>
    </p>
   </div>
   <div class='ocr_carea' id='block_1_45' title="bbox 323 4357 1929 4434">
    <p class='ocr_par' dir='ltr' id='par_1_45' title="bbox 323 4357 1929 4434">
     <span class='ocr_line' id='line_1_45' title="bbox 323 4357 1929 4434; baseline 0.009 -25"><span class='ocrx_word' id='word_1_324' title='bbox 323 4357 617 4422; x_wconf 76' lang='lat' dir='ltr'><strong>exoritur,</strong></span> <span class='ocrx_word' id='word_1_325' title='bbox 643 4357 693 4410; x_wconf 94' lang='lat' dir='ltr'><strong>id</strong></span> <span class='ocrx_word' id='word_1_326' title='bbox 723 4368 823 4422; x_wconf 87' lang='lat' dir='ltr'><strong>est,</strong></span> <span class='ocrx_word' id='word_1_327' title='bbox 855 4359 1074 4420; x_wconf 87' lang='lat' dir='ltr'><strong>invidia,</strong></span> <span class='ocrx_word' id='word_1_328' title='bbox 1102 4359 1392 4428; x_wconf 86' lang='lat' dir='ltr'><strong>iracundia,</strong></span> <span class='ocrx_word' id='word_1_329' title='bbox 1420 4365 1655 4432; x_wconf 87' lang='lat' dir='ltr'><strong>tristitia,</strong></span> <span class='ocrx_word' id='word_1_330' title='bbox 1686 4369 1929 4434; x_wconf 86' lang='lat' dir='ltr'><strong>avaritia,</strong></span> 
     </span>
    </p>
   </div>
   <div class='ocr_carea' id='block_1_46' title="bbox 325 4447 1624 4528">
    <p class='ocr_par' dir='ltr' id='par_1_46' title="bbox 325 4447 1624 4528">
     <span class='ocr_line' id='line_1_46' title="bbox 325 4447 1624 4528; baseline 0.011 -27"><span class='ocrx_word' id='word_1_331' title='bbox 325 4447 632 4518; x_wconf 72' lang='lat' dir='ltr'><strong>ingluvies,</strong></span> <span class='ocrx_word' id='word_1_332' title='bbox 661 4450 885 4517; x_wconf 83' lang='lat' dir='ltr'><strong>luxuria,</strong></span> <span class='ocrx_word' id='word_1_333' title='bbox 919 4453 1094 4508; x_wconf 83' lang='lat' dir='ltr'><strong>inanis</strong></span> <span class='ocrx_word' id='word_1_334' title='bbox 1122 4455 1316 4525; x_wconf 78' lang='lat' dir='ltr'><strong>gloria,</strong></span> <span class='ocrx_word' id='word_1_335' title='bbox 1348 4457 1624 4528; x_wconf 84' lang='lat' dir='ltr'><strong>superbia.</strong></span> 
     </span>
    </p>
   </div>
   <div class='ocr_carea' id='block_1_47' title="bbox 411 4647 1925 4726">
    <p class='ocr_par' dir='ltr' id='par_1_47' title="bbox 411 4647 1925 4726">
     <span class='ocr_line' id='line_1_47' title="bbox 411 4647 1925 4726; baseline 0.013 -27"><span class='ocrx_word' id='word_1_336' title='bbox 411 4647 507 4700; x_wconf 71' lang='grc'><strong>48.</strong></span> <span class='ocrx_word' id='word_1_337' title='bbox 535 4649 678 4726; x_wconf 24' lang='grc' dir='ltr'>(Ζιιηιᾼ</span> <span class='ocrx_word' id='word_1_338' title='bbox 696 4667 786 4720; x_wconf 90' lang='lat' dir='ltr'><strong>pro</strong></span> <span class='ocrx_word' id='word_1_339' title='bbox 810 4660 988 4726; x_wconf 71' lang='lat' dir='ltr'><strong>octavo</strong></span> <span class='ocrx_word' id='word_1_340' title='bbox 1013 4655 1161 4708; x_wconf 90' lang='lat' dir='ltr'><strong>multi</strong></span> <span class='ocrx_word' id='word_1_341' title='bbox 1188 4656 1545 4712; x_wconf 89' lang='lat' dir='ltr'><strong>inscribantur</strong></span> <span class='ocrx_word' id='word_1_342' title='bbox 1570 4661 1777 4726; x_wconf 85' lang='lat' dir='ltr'><strong>psalmi,</strong></span> <span class='ocrx_word' id='word_1_343' title='bbox 1807 4676 1925 4720; x_wconf 87' lang='lat' dir='ltr'><strong>nata</strong></span> 
     </span>
    </p>
   </div>
   <div class='ocr_carea' id='block_1_48' title="bbox 327 4719 1926 4798">
    <p class='ocr_par' dir='ltr' id='par_1_48' title="bbox 327 4719 1926 4798">
     <span class='ocr_line' id='line_1_48' title="bbox 327 4719 1926 4798; baseline 0.013 -29"><span class='ocrx_word' id='word_1_344' title='bbox 327 4719 477 4798; x_wconf 60' lang='lat' dir='ltr'><strong>lzinc</strong></span> <span class='ocrx_word' id='word_1_345' title='bbox 505 4722 718 4772; x_wconf 70' lang='lat' dir='ltr'><strong>occasio</strong></span> <span class='ocrx_word' id='word_1_346' title='bbox 734 4733 824 4798; x_wconf 71' lang='lat' dir='ltr'><strong>est</strong></span> <span class='ocrx_word' id='word_1_347' title='bbox 856 4724 1135 4798; x_wconf 69' lang='lat' dir='ltr'><strong>indagandi</strong></span> <span class='ocrx_word' id='word_1_348' title='bbox 1167 4730 1420 4796; x_wconf 83' lang='lat' dir='ltr'><strong>mysticas</strong></span> <span class='ocrx_word' id='word_1_349' title='bbox 1453 4719 1926 4795; x_wconf 75' lang='lat' dir='ltr'><strong>interpretationes</strong></span> 
     </span>
    </p>
   </div>
   <div class='ocr_carea' id='block_1_49' title="bbox 332 4791 1922 4867">
    <p class='ocr_par' dir='ltr' id='par_1_49' title="bbox 332 4791 1922 4867">
     <span class='ocr_line' id='line_1_49' title="bbox 332 4791 1922 4867; baseline 0.014 -28"><span class='ocrx_word' id='word_1_350' title='bbox 332 4791 510 4867; x_wconf 62' lang='lat' dir='ltr'><strong>liujos</strong></span> <span class='ocrx_word' id='word_1_351' title='bbox 541 4792 769 4867; x_wconf 76' lang='lat' dir='ltr'><strong>numeri,</strong></span> <span class='ocrx_word' id='word_1_352' title='bbox 816 4807 954 4867; x_wconf 77' lang='lat' dir='ltr'><strong>quas</strong></span> <span class='ocrx_word' id='word_1_353' title='bbox 997 4793 1111 4848; x_wconf 82' lang='lat' dir='ltr'><strong>fere</strong></span> <span class='ocrx_word' id='word_1_354' title='bbox 1154 4791 1392 4854; x_wconf 83' lang='lat' dir='ltr'><strong>Isidorus</strong></span> <span class='ocrx_word' id='word_1_355' title='bbox 1438 4791 1814 4867; x_wconf 72' lang='lat' dir='ltr'><strong>cotnplecﬁtur</strong></span> <span class='ocrx_word' id='word_1_356' title='bbox 1855 4821 1922 4860; x_wconf 78' lang='lat' dir='ltr'><strong>ex</strong></span> 
     </span>
    </p>
   </div>
   <div class='ocr_carea' id='block_1_50' title="bbox 333 4860 1922 4938">
    <p class='ocr_par' dir='ltr' id='par_1_50' title="bbox 333 4860 1922 4938">
     <span class='ocr_line' id='line_1_50' title="bbox 333 4860 1922 4938; baseline 0.014 -29"><span class='ocrx_word' id='word_1_357' title='bbox 333 4860 685 4938; x_wconf 45' lang='lat' dir='ltr'><strong>élnlt.l’03iq-_._.</strong></span> <span class='ocrx_word' id='word_1_358' title='bbox 735 4863 1032 4938; x_wconf 78' lang='lat' dir='ltr'><strong>Augustino</strong></span> <span class='ocrx_word' id='word_1_359' title='bbox 1079 4875 1134 4918; x_wconf 82' lang='lat' dir='ltr'><strong>et</strong></span> <span class='ocrx_word' id='word_1_360' title='bbox 1177 4869 1318 4923; x_wconf 87' lang='lat' dir='ltr'><strong>aliis.</strong></span> <span class='ocrx_word' id='word_1_361' title='bbox 1359 4869 1488 4925; x_wconf 74' lang='lat' dir='ltr'><strong>Vide</strong></span> <span class='ocrx_word' id='word_1_362' title='bbox 1518 4860 1922 4932; x_wconf 82' lang='lat' dir='ltr'><strong>Unomasticum</strong></span> 
     </span>
    </p>
   </div>
   <div class='ocr_carea' id='block_1_51' title="bbox 330 4931 1212 4992">
    <p class='ocr_par' dir='ltr' id='par_1_51' title="bbox 330 4931 1212 4992">
     <span class='ocr_line' id='line_1_51' title="bbox 330 4931 1212 4992; baseline 0.011 -10"><span class='ocrx_word' id='word_1_363' title='bbox 330 4931 497 4982; x_wconf 39' lang='lat' dir='ltr'><strong>Harii</strong></span> <span class='ocrx_word' id='word_1_364' title='bbox 531 4940 589 4982; x_wconf 88' lang='lat' dir='ltr'><strong>et</strong></span> <span class='ocrx_word' id='word_1_365' title='bbox 617 4932 1005 4989; x_wconf 79' lang='lat' dir='ltr'><strong>Hierolesicnm</strong></span> <span class='ocrx_word' id='word_1_366' title='bbox 1034 4938 1212 4992; x_wconf 72' lang='lat' dir='ltr'><strong>Macri.</strong></span> 
     </span>
    </p>
   </div>
   <div class='ocr_carea' id='block_1_52' title="bbox 410 4998 1922 5075">
    <p class='ocr_par' dir='ltr' id='par_1_52' title="bbox 410 4998 1922 5075">
     <span class='ocr_line' id='line_1_52' title="bbox 410 4998 1922 5075; baseline 0.015 -24"><span class='ocrx_word' id='word_1_367' title='bbox 410 4998 512 5052; x_wconf 63' lang='grc' dir='ltr'><strong>εἰ.</strong></span> <span class='ocrx_word' id='word_1_368' title='bbox 556 5000 807 5066; x_wconf 62' lang='lat' dir='ltr'><strong>Quaedam</strong></span> <span class='ocrx_word' id='word_1_369' title='bbox 839 5005 924 5059; x_wconf 81' lang='lat' dir='ltr'><strong>liic</strong></span> <span class='ocrx_word' id='word_1_370' title='bbox 954 5008 1113 5060; x_wconf 84' lang='lat' dir='ltr'><strong>verba</strong></span> <span class='ocrx_word' id='word_1_371' title='bbox 1143 5010 1366 5075; x_wconf 81' lang='lat' dir='ltr'><strong>mutavi,</strong></span> <span class='ocrx_word' id='word_1_372' title='bbox 1401 5020 1456 5065; x_wconf 88' lang='lat' dir='ltr'><strong>ut</strong></span> <span class='ocrx_word' id='word_1_373' title='bbox 1485 5027 1700 5068; x_wconf 89' lang='lat' dir='ltr'><strong>sensum</strong></span> <span class='ocrx_word' id='word_1_374' title='bbox 1729 5016 1922 5074; x_wconf 86' lang='lat' dir='ltr'><strong>redde-</strong></span> 
     </span>
    </p>
   </div>
   <div class='ocr_carea' id='block_1_53' title="bbox 326 5075 1928 5150">
    <p class='ocr_par' dir='ltr' id='par_1_53' title="bbox 326 5075 1928 5150">
     <span class='ocr_line' id='line_1_53' title="bbox 326 5075 1928 5150; baseline 0.012 -26"><span class='ocrx_word' id='word_1_375' title='bbox 326 5085 504 5150; x_wconf 51' lang='lat' dir='ltr'><strong>rem;</strong></span> <span class='ocrx_word' id='word_1_376' title='bbox 539 5086 671 5150; x_wconf 69' lang='lat' dir='ltr'><strong>nam</strong></span> <span class='ocrx_word' id='word_1_377' title='bbox 697 5075 748 5127; x_wconf 89' lang='lat' dir='ltr'><strong>in</strong></span> <span class='ocrx_word' id='word_1_378' title='bbox 778 5077 876 5132; x_wconf 78' lang='lat' dir='ltr'><strong>Ms.</strong></span> <span class='ocrx_word' id='word_1_379' title='bbox 907 5087 1023 5150; x_wconf 84' lang='lat' dir='ltr'><strong>erat</strong></span> <span class='ocrx_word' id='word_1_380' title='bbox 1068 5085 1231 5150; x_wconf 67' lang='lat' dir='ltr'><strong>&quot;mgis</strong></span> <span class='ocrx_word' id='word_1_381' title='bbox 1265 5084 1509 5148; x_wconf 76' lang='lat' dir='ltr'><strong>perfectio</strong></span> <span class='ocrx_word' id='word_1_382' title='bbox 1556 5085 1809 5142; x_wconf 81' lang='lat' dir='ltr'><strong>dicitur...</strong></span> <span class='ocrx_word' id='word_1_383' title='bbox 1849 5106 1928 5142; x_wconf 84' lang='lat' dir='ltr'><strong>se-</strong></span> 
     </span>
    </p>
   </div>
   <div class='ocr_carea' id='block_1_54' title="bbox 323 5140 1932 5218">
    <p class='ocr_par' dir='ltr' id='par_1_54' title="bbox 323 5140 1932 5218">
     <span class='ocr_line' id='line_1_54' title="bbox 323 5140 1932 5218; baseline 0.013 -25"><span class='ocrx_word' id='word_1_384' title='bbox 323 5140 575 5193; x_wconf 63' lang='lat' dir='ltr'><strong>cundum</strong></span> <span class='ocrx_word' id='word_1_385' title='bbox 599 5144 732 5197; x_wconf 80' lang='lat' dir='ltr'><strong>alios</strong></span> <span class='ocrx_word' id='word_1_386' title='bbox 760 5186 795 5199; x_wconf 93' lang='lat'><strong>..</strong></span> <span class='ocrx_word' id='word_1_387' title='bbox 823 5164 942 5200; x_wconf 81' lang='lat' dir='ltr'><strong>nam</strong></span> <span class='ocrx_word' id='word_1_388' title='bbox 968 5149 1090 5201; x_wconf 84' lang='lat' dir='ltr'><strong>dum</strong></span> <span class='ocrx_word' id='word_1_389' title='bbox 1119 5140 1274 5218; x_wconf 65' lang='lat' dir='ltr'><strong>primi</strong></span> <span class='ocrx_word' id='word_1_390' title='bbox 1305 5140 1478 5207; x_wconf 63' lang='lat' dir='ltr'><strong>vorsus</strong></span> <span class='ocrx_word' id='word_1_391' title='bbox 1517 5164 1749 5211; x_wconf 70' lang='lat' dir='ltr'><strong>teneat...</strong></span> 
     </span>
    </p>
   </div>
   <div class='ocr_carea' id='block_1_55' title="bbox 319 5218 1588 5288">
    <p class='ocr_par' dir='ltr' id='par_1_55' title="bbox 319 5218 1588 5288">
     <span class='ocr_line' id='line_1_55' title="bbox 319 5218 1588 5288; baseline 0.013 -25"><span class='ocrx_word' id='word_1_392' title='bbox 319 5219 739 5288; x_wconf 38' lang='lat' dir='ltr'><strong>gugfstﬂuosi</strong></span> <span class='ocrx_word' id='word_1_393' title='bbox 765 5218 1042 5288; x_wconf 78' lang='lat' dir='ltr'><strong>adjiciatur</strong></span> <span class='ocrx_word' id='word_1_394' title='bbox 1071 5224 1138 5274; x_wconf 86' lang='lat' dir='ltr'><strong>ad</strong></span> <span class='ocrx_word' id='word_1_395' title='bbox 1169 5239 1354 5275; x_wconf 82' lang='lat' dir='ltr'><strong>novom</strong></span> <span class='ocrx_word' id='word_1_396' title='bbox 1381 5235 1588 5279; x_wconf 83' lang='lat' dir='ltr'><strong>certam.</strong></span> 
     </span>
    </p>
   </div>
   <div class='ocr_carea' id='block_1_56' title="bbox 405 5281 1925 5364">
    <p class='ocr_par' dir='ltr' id='par_1_56' title="bbox 405 5281 1925 5364">
     <span class='ocr_line' id='line_1_56' title="bbox 405 5281 1925 5364; baseline 0.014 -30"><span class='ocrx_word' id='word_1_397' title='bbox 405 5281 506 5364; x_wconf 74' lang='grc'><strong>53.</strong></span> <span class='ocrx_word' id='word_1_398' title='bbox 551 5281 911 5364; x_wconf 62' lang='lat' dir='ltr'><strong>Allrgoria&#39;de</strong></span> <span class='ocrx_word' id='word_1_399' title='bbox 940 5307 1167 5346; x_wconf 79' lang='lat' dir='ltr'><strong>numero</strong></span> <span class='ocrx_word' id='word_1_400' title='bbox 1211 5309 1399 5348; x_wconf 79' lang='lat' dir='ltr'><strong>novem</strong></span> <span class='ocrx_word' id='word_1_401' title='bbox 1455 5297 1787 5364; x_wconf 88' lang='lat' dir='ltr'><strong>leprosorum</strong></span> <span class='ocrx_word' id='word_1_402' title='bbox 1828 5315 1925 5355; x_wconf 79' lang='lat' dir='ltr'><strong>ex-</strong></span> 
     </span>
    </p>
   </div>
   <div class='ocr_carea' id='block_1_57' title="bbox 322 5357 1925 5437">
    <p class='ocr_par' dir='ltr' id='par_1_57' title="bbox 322 5357 1925 5437">
     <span class='ocr_line' id='line_1_57' title="bbox 322 5357 1925 5437; baseline 0.013 -28"><span class='ocrx_word' id='word_1_403' title='bbox 322 5358 575 5437; x_wconf 51' lang='lat' dir='ltr'><strong>plicatur</strong></span> <span class='ocrx_word' id='word_1_404' title='bbox 607 5357 762 5412; x_wconf 88' lang='lat' dir='ltr'><strong>latius</strong></span> <span class='ocrx_word' id='word_1_405' title='bbox 791 5372 1036 5437; x_wconf 86' lang='lat' dir='ltr'><strong>a_s_ancto</strong></span> <span class='ocrx_word' id='word_1_406' title='bbox 1064 5365 1362 5437; x_wconf 56' lang='lat' dir='ltr'><strong>augustino</strong></span> <span class='ocrx_word' id='word_1_407' title='bbox 1388 5407 1402 5429; x_wconf 88' lang='lat'><strong>,</strong></span> <span class='ocrx_word' id='word_1_408' title='bbox 1435 5357 1526 5420; x_wconf 54' lang='lat' dir='ltr'><strong>lib&#39;.</strong></span> <span class='ocrx_word' id='word_1_409' title='bbox 1562 5384 1595 5423; x_wconf 88' lang='grc' dir='ltr'><strong>ιι</strong></span> <span class='ocrx_word' id='word_1_410' title='bbox 1625 5369 1925 5437; x_wconf 68' lang='grc' dir='ltr'><strong>Ωιιίθειίοη.</strong></span> 
     </span>
    </p>
   </div>
   <div class='ocr_carea' id='block_1_58' title="bbox 324 5426 1923 5504">
    <p class='ocr_par' dir='ltr' id='par_1_58' title="bbox 324 5426 1923 5504">
     <span class='ocr_line' id='line_1_58' title="bbox 324 5426 1923 5504; baseline 0.015 -30"><span class='ocrx_word' id='word_1_411' title='bbox 324 5426 572 5490; x_wconf 56' lang='grc' dir='ltr'><strong>Εεδιιιέη</strong></span> <span class='ocrx_word' id='word_1_412' title='bbox 605 5440 796 5504; x_wconf 59' lang='lat' dir='ltr'><strong>quaest.</strong></span> <span class='ocrx_word' id='word_1_413' title='bbox 821 5429 882 5486; x_wconf 74' lang='grc'><strong>41</strong></span> <span class='ocrx_word' id='word_1_414' title='bbox 913 5473 929 5497; x_wconf 93' lang='grc'><strong><em>,</em></strong></span> <span class='ocrx_word' id='word_1_415' title='bbox 961 5450 1018 5488; x_wconf 84' lang='grc' dir='ltr'><strong>ιι.</strong></span> <span class='ocrx_word' id='word_1_416' title='bbox 1049 5431 1100 5486; x_wconf 68' lang='grc'><strong>4.</strong></span> <span class='ocrx_word' id='word_1_417' title='bbox 1156 5435 1258 5488; x_wconf 84' lang='lat' dir='ltr'><strong>Pro</strong></span> <span class='ocrx_word' id='word_1_418' title='bbox 1297 5426 1522 5504; x_wconf 78' lang='lat' dir='ltr'><strong>quamvis</strong></span> <span class='ocrx_word' id='word_1_419' title='bbox 1551 5441 1604 5492; x_wconf 86' lang='lat' dir='ltr'><strong>in</strong></span> <span class='ocrx_word' id='word_1_420' title='bbox 1635 5426 1711 5494; x_wconf 65' lang='lat' dir='ltr'><strong>En</strong></span> <span class='ocrx_word' id='word_1_421' title='bbox 1742 5442 1794 5496; x_wconf 90' lang='lat' dir='ltr'><strong>in</strong></span> <span class='ocrx_word' id='word_1_422' title='bbox 1826 5426 1923 5498; x_wconf 68' lang='lat' dir='ltr'><strong>Ms.</strong></span> 
     </span>
    </p>
   </div>
   <div class='ocr_carea' id='block_1_59' title="bbox 319 5503 849 5565">
    <p class='ocr_par' dir='ltr' id='par_1_59' title="bbox 319 5503 849 5565">
     <span class='ocr_line' id='line_1_59' title="bbox 319 5503 849 5565; baseline 0.015 -15"><span class='ocrx_word' id='word_1_423' title='bbox 319 5507 454 5550; x_wconf 72' lang='lat' dir='ltr'><strong>erat</strong></span> <span class='ocrx_word' id='word_1_424' title='bbox 484 5514 642 5565; x_wconf 71' lang='lat' dir='ltr'><strong>quam</strong></span> <span class='ocrx_word' id='word_1_425' title='bbox 667 5503 717 5552; x_wconf 79' lang='lat' dir='ltr'><strong>in</strong></span> <span class='ocrx_word' id='word_1_426' title='bbox 744 5517 849 5558; x_wconf 86' lang='lat' dir='ltr'><strong>eos.</strong></span> 
     </span>
    </p>
   </div>
   <div class='ocr_carea' id='block_1_60' title="bbox 403 5567 1927 5652">
    <p class='ocr_par' dir='ltr' id='par_1_60' title="bbox 403 5567 1927 5652">
     <span class='ocr_line' id='line_1_60' title="bbox 403 5567 1927 5652; baseline 0.012 -32"><span class='ocrx_word' id='word_1_427' title='bbox 403 5567 503 5652; x_wconf 58' lang='lat' dir='ltr'><strong>Si.</strong></span> <span class='ocrx_word' id='word_1_428' title='bbox 551 5571 810 5652; x_wconf 45' lang='lat' dir='ltr'><strong>Substitui</strong></span> <span class='ocrx_word' id='word_1_429' title='bbox 845 5576 994 5642; x_wconf 85' lang='lat' dir='ltr'><strong>primi</strong></span> <span class='ocrx_word' id='word_1_430' title='bbox 1018 5592 1195 5652; x_wconf 66' lang='lat' dir='ltr'><strong>remus</strong></span> <span class='ocrx_word' id='word_1_431' title='bbox 1220 5593 1314 5646; x_wconf 87' lang='lat' dir='ltr'><strong>pro</strong></span> <span class='ocrx_word' id='word_1_432' title='bbox 1343 5580 1535 5646; x_wconf 86' lang='lat' dir='ltr'><strong>primus</strong></span> <span class='ocrx_word' id='word_1_433' title='bbox 1566 5597 1758 5646; x_wconf 82' lang='lat' dir='ltr'><strong>versus,</strong></span> <span class='ocrx_word' id='word_1_434' title='bbox 1782 5585 1927 5652; x_wconf 82' lang='lat' dir='ltr'><strong>quod</strong></span> 
     </span>
    </p>
   </div>
   <div class='ocr_carea' id='block_1_61' title="bbox 315 5641 1918 5723">
    <p class='ocr_par' dir='ltr' id='par_1_61' title="bbox 315 5641 1918 5723">
     <span class='ocr_line' id='line_1_61' title="bbox 315 5641 1918 5723; baseline 0.01 -29"><span class='ocrx_word' id='word_1_435' title='bbox 315 5650 454 5694; x_wconf 74' lang='lat' dir='ltr'><strong>erat</strong></span> <span class='ocrx_word' id='word_1_436' title='bbox 487 5660 537 5694; x_wconf 84' lang='lat' dir='ltr'><strong>Ill</strong></span> <span class='ocrx_word' id='word_1_437' title='bbox 571 5641 668 5698; x_wconf 74' lang='lat' dir='ltr'><strong>Ms.</strong></span> <span class='ocrx_word' id='word_1_438' title='bbox 708 5641 906 5699; x_wconf 75' lang='lat' dir='ltr'><strong>Versus</strong></span> <span class='ocrx_word' id='word_1_439' title='bbox 951 5649 1152 5716; x_wconf 88' lang='lat' dir='ltr'><strong>primus</strong></span> <span class='ocrx_word' id='word_1_440' title='bbox 1201 5641 1280 5704; x_wconf 79' lang='lat' dir='ltr'><strong>est</strong></span> <span class='ocrx_word' id='word_1_441' title='bbox 1320 5641 1482 5707; x_wconf 76' lang='lat' dir='ltr'><strong>veluti</strong></span> <span class='ocrx_word' id='word_1_442' title='bbox 1526 5653 1695 5723; x_wconf 88' lang='lat' dir='ltr'><strong>prima</strong></span> <span class='ocrx_word' id='word_1_443' title='bbox 1739 5641 1918 5713; x_wconf 54' lang='lat' dir='ltr'><strong>de&#39;cas.</strong></span> 
     </span>
    </p>
   </div>
   <div class='ocr_carea' id='block_1_62' title="bbox 962 183 3166 257">
    <p class='ocr_par' dir='ltr' id='par_1_62' title="bbox 962 183 3166 257">
     <span class='ocr_line' id='line_1_62' title="bbox 962 183 3166 257; baseline 0.004 -16"><span class='ocrx_word' id='word_1_444' title='bbox 962 187 1159 243; x_wconf 70' lang='lat' dir='ltr'><strong>LIBER</strong></span> <span class='ocrx_word' id='word_1_445' title='bbox 1199 187 1634 244; x_wconf 68' lang='lat' dir='ltr'><strong>NUMEROBUM</strong></span> <span class='ocrx_word' id='word_1_446' title='bbox 1679 189 1794 257; x_wconf 83' lang='lat' dir='ltr'><strong>QUI</strong></span> <span class='ocrx_word' id='word_1_447' title='bbox 1832 183 1901 242; x_wconf 75' lang='grc' dir='ltr'><strong>ΙΝ</strong></span> <span class='ocrx_word' id='word_1_448' title='bbox 1939 189 2226 247; x_wconf 74' lang='lat' dir='ltr'><strong>SANCTIS</strong></span> <span class='ocrx_word' id='word_1_449' title='bbox 2266 191 2676 248; x_wconf 74' lang='lat' dir='ltr'><strong>SCRIPTUMS</strong></span> <span class='ocrx_word' id='word_1_450' title='bbox 2717 192 3166 250; x_wconf 73' lang='lat' dir='ltr'><strong>OCCUltRU-NT.</strong></span> 
     </span>
    </p>
   </div>
   <div class='ocr_carea' id='block_1_63' title="bbox 3559 201 3662 257">
    <p class='ocr_par' dir='ltr' id='par_1_63' title="bbox 3559 201 3662 257">
     <span class='ocr_line' id='line_1_63' title="bbox 3559 201 3662 257; baseline -0.01 0"><span class='ocrx_word' id='word_1_451' title='bbox 3559 201 3662 257; x_wconf 68' lang='lat'><strong>{90</strong></span> 
     </span>
    </p>
   </div>
   <div class='ocr_carea' id='block_1_64' title="bbox 2679 302 3010 358">
    <p class='ocr_par' dir='ltr' id='par_1_64' title="bbox 2679 302 3010 358">
     <span class='ocr_line' id='line_1_64' title="bbox 2679 302 3010 358; baseline 0.009 -3"><span class='ocrx_word' id='word_1_452' title='bbox 2679 302 2903 357; x_wconf 80' lang='lat' dir='ltr'><strong>CAPUT</strong></span> <span class='ocrx_word' id='word_1_453' title='bbox 2943 304 3010 358; x_wconf 83' lang='lat' dir='ltr'><strong>X.</strong></span> 
     </span>
    </p>
   </div>
   <div class='ocr_carea' id='block_1_65' title="bbox 2534 394 3175 453">
    <p class='ocr_par' dir='ltr' id='par_1_65' title="bbox 2534 394 3175 453">
     <span class='ocr_line' id='line_1_65' title="bbox 2534 394 3175 453; baseline 0.009 -6"><span class='ocrx_word' id='word_1_454' title='bbox 2534 394 2612 449; x_wconf 86' lang='lat' dir='ltr'><strong>De</strong></span> <span class='ocrx_word' id='word_1_455' title='bbox 2641 398 2914 450; x_wconf 82' lang='lat' dir='ltr'><strong>novenario</strong></span> <span class='ocrx_word' id='word_1_456' title='bbox 2942 415 3175 453; x_wconf 85' lang='lat' dir='ltr'><strong>numero.</strong></span> 
     </span>
    </p>
   </div>
   <div class='ocr_carea' id='block_1_66' title="bbox 2139 486 3662 560">
    <p class='ocr_par' dir='ltr' id='par_1_66' title="bbox 2139 486 3662 560">
     <span class='ocr_line' id='line_1_66' title="bbox 2139 486 3662 560; baseline 0.005 -19"><span class='ocrx_word' id='word_1_457' title='bbox 2139 486 2228 541; x_wconf 71' lang='lat'><strong>52.</strong></span> <span class='ocrx_word' id='word_1_458' title='bbox 2274 486 2602 541; x_wconf 81' lang='lat' dir='ltr'><strong>Novmarius</strong></span> <span class='ocrx_word' id='word_1_459' title='bbox 2645 489 2942 542; x_wconf 85' lang='lat' dir='ltr'><strong>secundum</strong></span> <span class='ocrx_word' id='word_1_460' title='bbox 2982 505 3041 544; x_wconf 88' lang='lat' dir='ltr'><strong>se</strong></span> <span class='ocrx_word' id='word_1_461' title='bbox 3088 490 3358 560; x_wconf 80' lang='lat' dir='ltr'><strong>perlectus</strong></span> <span class='ocrx_word' id='word_1_462' title='bbox 3401 508 3662 549; x_wconf 85' lang='lat' dir='ltr'><strong>numerus</strong></span> 
     </span>
    </p>
   </div>
   <div class='ocr_carea' id='block_1_67' title="bbox 2065 580 3658 652">
    <p class='ocr_par' dir='ltr' id='par_1_67' title="bbox 2065 580 3658 652">
     <span class='ocr_line' id='line_1_67' title="bbox 2065 580 3658 652; baseline 0.005 -19"><span class='ocrx_word' id='word_1_463' title='bbox 2065 589 2167 645; x_wconf 92' lang='lat' dir='ltr'><strong>est,</strong></span> <span class='ocrx_word' id='word_1_464' title='bbox 2198 589 2251 633; x_wconf 91' lang='lat' dir='ltr'><strong>et</strong></span> <span class='ocrx_word' id='word_1_465' title='bbox 2283 580 2409 634; x_wconf 91' lang='lat' dir='ltr'><strong>inde</strong></span> <span class='ocrx_word' id='word_1_466' title='bbox 2441 582 2608 650; x_wconf 84' lang='lat' dir='ltr'><strong>magis</strong></span> <span class='ocrx_word' id='word_1_467' title='bbox 2643 581 2912 648; x_wconf 63' lang='lat' dir='ltr'><strong>pellectus</strong></span> <span class='ocrx_word' id='word_1_468' title='bbox 2944 583 3164 649; x_wconf 68' lang='lat' dir='ltr'><strong>dicitur,</strong></span> <span class='ocrx_word' id='word_1_469' title='bbox 3195 585 3447 652; x_wconf 85' lang='lat' dir='ltr'><strong>quoniam</strong></span> <span class='ocrx_word' id='word_1_470' title='bbox 3472 602 3537 640; x_wconf 81' lang='lat' dir='ltr'><strong>ex</strong></span> <span class='ocrx_word' id='word_1_471' title='bbox 3561 588 3658 641; x_wconf 89' lang='lat' dir='ltr'><strong>tri-</strong></span> 
     </span>
    </p>
   </div>
   <div class='ocr_carea' id='block_1_68' title="bbox 2068 669 3654 748">
    <p class='ocr_par' dir='ltr' id='par_1_68' title="bbox 2068 669 3654 748">
     <span class='ocr_line' id='line_1_68' title="bbox 2068 669 3654 748; baseline 0.008 -26"><span class='ocrx_word' id='word_1_472' title='bbox 2068 670 2162 722; x_wconf 69' lang='lat' dir='ltr'><strong>lni~</strong></span> <span class='ocrx_word' id='word_1_473' title='bbox 2196 669 2448 738; x_wconf 82' lang='lat' dir='ltr'><strong>perfectis</strong></span> <span class='ocrx_word' id='word_1_474' title='bbox 2480 689 2572 740; x_wconf 88' lang='lat' dir='ltr'><strong>per</strong></span> <span class='ocrx_word' id='word_1_475' title='bbox 2600 671 2826 726; x_wconf 81' lang='lat' dir='ltr'><strong>fortnam</strong></span> <span class='ocrx_word' id='word_1_476' title='bbox 2859 674 2980 744; x_wconf 83' lang='lat' dir='ltr'><strong>ejus</strong></span> <span class='ocrx_word' id='word_1_477' title='bbox 3009 677 3391 743; x_wconf 86' lang='lat' dir='ltr'><strong>multiplicatus</strong></span> <span class='ocrx_word' id='word_1_478' title='bbox 3413 680 3654 748; x_wconf 88' lang='lat' dir='ltr'><strong>comple-</strong></span> 
     </span>
    </p>
   </div>
   <div class='ocr_carea' id='block_1_69' title="bbox 2068 765 3654 835">
    <p class='ocr_par' dir='ltr' id='par_1_69' title="bbox 2068 765 3654 835">
     <span class='ocr_line' id='line_1_69' title="bbox 2068 765 3654 835; baseline 0.008 -22"><span class='ocrx_word' id='word_1_479' title='bbox 2068 769 2169 813; x_wconf 89' lang='lat' dir='ltr'><strong>tnr.</strong></span> <span class='ocrx_word' id='word_1_480' title='bbox 2218 765 2285 814; x_wconf 84' lang='lat' dir='ltr'><strong>At</strong></span> <span class='ocrx_word' id='word_1_481' title='bbox 2333 775 2462 815; x_wconf 81' lang='lat' dir='ltr'><strong>vero</strong></span> <span class='ocrx_word' id='word_1_482' title='bbox 2505 765 2964 820; x_wconf 87' lang='lat' dir='ltr'><strong>secundumalios</strong></span> <span class='ocrx_word' id='word_1_483' title='bbox 2995 767 3340 835; x_wconf 79' lang='lat' dir='ltr'><strong>imperfectus</strong></span> <span class='ocrx_word' id='word_1_484' title='bbox 3367 780 3486 834; x_wconf 89' lang='lat' dir='ltr'><strong>est;</strong></span> <span class='ocrx_word' id='word_1_485' title='bbox 3531 786 3654 825; x_wconf 89' lang='lat' dir='ltr'><strong>nam</strong></span> 
     </span>
    </p>
   </div>
   <div class='ocr_carea' id='block_1_70' title="bbox 2066 855 3658 933">
    <p class='ocr_par' dir='ltr' id='par_1_70' title="bbox 2066 855 3658 933">
     <span class='ocr_line' id='line_1_70' title="bbox 2066 855 3658 933; baseline 0.009 -28"><span class='ocrx_word' id='word_1_486' title='bbox 2066 863 2122 906; x_wconf 83' lang='lat' dir='ltr'><strong>ut</strong></span> <span class='ocrx_word' id='word_1_487' title='bbox 2154 855 2310 918; x_wconf 88' lang='lat' dir='ltr'><strong>primi</strong></span> <span class='ocrx_word' id='word_1_488' title='bbox 2345 870 2532 907; x_wconf 82' lang='lat' dir='ltr'><strong>versus</strong></span> <span class='ocrx_word' id='word_1_489' title='bbox 2563 856 2722 909; x_wconf 89' lang='lat' dir='ltr'><strong>linem</strong></span> <span class='ocrx_word' id='word_1_490' title='bbox 2755 868 2954 924; x_wconf 89' lang='lat' dir='ltr'><strong>teneat,</strong></span> <span class='ocrx_word' id='word_1_491' title='bbox 2984 876 3090 913; x_wconf 90' lang='lat' dir='ltr'><strong>uno</strong></span> <span class='ocrx_word' id='word_1_492' title='bbox 3120 869 3300 916; x_wconf 86' lang='lat' dir='ltr'><strong>tamen</strong></span> <span class='ocrx_word' id='word_1_493' title='bbox 3329 879 3545 933; x_wconf 82' lang='lat' dir='ltr'><strong>semper</strong></span> <span class='ocrx_word' id='word_1_494' title='bbox 3575 864 3658 919; x_wconf 89' lang='lat' dir='ltr'><strong>in-</strong></span> 
     </span>
    </p>
   </div>
   <div class='ocr_carea' id='block_1_71' title="bbox 2061 942 3655 1021">
    <p class='ocr_par' dir='ltr' id='par_1_71' title="bbox 2061 942 3655 1021">
     <span class='ocr_line' id='line_1_71' title="bbox 2061 942 3655 1021; baseline 0.008 -25"><span class='ocrx_word' id='word_1_495' title='bbox 2061 942 2215 1011; x_wconf 83' lang='lat' dir='ltr'><strong>digus</strong></span> <span class='ocrx_word' id='word_1_496' title='bbox 2245 953 2358 1010; x_wconf 87' lang='lat' dir='ltr'><strong>est,</strong></span> <span class='ocrx_word' id='word_1_497' title='bbox 2386 946 2476 1015; x_wconf 87' lang='lat' dir='ltr'><strong>qui</strong></span> <span class='ocrx_word' id='word_1_498' title='bbox 2507 947 2550 999; x_wconf 79' lang='lat' dir='ltr'><strong>si</strong></span> <span class='ocrx_word' id='word_1_499' title='bbox 2584 947 2870 1014; x_wconf 86' lang='lat' dir='ltr'><strong>adjiciatur</strong></span> <span class='ocrx_word' id='word_1_500' title='bbox 2896 949 2960 1004; x_wconf 90' lang='lat' dir='ltr'><strong>ad</strong></span> <span class='ocrx_word' id='word_1_501' title='bbox 2992 966 3182 1004; x_wconf 89' lang='lat' dir='ltr'><strong>novem</strong></span> <span class='ocrx_word' id='word_1_502' title='bbox 3209 995 3224 1016; x_wconf 95' lang='lat'><strong>,</strong></span> <span class='ocrx_word' id='word_1_503' title='bbox 3251 963 3450 1006; x_wconf 87' lang='lat' dir='ltr'><strong>certam</strong></span> <span class='ocrx_word' id='word_1_504' title='bbox 3478 955 3655 1021; x_wconf 86' lang='lat' dir='ltr'><strong>perle-</strong></span> 
     </span>
    </p>
   </div>
   <div class='ocr_carea' id='block_1_72' title="bbox 2059 1036 3655 1113">
    <p class='ocr_par' dir='ltr' id='par_1_72' title="bbox 2059 1036 3655 1113">
     <span class='ocr_line' id='line_1_72' title="bbox 2059 1036 3655 1113; baseline 0.008 -27"><span class='ocrx_word' id='word_1_505' title='bbox 2059 1036 2256 1089; x_wconf 88' lang='lat' dir='ltr'><strong>ctionis</strong></span> <span class='ocrx_word' id='word_1_506' title='bbox 2305 1046 2468 1104; x_wconf 85' lang='lat' dir='ltr'><strong>atque</strong></span> <span class='ocrx_word' id='word_1_507' title='bbox 2508 1037 2830 1107; x_wconf 80' lang='lat' dir='ltr'><strong>integritatis</strong></span> <span class='ocrx_word' id='word_1_508' title='bbox 2863 1041 3102 1108; x_wconf 84' lang='lat' dir='ltr'><strong>regulam</strong></span> <span class='ocrx_word' id='word_1_509' title='bbox 3157 1048 3432 1111; x_wconf 90' lang='lat' dir='ltr'><strong>complet,</strong></span> <span class='ocrx_word' id='word_1_510' title='bbox 3466 1046 3516 1098; x_wconf 92' lang='lat' dir='ltr'><strong>in</strong></span> <span class='ocrx_word' id='word_1_511' title='bbox 3547 1062 3655 1113; x_wconf 81' lang='lat' dir='ltr'><strong>quo</strong></span> 
     </span>
    </p>
   </div>
   <div class='ocr_carea' id='block_1_73' title="bbox 2060 1129 3652 1204">
    <p class='ocr_par' dir='ltr' id='par_1_73' title="bbox 2060 1129 3652 1204">
     <span class='ocr_line' id='line_1_73' title="bbox 2060 1129 3652 1204; baseline 0.006 -23"><span class='ocrx_word' id='word_1_512' title='bbox 2060 1129 2356 1182; x_wconf 87' lang='lat' dir='ltr'><strong>novenario</strong></span> <span class='ocrx_word' id='word_1_513' title='bbox 2403 1145 2628 1183; x_wconf 86' lang='lat' dir='ltr'><strong>numero</strong></span> <span class='ocrx_word' id='word_1_514' title='bbox 2679 1131 2752 1185; x_wconf 89' lang='lat' dir='ltr'><strong>illi</strong></span> <span class='ocrx_word' id='word_1_515' title='bbox 2805 1133 3160 1201; x_wconf 83' lang='lat' dir='ltr'><strong>accipiuntur,</strong></span> <span class='ocrx_word' id='word_1_516' title='bbox 3215 1138 3302 1204; x_wconf 90' lang='lat' dir='ltr'><strong>qui</strong></span> <span class='ocrx_word' id='word_1_517' title='bbox 3354 1136 3652 1203; x_wconf 76' lang='lat' dir='ltr'><strong>imperfecti</strong></span> 
     </span>
    </p>
   </div>
   <div class='ocr_carea' id='block_1_74' title="bbox 2057 1221 3652 1296">
    <p class='ocr_par' dir='ltr' id='par_1_74' title="bbox 2057 1221 3652 1296">
     <span class='ocr_line' id='line_1_74' title="bbox 2057 1221 3652 1296; baseline 0.006 -24"><span class='ocrx_word' id='word_1_518' title='bbox 2057 1229 2202 1283; x_wconf 88' lang='lat' dir='ltr'><strong>sunt,</strong></span> <span class='ocrx_word' id='word_1_519' title='bbox 2230 1230 2282 1272; x_wconf 88' lang='lat' dir='ltr'><strong>et</strong></span> <span class='ocrx_word' id='word_1_520' title='bbox 2309 1221 2374 1273; x_wconf 87' lang='lat' dir='ltr'><strong>ad</strong></span> <span class='ocrx_word' id='word_1_521' title='bbox 2406 1226 2590 1276; x_wconf 73' lang='lat' dir='ltr'><strong>iterem</strong></span> <span class='ocrx_word' id='word_1_522' title='bbox 2625 1234 2890 1293; x_wconf 64' lang='lat' dir='ltr'><strong>praecepta</strong></span> <span class='ocrx_word' id='word_1_523' title='bbox 2937 1225 3070 1296; x_wconf 82' lang='lat' dir='ltr'><strong>legis</strong></span> <span class='ocrx_word' id='word_1_524' title='bbox 3098 1240 3430 1295; x_wconf 83' lang='lat' dir='ltr'><strong>nequaquam</strong></span> <span class='ocrx_word' id='word_1_525' title='bbox 3462 1242 3652 1295; x_wconf 87' lang='lat' dir='ltr'><strong>perve-</strong></span> 
     </span>
    </p>
   </div>
   <div class='ocr_carea' id='block_1_75' title="bbox 2128 1404 3652 1478">
    <p class='ocr_par' dir='ltr' id='par_1_75' title="bbox 2128 1404 3652 1478">
     <span class='ocr_line' id='line_1_75' title="bbox 2128 1404 3652 1478; baseline 0.004 -20"><span class='ocrx_word' id='word_1_526' title='bbox 2128 1405 2216 1458; x_wconf 73' lang='lat'><strong>53.</strong></span> <span class='ocrx_word' id='word_1_527' title='bbox 2266 1405 2338 1457; x_wconf 81' lang='lat' dir='ltr'><strong>Ex</strong></span> <span class='ocrx_word' id='word_1_528' title='bbox 2386 1404 2486 1459; x_wconf 87' lang='lat' dir='ltr'><strong>hoc</strong></span> <span class='ocrx_word' id='word_1_529' title='bbox 2537 1422 2765 1461; x_wconf 87' lang='lat' dir='ltr'><strong>numero</strong></span> <span class='ocrx_word' id='word_1_530' title='bbox 2813 1416 2938 1461; x_wconf 78' lang='lat' dir='ltr'><strong>sunt</strong></span> <span class='ocrx_word' id='word_1_531' title='bbox 2984 1407 3058 1462; x_wconf 92' lang='lat' dir='ltr'><strong>illi</strong></span> <span class='ocrx_word' id='word_1_532' title='bbox 3107 1424 3299 1462; x_wconf 82' lang='lat' dir='ltr'><strong>novom</strong></span> <span class='ocrx_word' id='word_1_533' title='bbox 3348 1409 3547 1478; x_wconf 91' lang='lat' dir='ltr'><strong>leprosi</strong></span> <span class='ocrx_word' id='word_1_534' title='bbox 3600 1413 3652 1464; x_wconf 90' lang='lat' dir='ltr'><strong>in</strong></span> 
     </span>
    </p>
   </div>
   <div class='ocr_carea' id='block_1_76' title="bbox 2060 1493 3651 1569">
    <p class='ocr_par' dir='ltr' id='par_1_76' title="bbox 2060 1493 3651 1569">
     <span class='ocr_line' id='line_1_76' title="bbox 2060 1493 3651 1569; baseline 0.005 -23"><span class='ocrx_word' id='word_1_535' title='bbox 2060 1493 2372 1561; x_wconf 79' lang='lat' dir='ltr'><strong>Evangelio,</strong></span> <span class='ocrx_word' id='word_1_536' title='bbox 2401 1496 2491 1564; x_wconf 84' lang='lat' dir='ltr'><strong>qui</strong></span> <span class='ocrx_word' id='word_1_537' title='bbox 2519 1497 2588 1549; x_wconf 89' lang='lat' dir='ltr'><strong>ab</strong></span> <span class='ocrx_word' id='word_1_538' title='bbox 2619 1498 2840 1554; x_wconf 78' lang='lat' dir='ltr'><strong>unitatis</strong></span> <span class='ocrx_word' id='word_1_539' title='bbox 2863 1500 3141 1553; x_wconf 87' lang='lat' dir='ltr'><strong>consortio</strong></span> <span class='ocrx_word' id='word_1_540' title='bbox 3167 1502 3387 1569; x_wconf 86' lang='lat' dir='ltr'><strong>seclusi,</strong></span> <span class='ocrx_word' id='word_1_541' title='bbox 3422 1500 3651 1557; x_wconf 87' lang='lat' dir='ltr'><strong>munda-</strong></span> 
     </span>
    </p>
   </div>
   <div class='ocr_carea' id='block_1_77' title="bbox 2060 1585 3651 1661">
    <p class='ocr_par' dir='ltr' id='par_1_77' title="bbox 2060 1585 3651 1661">
     <span class='ocr_line' id='line_1_77' title="bbox 2060 1585 3651 1661; baseline 0.005 -25"><span class='ocrx_word' id='word_1_542' title='bbox 2060 1585 2161 1638; x_wconf 92' lang='lat' dir='ltr'><strong>tori</strong></span> <span class='ocrx_word' id='word_1_543' title='bbox 2192 1600 2292 1639; x_wconf 90' lang='lat' dir='ltr'><strong>suo</strong></span> <span class='ocrx_word' id='word_1_544' title='bbox 2324 1602 2419 1654; x_wconf 73' lang='grc' dir='ltr'>ιιι-ι·</span> <span class='ocrx_word' id='word_1_545' title='bbox 2446 1588 2756 1657; x_wconf 74' lang='lat' dir='ltr'><strong>superbiam</strong></span> <span class='ocrx_word' id='word_1_546' title='bbox 2788 1592 2988 1657; x_wconf 82' lang='lat' dir='ltr'><strong>gratias</strong></span> <span class='ocrx_word' id='word_1_547' title='bbox 3029 1606 3136 1643; x_wconf 90' lang='lat' dir='ltr'><strong>non</strong></span> <span class='ocrx_word' id='word_1_548' title='bbox 3166 1601 3409 1661; x_wconf 83' lang='lat' dir='ltr'><strong>egerunt.</strong></span> <span class='ocrx_word' id='word_1_549' title='bbox 3445 1591 3520 1645; x_wconf 78' lang='lat' dir='ltr'><strong>Ex</strong></span> <span class='ocrx_word' id='word_1_550' title='bbox 3554 1606 3651 1644; x_wconf 88' lang='lat' dir='ltr'><strong>eo-</strong></span> 
     </span>
    </p>
   </div>
   <div class='ocr_carea' id='block_1_78' title="bbox 1979 1677 3650 1749">
    <p class='ocr_par' dir='ltr' id='par_1_78' title="bbox 1979 1677 3650 1749">
     <span class='ocr_line' id='line_1_78' title="bbox 1979 1677 3650 1749; baseline 0.002 -19"><span class='ocrx_word' id='word_1_551' title='bbox 1979 1690 2025 1749; x_wconf 80' lang='lat' dir='ltr'><strong>B</strong></span> <span class='ocrx_word' id='word_1_552' title='bbox 2056 1677 2177 1731; x_wconf 86' lang='lat' dir='ltr'><strong>dent</strong></span> <span class='ocrx_word' id='word_1_553' title='bbox 2223 1693 2448 1731; x_wconf 74' lang='lat' dir='ltr'><strong>minuere</strong></span> <span class='ocrx_word' id='word_1_554' title='bbox 2479 1679 2815 1747; x_wconf 88' lang='lat' dir='ltr'><strong>accipiuntur</strong></span> <span class='ocrx_word' id='word_1_555' title='bbox 2846 1697 2874 1732; x_wconf 90' lang='lat' dir='ltr'><strong>a</strong></span> <span class='ocrx_word' id='word_1_556' title='bbox 2915 1680 3234 1748; x_wconf 89' lang='lat' dir='ltr'><strong>quibusdam</strong></span> <span class='ocrx_word' id='word_1_557' title='bbox 3275 1691 3328 1735; x_wconf 89' lang='lat' dir='ltr'><strong>et</strong></span> <span class='ocrx_word' id='word_1_558' title='bbox 3369 1681 3444 1734; x_wconf 92' lang='lat' dir='ltr'><strong>illi</strong></span> <span class='ocrx_word' id='word_1_559' title='bbox 3479 1698 3650 1734; x_wconf 83' lang='lat' dir='ltr'><strong>nona-</strong></span> 
     </span>
    </p>
   </div>
   <div class='ocr_carea' id='block_1_79' title="bbox 2047 1765 3648 1839">
    <p class='ocr_par' dir='ltr' id='par_1_79' title="bbox 2047 1765 3648 1839">
     <span class='ocr_line' id='line_1_79' title="bbox 2047 1765 3648 1839; baseline 0.004 -23"><span class='ocrx_word' id='word_1_560' title='bbox 2047 1765 2193 1833; x_wconf 81' lang='lat' dir='ltr'><strong>ginta</strong></span> <span class='ocrx_word' id='word_1_561' title='bbox 2247 1781 2480 1833; x_wconf 88' lang='lat' dir='ltr'><strong>novem,</strong></span> <span class='ocrx_word' id='word_1_562' title='bbox 2540 1768 2628 1835; x_wconf 93' lang='lat' dir='ltr'><strong>qui</strong></span> <span class='ocrx_word' id='word_1_563' title='bbox 2687 1783 2793 1820; x_wconf 91' lang='lat' dir='ltr'><strong>non</strong></span> <span class='ocrx_word' id='word_1_564' title='bbox 2839 1768 3077 1837; x_wconf 77' lang='lat' dir='ltr'><strong>indigent</strong></span> <span class='ocrx_word' id='word_1_565' title='bbox 3125 1771 3472 1839; x_wconf 71' lang='lat' dir='ltr'><strong>ptrnitentia,</strong></span> <span class='ocrx_word' id='word_1_566' title='bbox 3521 1771 3648 1823; x_wconf 88' lang='lat' dir='ltr'><strong>dum</strong></span> 
     </span>
    </p>
   </div>
   <div class='ocr_carea' id='block_1_80' title="bbox 2048 1855 3645 1930">
    <p class='ocr_par' dir='ltr' id='par_1_80' title="bbox 2048 1855 3645 1930">
     <span class='ocr_line' id='line_1_80' title="bbox 2048 1855 3645 1930; baseline 0.001 -20"><span class='ocrx_word' id='word_1_567' title='bbox 2048 1855 2279 1910; x_wconf 83' lang='lat' dir='ltr'><strong>inaniter</strong></span> <span class='ocrx_word' id='word_1_568' title='bbox 2308 1857 2627 1925; x_wconf 84' lang='lat' dir='ltr'><strong>semetipsos</strong></span> <span class='ocrx_word' id='word_1_569' title='bbox 2655 1857 2987 1925; x_wconf 85' lang='lat' dir='ltr'><strong>justiﬁcant;</strong></span> <span class='ocrx_word' id='word_1_570' title='bbox 3033 1861 3278 1928; x_wconf 83' lang='lat' dir='ltr'><strong>quamvis</strong></span> <span class='ocrx_word' id='word_1_571' title='bbox 3317 1860 3372 1913; x_wconf 90' lang='lat' dir='ltr'><strong>in</strong></span> <span class='ocrx_word' id='word_1_572' title='bbox 3415 1861 3494 1914; x_wconf 88' lang='lat' dir='ltr'><strong>eis</strong></span> <span class='ocrx_word' id='word_1_573' title='bbox 3524 1860 3645 1930; x_wconf 89' lang='lat' dir='ltr'><strong>qui-</strong></span> 
     </span>
    </p>
   </div>
   <div class='ocr_carea' id='block_1_81' title="bbox 2047 1950 3644 2025">
    <p class='ocr_par' dir='ltr' id='par_1_81' title="bbox 2047 1950 3644 2025">
     <span class='ocr_line' id='line_1_81' title="bbox 2047 1950 3644 2025; baseline 0.003 -23"><span class='ocrx_word' id='word_1_574' title='bbox 2047 1950 2170 2002; x_wconf 90' lang='lat' dir='ltr'><strong>dam</strong></span> <span class='ocrx_word' id='word_1_575' title='bbox 2201 1951 2456 2005; x_wconf 68' lang='lat' dir='ltr'><strong>caelestes</strong></span> <span class='ocrx_word' id='word_1_576' title='bbox 2489 1953 2688 2020; x_wconf 86' lang='lat' dir='ltr'><strong>tignras</strong></span> <span class='ocrx_word' id='word_1_577' title='bbox 2734 1952 3054 2020; x_wconf 79' lang='lat' dir='ltr'><strong>intelligant.</strong></span> <span class='ocrx_word' id='word_1_578' title='bbox 3105 1952 3372 2008; x_wconf 72' lang='lat' dir='ltr'><strong>l’rtcterea</strong></span> <span class='ocrx_word' id='word_1_579' title='bbox 3420 1951 3604 2025; x_wconf 69' lang='lat' dir='ltr'><strong>[Forte</strong></span> <span class='ocrx_word' id='word_1_580' title='bbox 3628 1993 3644 2018; x_wconf 92' lang='lat'><strong>,</strong></span> 
     </span>
    </p>
   </div>
   <div class='ocr_carea' id='block_1_82' title="bbox 2049 2039 3646 2113">
    <p class='ocr_par' dir='ltr' id='par_1_82' title="bbox 2049 2039 3646 2113">
     <span class='ocr_line' id='line_1_82' title="bbox 2049 2039 3646 2113; baseline 0.003 -20"><span class='ocrx_word' id='word_1_581' title='bbox 2049 2039 2367 2113; x_wconf 82' lang='lat' dir='ltr'><strong>Propterea]</strong></span> <span class='ocrx_word' id='word_1_582' title='bbox 2419 2041 2631 2096; x_wconf 65' lang='lat' dir='ltr'><strong>llebraai</strong></span> <span class='ocrx_word' id='word_1_583' title='bbox 2684 2058 2876 2097; x_wconf 85' lang='lat' dir='ltr'><strong>novem</strong></span> <span class='ocrx_word' id='word_1_584' title='bbox 2921 2044 3091 2098; x_wconf 80' lang='lat' dir='ltr'><strong>libros</strong></span> <span class='ocrx_word' id='word_1_585' title='bbox 3130 2057 3254 2099; x_wconf 85' lang='lat' dir='ltr'><strong>esse</strong></span> <span class='ocrx_word' id='word_1_586' title='bbox 3303 2042 3646 2112; x_wconf 83' lang='lat' dir='ltr'><strong>prepheticus</strong></span> 
     </span>
    </p>
   </div>
   <div class='ocr_carea' id='block_1_83' title="bbox 2047 2131 3640 2203">
    <p class='ocr_par' dir='ltr' id='par_1_83' title="bbox 2047 2131 3640 2203">
     <span class='ocr_line' id='line_1_83' title="bbox 2047 2131 3640 2203; baseline 0.003 -19"><span class='ocrx_word' id='word_1_587' title='bbox 2047 2131 2270 2195; x_wconf 89' lang='lat' dir='ltr'><strong>dicunt,</strong></span> <span class='ocrx_word' id='word_1_588' title='bbox 2301 2142 2356 2186; x_wconf 91' lang='lat' dir='ltr'><strong>et</strong></span> <span class='ocrx_word' id='word_1_589' title='bbox 2405 2132 2566 2203; x_wconf 66' lang='grc'><strong>234</strong></span> <span class='ocrx_word' id='word_1_590' title='bbox 2611 2135 2840 2203; x_wconf 81' lang='lat' dir='ltr'><strong>gentiles</strong></span> <span class='ocrx_word' id='word_1_591' title='bbox 2880 2149 3069 2187; x_wconf 85' lang='lat' dir='ltr'><strong>novem</strong></span> <span class='ocrx_word' id='word_1_592' title='bbox 3109 2150 3289 2188; x_wconf 88' lang='lat' dir='ltr'><strong>musas</strong></span> <span class='ocrx_word' id='word_1_593' title='bbox 3334 2135 3640 2201; x_wconf 81' lang='lat' dir='ltr'><strong>ﬁnxerunt,</strong></span> 
     </span>
    </p>
   </div>
   <div class='ocr_carea' id='block_1_84' title="bbox 2045 2220 3526 2291">
    <p class='ocr_par' dir='ltr' id='par_1_84' title="bbox 2045 2220 3526 2291">
     <span class='ocr_line' id='line_1_84' title="bbox 2045 2220 3526 2291; baseline 0.002 -16"><span class='ocrx_word' id='word_1_594' title='bbox 2045 2220 2240 2291; x_wconf 83' lang='lat' dir='ltr'><strong>quibus</strong></span> <span class='ocrx_word' id='word_1_595' title='bbox 2269 2225 2503 2290; x_wconf 79' lang='lat' dir='ltr'><strong>perlecta</strong></span> <span class='ocrx_word' id='word_1_596' title='bbox 2545 2224 2771 2278; x_wconf 85' lang='lat' dir='ltr'><strong>scientia</strong></span> <span class='ocrx_word' id='word_1_597' title='bbox 2803 2225 3054 2280; x_wconf 86' lang='lat' dir='ltr'><strong>consistit</strong></span> <span class='ocrx_word' id='word_1_598' title='bbox 3083 2224 3526 2280; x_wconf 86' lang='lat' dir='ltr'><strong>modulationum.</strong></span> 
     </span>
    </p>
   </div>
   <div class='ocr_carea' id='block_1_85' title="bbox 2663 2333 3024 2392">
    <p class='ocr_par' dir='ltr' id='par_1_85' title="bbox 2663 2333 3024 2392">
     <span class='ocr_line' id='line_1_85' title="bbox 2663 2333 3024 2392; baseline 0.006 -2"><span class='ocrx_word' id='word_1_599' title='bbox 2663 2333 2891 2391; x_wconf 87' lang='lat' dir='ltr'><strong>CAPUT</strong></span> <span class='ocrx_word' id='word_1_600' title='bbox 2931 2337 3024 2392; x_wconf 74' lang='lat' dir='ltr'><strong>XI.</strong></span> 
     </span>
    </p>
   </div>
   <div class='ocr_carea' id='block_1_86' title="bbox 2547 2448 3121 2504">
    <p class='ocr_par' dir='ltr' id='par_1_86' title="bbox 2547 2448 3121 2504">
     <span class='ocr_line' id='line_1_86' title="bbox 2547 2448 3121 2504; baseline 0.003 -3"><span class='ocrx_word' id='word_1_601' title='bbox 2547 2448 2622 2502; x_wconf 88' lang='lat' dir='ltr'><strong>De</strong></span> <span class='ocrx_word' id='word_1_602' title='bbox 2650 2449 2861 2504; x_wconf 68' lang='lat' dir='ltr'><strong>denario</strong></span> <span class='ocrx_word' id='word_1_603' title='bbox 2890 2467 3121 2504; x_wconf 85' lang='lat' dir='ltr'><strong>numero.</strong></span> 
     </span>
    </p>
   </div>
   <div class='ocr_carea' id='block_1_87' title="bbox 2117 2540 3642 2598">
    <p class='ocr_par' dir='ltr' id='par_1_87' title="bbox 2117 2540 3642 2598">
     <span class='ocr_line' id='line_1_87' title="bbox 2117 2540 3642 2598; baseline -0.001 -1"><span class='ocrx_word' id='word_1_604' title='bbox 2117 2540 2208 2597; x_wconf 73' lang='grc'><strong>54.</strong></span> <span class='ocrx_word' id='word_1_605' title='bbox 2253 2541 2507 2596; x_wconf 85' lang='lat' dir='ltr'><strong>Denarius</strong></span> <span class='ocrx_word' id='word_1_606' title='bbox 2543 2557 2671 2596; x_wconf 86' lang='lat' dir='ltr'><strong>vero</strong></span> <span class='ocrx_word' id='word_1_607' title='bbox 2715 2544 2851 2596; x_wconf 86' lang='lat' dir='ltr'><strong>ultra</strong></span> <span class='ocrx_word' id='word_1_608' title='bbox 2901 2557 3093 2597; x_wconf 90' lang='lat' dir='ltr'><strong>omnes</strong></span> <span class='ocrx_word' id='word_1_609' title='bbox 3123 2543 3400 2597; x_wconf 85' lang='lat' dir='ltr'><strong>habendus</strong></span> <span class='ocrx_word' id='word_1_610' title='bbox 3431 2553 3511 2598; x_wconf 92' lang='lat' dir='ltr'><strong>est</strong></span> <span class='ocrx_word' id='word_1_611' title='bbox 3544 2559 3642 2596; x_wconf 82' lang='lat' dir='ltr'><strong>nu-</strong></span> 
     </span>
    </p>
   </div>
   <div class='ocr_carea' id='block_1_88' title="bbox 2046 2634 3640 2704">
    <p class='ocr_par' dir='ltr' id='par_1_88' title="bbox 2046 2634 3640 2704">
     <span class='ocr_line' id='line_1_88' title="bbox 2046 2634 3640 2704; baseline -0.001 -17"><span class='ocrx_word' id='word_1_612' title='bbox 2046 2649 2249 2700; x_wconf 87' lang='lat' dir='ltr'><strong>merus,</strong></span> <span class='ocrx_word' id='word_1_613' title='bbox 2280 2635 2400 2704; x_wconf 87' lang='lat' dir='ltr'><strong>quia</strong></span> <span class='ocrx_word' id='word_1_614' title='bbox 2432 2650 2625 2688; x_wconf 80' lang='lat' dir='ltr'><strong>omnes</strong></span> <span class='ocrx_word' id='word_1_615' title='bbox 2659 2651 2913 2689; x_wconf 85' lang='lat' dir='ltr'><strong>numeros</strong></span> <span class='ocrx_word' id='word_1_616' title='bbox 2943 2634 3174 2690; x_wconf 59' lang='lat' dir='ltr'><strong>diversae</strong></span> <span class='ocrx_word' id='word_1_617' title='bbox 3199 2637 3410 2688; x_wconf 87' lang='lat' dir='ltr'><strong>virtutis</strong></span> <span class='ocrx_word' id='word_1_618' title='bbox 3431 2649 3493 2690; x_wconf 90' lang='lat' dir='ltr'><strong>ac</strong></span> <span class='ocrx_word' id='word_1_619' title='bbox 3518 2650 3640 2703; x_wconf 86' lang='lat' dir='ltr'><strong>per-</strong></span> 
     </span>
    </p>
   </div>
   <div class='ocr_carea' id='block_1_89' title="bbox 2045 2724 3641 2793">
    <p class='ocr_par' dir='ltr' id='par_1_89' title="bbox 2045 2724 3641 2793">
     <span class='ocr_line' id='line_1_89' title="bbox 2045 2724 3641 2793; baseline 0 -15"><span class='ocrx_word' id='word_1_620' title='bbox 2045 2724 2292 2779; x_wconf 77' lang='lat' dir='ltr'><strong>fectionis</strong></span> <span class='ocrx_word' id='word_1_621' title='bbox 2339 2726 2474 2776; x_wconf 86' lang='lat' dir='ltr'><strong>intra</strong></span> <span class='ocrx_word' id='word_1_622' title='bbox 2525 2739 2584 2777; x_wconf 85' lang='lat' dir='ltr'><strong>se</strong></span> <span class='ocrx_word' id='word_1_623' title='bbox 2629 2725 2898 2790; x_wconf 71' lang='lat' dir='ltr'><strong>continuet;</strong></span> <span class='ocrx_word' id='word_1_624' title='bbox 2951 2727 3040 2792; x_wconf 93' lang='lat' dir='ltr'><strong>qui</strong></span> <span class='ocrx_word' id='word_1_625' title='bbox 3089 2725 3211 2779; x_wconf 86' lang='lat' dir='ltr'><strong>licet</strong></span> <span class='ocrx_word' id='word_1_626' title='bbox 3253 2725 3406 2793; x_wconf 90' lang='lat' dir='ltr'><strong>primi</strong></span> <span class='ocrx_word' id='word_1_627' title='bbox 3452 2740 3641 2778; x_wconf 70' lang='lat' dir='ltr'><strong>versos</strong></span> 
     </span>
    </p>
   </div>
   <div class='ocr_carea' id='block_1_90' title="bbox 2045 2815 3641 2885">
    <p class='ocr_par' dir='ltr' id='par_1_90' title="bbox 2045 2815 3641 2885">
     <span class='ocr_line' id='line_1_90' title="bbox 2045 2815 3641 2885; baseline 0 -16"><span class='ocrx_word' id='word_1_628' title='bbox 2045 2816 2167 2869; x_wconf 85' lang='lat' dir='ltr'><strong>linis</strong></span> <span class='ocrx_word' id='word_1_629' title='bbox 2213 2817 2282 2869; x_wconf 91' lang='lat' dir='ltr'><strong>sit</strong></span> <span class='ocrx_word' id='word_1_630' title='bbox 2309 2857 2324 2880; x_wconf 94' lang='lat'><strong>,</strong></span> <span class='ocrx_word' id='word_1_631' title='bbox 2371 2817 2623 2870; x_wconf 70' lang='lat' dir='ltr'><strong>secundae</strong></span> <span class='ocrx_word' id='word_1_632' title='bbox 2675 2816 2924 2870; x_wconf 85' lang='lat' dir='ltr'><strong>monadis</strong></span> <span class='ocrx_word' id='word_1_633' title='bbox 2952 2817 3185 2884; x_wconf 88' lang='lat' dir='ltr'><strong>complet</strong></span> <span class='ocrx_word' id='word_1_634' title='bbox 3215 2815 3508 2885; x_wconf 85' lang='lat' dir='ltr'><strong>auspicium</strong></span> <span class='ocrx_word' id='word_1_635' title='bbox 3537 2857 3552 2881; x_wconf 95' lang='lat'><strong>,</strong></span> <span class='ocrx_word' id='word_1_636' title='bbox 3585 2825 3641 2869; x_wconf 90' lang='lat' dir='ltr'><strong>et</strong></span> 
     </span>
    </p>
   </div>
   <div class='ocr_carea' id='block_1_91' title="bbox 2043 2907 3640 2977">
    <p class='ocr_par' dir='ltr' id='par_1_91' title="bbox 2043 2907 3640 2977">
     <span class='ocr_line' id='line_1_91' title="bbox 2043 2907 3640 2977; baseline 0 -17"><span class='ocrx_word' id='word_1_637' title='bbox 2043 2908 2327 2960; x_wconf 81' lang='lat' dir='ltr'><strong>formulam</strong></span> <span class='ocrx_word' id='word_1_638' title='bbox 2363 2907 2582 2961; x_wconf 85' lang='lat' dir='ltr'><strong>unitatis</strong></span> <span class='ocrx_word' id='word_1_639' title='bbox 2610 2908 2908 2976; x_wconf 86' lang='lat' dir='ltr'><strong>adimplet;</strong></span> <span class='ocrx_word' id='word_1_640' title='bbox 2957 2909 3009 2961; x_wconf 92' lang='lat' dir='ltr'><strong>in</strong></span> <span class='ocrx_word' id='word_1_641' title='bbox 3045 2923 3152 2977; x_wconf 88' lang='lat' dir='ltr'><strong>quo</strong></span> <span class='ocrx_word' id='word_1_642' title='bbox 3195 2917 3374 2961; x_wconf 82' lang='lat' dir='ltr'><strong>tantus</strong></span> <span class='ocrx_word' id='word_1_643' title='bbox 3406 2909 3462 2960; x_wconf 90' lang='lat' dir='ltr'><strong>ﬁt</strong></span> <span class='ocrx_word' id='word_1_644' title='bbox 3491 2924 3640 2960; x_wconf 87' lang='lat' dir='ltr'><strong>com-</strong></span> 
     </span>
    </p>
   </div>
   <div class='ocr_carea' id='block_1_92' title="bbox 2047 3001 3636 3070">
    <p class='ocr_par' dir='ltr' id='par_1_92' title="bbox 2047 3001 3636 3070">
     <span class='ocr_line' id='line_1_92' title="bbox 2047 3001 3636 3070; baseline -0.001 -18"><span class='ocrx_word' id='word_1_645' title='bbox 2047 3001 2639 3070; x_wconf 75' lang='lat' dir='ltr'><strong>plexionisterminus,</strong></span> <span class='ocrx_word' id='word_1_646' title='bbox 2695 3010 2751 3053; x_wconf 92' lang='lat' dir='ltr'><strong>ut</strong></span> <span class='ocrx_word' id='word_1_647' title='bbox 2800 3001 2936 3053; x_wconf 90' lang='lat' dir='ltr'><strong>ultra</strong></span> <span class='ocrx_word' id='word_1_648' title='bbox 2990 3014 3245 3054; x_wconf 85' lang='lat' dir='ltr'><strong>numerus</strong></span> <span class='ocrx_word' id='word_1_649' title='bbox 3304 3012 3636 3068; x_wconf 79' lang='lat' dir='ltr'><strong>nequaquam</strong></span> 
     </span>
    </p>
   </div>
   <div class='ocr_carea' id='block_1_93' title="bbox 2048 3091 3640 3160">
    <p class='ocr_par' dir='ltr' id='par_1_93' title="bbox 2048 3091 3640 3160">
     <span class='ocr_line' id='line_1_93' title="bbox 2048 3091 3640 3160; baseline -0.001 -13"><span class='ocrx_word' id='word_1_650' title='bbox 2048 3094 2342 3160; x_wconf 68' lang='lat' dir='ltr'><strong>procedat,</strong></span> <span class='ocrx_word' id='word_1_651' title='bbox 2378 3091 2472 3144; x_wconf 86' lang='lat' dir='ltr'><strong>sed</strong></span> <span class='ocrx_word' id='word_1_652' title='bbox 2504 3093 2684 3146; x_wconf 84' lang='lat' dir='ltr'><strong>denuo</strong></span> <span class='ocrx_word' id='word_1_653' title='bbox 2723 3093 2789 3145; x_wconf 88' lang='lat' dir='ltr'><strong>ad</strong></span> <span class='ocrx_word' id='word_1_654' title='bbox 2832 3093 3089 3146; x_wconf 84' lang='lat' dir='ltr'><strong>unitatem</strong></span> <span class='ocrx_word' id='word_1_655' title='bbox 3131 3100 3412 3155; x_wconf 88' lang='lat' dir='ltr'><strong>recurrat,</strong></span> <span class='ocrx_word' id='word_1_656' title='bbox 3457 3091 3640 3159; x_wconf 71' lang='lat' dir='ltr'><strong>sit-que</strong></span> 
     </span>
    </p>
   </div>
   <div class='ocr_carea' id='block_1_94' title="bbox 2043 3186 3640 3258">
    <p class='ocr_par' dir='ltr' id='par_1_94' title="bbox 2043 3186 3640 3258">
     <span class='ocr_line' id='line_1_94' title="bbox 2043 3186 3640 3258; baseline -0.003 -15"><span class='ocrx_word' id='word_1_657' title='bbox 2043 3187 2303 3258; x_wconf 79' lang='lat' dir='ltr'><strong>deinceps</strong></span> <span class='ocrx_word' id='word_1_658' title='bbox 2352 3205 2447 3258; x_wconf 86' lang='lat' dir='ltr'><strong>pro</strong></span> <span class='ocrx_word' id='word_1_659' title='bbox 2497 3189 2699 3242; x_wconf 66' lang='lat' dir='ltr'><strong>inﬁnita</strong></span> <span class='ocrx_word' id='word_1_660' title='bbox 2749 3203 3098 3242; x_wconf 87' lang='lat' dir='ltr'><strong>numerorum</strong></span> <span class='ocrx_word' id='word_1_661' title='bbox 3150 3186 3495 3241; x_wconf 88' lang='lat' dir='ltr'><strong>multitudine</strong></span> <span class='ocrx_word' id='word_1_662' title='bbox 3547 3186 3640 3239; x_wconf 84' lang='lat' dir='ltr'><strong>lia-</strong></span> 
     </span>
    </p>
   </div>
   <div class='ocr_carea' id='block_1_95' title="bbox 2041 3279 2252 3336">
    <p class='ocr_par' dir='ltr' id='par_1_95' title="bbox 2041 3279 2252 3336">
     <span class='ocr_line' id='line_1_95' title="bbox 2041 3279 2252 3336; baseline 0.009 -3"><span class='ocrx_word' id='word_1_663' title='bbox 2041 3279 2252 3336; x_wconf 89' lang='lat' dir='ltr'><strong>beatur.</strong></span> 
     </span>
    </p>
   </div>
   <div class='ocr_carea' id='block_1_96' title="bbox 2112 3389 3636 3462">
    <p class='ocr_par' dir='ltr' id='par_1_96' title="bbox 2112 3389 3636 3462">
     <span class='ocr_line' id='line_1_96' title="bbox 2112 3389 3636 3462; baseline -0.001 -16"><span class='ocrx_word' id='word_1_664' title='bbox 2238 3392 2334 3444; x_wconf 85' lang='lat' dir='ltr'><strong>Est</strong></span> <span class='ocrx_word' id='word_1_665' title='bbox 2357 3401 2532 3446; x_wconf 89' lang='lat' dir='ltr'><strong>autem</strong></span> <span class='ocrx_word' id='word_1_666' title='bbox 2558 3393 2609 3446; x_wconf 92' lang='lat' dir='ltr'><strong>in</strong></span> <span class='ocrx_word' id='word_1_667' title='bbox 2636 3393 2924 3460; x_wconf 89' lang='lat' dir='ltr'><strong>Scriptnris</strong></span> <span class='ocrx_word' id='word_1_668' title='bbox 2946 3395 3146 3448; x_wconf 88' lang='lat' dir='ltr'><strong>sanctis</strong></span> <span class='ocrx_word' id='word_1_669' title='bbox 3174 3393 3471 3462; x_wconf 83' lang='lat' dir='ltr'><strong>legitimus,</strong></span> <span class='ocrx_word' id='word_1_670' title='bbox 3494 3392 3636 3445; x_wconf 86' lang='lat' dir='ltr'><strong>sicut</strong></span> 
     </span>
    </p>
   </div>
   <div class='ocr_carea' id='block_1_97' title="bbox 2041 3484 3640 3554">
    <p class='ocr_par' dir='ltr' id='par_1_97' title="bbox 2041 3484 3640 3554">
     <span class='ocr_line' id='line_1_97' title="bbox 2041 3484 3640 3554; baseline 0.001 -17"><span class='ocrx_word' id='word_1_671' title='bbox 2041 3490 2096 3537; x_wconf 90' lang='lat' dir='ltr'><strong>ct</strong></span> <span class='ocrx_word' id='word_1_672' title='bbox 2124 3484 2430 3550; x_wconf 86' lang='lat' dir='ltr'><strong>septimus,</strong></span> <span class='ocrx_word' id='word_1_673' title='bbox 2483 3498 2622 3536; x_wconf 90' lang='lat' dir='ltr'><strong>nunc</strong></span> <span class='ocrx_word' id='word_1_674' title='bbox 2668 3485 3054 3552; x_wconf 69' lang='lat' dir='ltr'><strong>perit-ctioncm</strong></span> <span class='ocrx_word' id='word_1_675' title='bbox 3097 3484 3446 3554; x_wconf 88' lang='lat' dir='ltr'><strong>signiﬁcans,</strong></span> <span class='ocrx_word' id='word_1_676' title='bbox 3499 3497 3640 3538; x_wconf 88' lang='lat' dir='ltr'><strong>nunc</strong></span> 
     </span>
    </p>
   </div>
   <div class='ocr_carea' id='block_1_98' title="bbox 2039 3577 3641 3646">
    <p class='ocr_par' dir='ltr' id='par_1_98' title="bbox 2039 3577 3641 3646">
     <span class='ocr_line' id='line_1_98' title="bbox 2039 3577 3641 3646; baseline -0.001 -18"><span class='ocrx_word' id='word_1_677' title='bbox 2039 3583 2227 3644; x_wconf 87' lang='lat' dir='ltr'><strong>aperte</strong></span> <span class='ocrx_word' id='word_1_678' title='bbox 2255 3586 2421 3630; x_wconf 90' lang='lat' dir='ltr'><strong>totuut</strong></span> <span class='ocrx_word' id='word_1_679' title='bbox 2450 3577 2853 3645; x_wconf 81' lang='lat' dir='ltr'><strong>demonstrans,</strong></span> <span class='ocrx_word' id='word_1_680' title='bbox 2886 3581 3022 3632; x_wconf 83' lang='lat' dir='ltr'><strong>sicut</strong></span> <span class='ocrx_word' id='word_1_681' title='bbox 3051 3577 3262 3646; x_wconf 86' lang='lat' dir='ltr'><strong>Daniel,</strong></span> <span class='ocrx_word' id='word_1_682' title='bbox 3290 3578 3382 3646; x_wconf 90' lang='lat' dir='ltr'><strong>qui</strong></span> <span class='ocrx_word' id='word_1_683' title='bbox 3419 3590 3641 3633; x_wconf 83' lang='lat' dir='ltr'><strong>omnem</strong></span> 
     </span>
    </p>
   </div>
   <div class='ocr_carea' id='block_1_99' title="bbox 2048 3666 3636 3738">
    <p class='ocr_par' dir='ltr' id='par_1_99' title="bbox 2048 3666 3636 3738">
     <span class='ocr_line' id='line_1_99' title="bbox 2048 3666 3636 3738; baseline -0.002 -15"><span class='ocrx_word' id='word_1_684' title='bbox 2048 3668 2370 3734; x_wconf 87' lang='lat' dir='ltr'><strong>Ecclesiam,</strong></span> <span class='ocrx_word' id='word_1_685' title='bbox 2420 3671 2532 3724; x_wconf 84' lang='lat' dir='ltr'><strong>sive</strong></span> <span class='ocrx_word' id='word_1_686' title='bbox 2561 3671 2875 3738; x_wconf 85' lang='lat' dir='ltr'><strong>angelorum</strong></span> <span class='ocrx_word' id='word_1_687' title='bbox 2919 3670 3319 3724; x_wconf 68' lang='lat' dir='ltr'><strong>multitudinem</strong></span> <span class='ocrx_word' id='word_1_688' title='bbox 3375 3666 3636 3721; x_wconf 82' lang='lat' dir='ltr'><strong>inﬁnitam</strong></span> 
     </span>
    </p>
   </div>
   <div class='ocr_carea' id='block_1_100' title="bbox 2040 3757 3638 3827">
    <p class='ocr_par' dir='ltr' id='par_1_100' title="bbox 2040 3757 3638 3827">
     <span class='ocr_line' id='line_1_100' title="bbox 2040 3757 3638 3827; baseline -0.004 -13"><span class='ocrx_word' id='word_1_689' title='bbox 2040 3759 2263 3814; x_wconf 87' lang='lat' dir='ltr'><strong>denario</strong></span> <span class='ocrx_word' id='word_1_690' title='bbox 2291 3775 2516 3818; x_wconf 69' lang='lat' dir='ltr'><strong>numero</strong></span> <span class='ocrx_word' id='word_1_691' title='bbox 2544 3761 2859 3827; x_wconf 74' lang='lat' dir='ltr'><strong>complexus</strong></span> <span class='ocrx_word' id='word_1_692' title='bbox 2890 3766 3012 3824; x_wconf 90' lang='lat' dir='ltr'><strong>est,</strong></span> <span class='ocrx_word' id='word_1_693' title='bbox 3044 3759 3230 3813; x_wconf 87' lang='lat' dir='ltr'><strong>dicens</strong></span> <span class='ocrx_word' id='word_1_694' title='bbox 3270 3775 3284 3810; x_wconf 89' lang='lat'><strong>:</strong></span> <span class='ocrx_word' id='word_1_695' title='bbox 3319 3757 3491 3812; x_wconf 79' lang='lat' dir='ltr'><strong>Millia</strong></span> <span class='ocrx_word' id='word_1_696' title='bbox 3522 3757 3638 3808; x_wconf 75' lang='lat' dir='ltr'><strong>mil-</strong></span> 
     </span>
    </p>
   </div>
   <div class='ocr_carea' id='block_1_101' title="bbox 2039 3849 3636 3920">
    <p class='ocr_par' dir='ltr' id='par_1_101' title="bbox 2039 3849 3636 3920">
     <span class='ocr_line' id='line_1_101' title="bbox 2039 3849 3636 3920; baseline -0.001 -18"><span class='ocrx_word' id='word_1_697' title='bbox 2039 3851 2168 3904; x_wconf 84' lang='lat' dir='ltr'><strong>lium</strong></span> <span class='ocrx_word' id='word_1_698' title='bbox 2214 3851 2576 3904; x_wconf 84' lang='lat' dir='ltr'><strong>ministrabant</strong></span> <span class='ocrx_word' id='word_1_699' title='bbox 2623 3853 2668 3906; x_wconf 86' lang='lat' dir='ltr'><strong>ei</strong></span> <span class='ocrx_word' id='word_1_700' title='bbox 2715 3851 2906 3920; x_wconf 66' lang='lat' dir='ltr'><strong>(Dom,</strong></span> <span class='ocrx_word' id='word_1_701' title='bbox 2935 3866 3028 3913; x_wconf 76' lang='lat' dir='ltr'><strong>VII,</strong></span> <span class='ocrx_word' id='word_1_702' title='bbox 3060 3851 3170 3918; x_wconf 86' lang='grc'><strong>10).</strong></span> <span class='ocrx_word' id='word_1_703' title='bbox 3225 3849 3375 3904; x_wconf 83' lang='lat' dir='ltr'><strong>Unde</strong></span> <span class='ocrx_word' id='word_1_704' title='bbox 3401 3859 3454 3904; x_wconf 89' lang='lat' dir='ltr'><strong>et</strong></span> <span class='ocrx_word' id='word_1_705' title='bbox 3495 3849 3636 3917; x_wconf 87' lang='lat' dir='ltr'><strong>psal-</strong></span> 
     </span>
    </p>
   </div>
   <div class='ocr_carea' id='block_1_102' title="bbox 2041 3939 3635 4010">
    <p class='ocr_par' dir='ltr' id='par_1_102' title="bbox 2041 3939 3635 4010">
     <span class='ocr_line' id='line_1_102' title="bbox 2041 3939 3635 4010; baseline -0.002 -15"><span class='ocrx_word' id='word_1_706' title='bbox 2041 3957 2158 3995; x_wconf 90' lang='lat' dir='ltr'><strong>mus</strong></span> <span class='ocrx_word' id='word_1_707' title='bbox 2183 3957 2199 3995; x_wconf 89' lang='lat'><strong>:</strong></span> <span class='ocrx_word' id='word_1_708' title='bbox 2249 3940 2444 3995; x_wconf 80' lang='lat' dir='ltr'><strong>Curras</strong></span> <span class='ocrx_word' id='word_1_709' title='bbox 2471 3983 2486 4006; x_wconf 93' lang='lat'><strong>,</strong></span> <span class='ocrx_word' id='word_1_710' title='bbox 2517 3942 2683 4007; x_wconf 89' lang='lat' dir='ltr'><strong>inquit</strong></span> <span class='ocrx_word' id='word_1_711' title='bbox 2710 3983 2725 4008; x_wconf 93' lang='lat'><strong>,</strong></span> <span class='ocrx_word' id='word_1_712' title='bbox 2776 3941 2870 3996; x_wconf 86' lang='lat' dir='ltr'><strong>Dei</strong></span> <span class='ocrx_word' id='word_1_713' title='bbox 2895 3942 3068 3994; x_wconf 81' lang='lat' dir='ltr'><strong>decem</strong></span> <span class='ocrx_word' id='word_1_714' title='bbox 3107 3939 3333 3995; x_wconf 78' lang='lat' dir='ltr'><strong>millibus</strong></span> <span class='ocrx_word' id='word_1_715' title='bbox 3363 3940 3635 4010; x_wconf 71' lang='lat' dir='ltr'><strong>multiplex</strong></span> 
     </span>
    </p>
   </div>
   <div class='ocr_carea' id='block_1_103' title="bbox 2039 4031 2998 4104">
    <p class='ocr_par' dir='ltr' id='par_1_103' title="bbox 2039 4031 2998 4104">
     <span class='ocr_line' id='line_1_103' title="bbox 2039 4031 2998 4104; baseline 0.003 -18"><span class='ocrx_word' id='word_1_716' title='bbox 2039 4032 2204 4087; x_wconf 86' lang='lat' dir='ltr'><strong>millia</strong></span> <span class='ocrx_word' id='word_1_717' title='bbox 2232 4033 2512 4088; x_wconf 74' lang='lat' dir='ltr'><strong>(celantium</strong></span> <span class='ocrx_word' id='word_1_718' title='bbox 2536 4032 2652 4104; x_wconf 79' lang='lat' dir='ltr'><strong>(Ps.</strong></span> <span class='ocrx_word' id='word_1_719' title='bbox 2690 4049 2854 4098; x_wconf 71' lang='lat' dir='ltr'><strong>LXXII,</strong></span> <span class='ocrx_word' id='word_1_720' title='bbox 2887 4031 2998 4098; x_wconf 84' lang='lat' dir='ltr'><strong>l8).</strong></span> 
     </span>
    </p>
   </div>
   <div class='ocr_carea' id='block_1_104' title="bbox 2109 4123 3630 4196">
    <p class='ocr_par' dir='ltr' id='par_1_104' title="bbox 2109 4123 3630 4196">
     <span class='ocr_line' id='line_1_104' title="bbox 2109 4123 3630 4196; baseline -0.001 -19"><span class='ocrx_word' id='word_1_721' title='bbox 2109 4123 2200 4178; x_wconf 76' lang='lat'><strong>56.</strong></span> <span class='ocrx_word' id='word_1_722' title='bbox 2242 4125 2484 4192; x_wconf 85' lang='lat' dir='ltr'><strong>Denique</strong></span> <span class='ocrx_word' id='word_1_723' title='bbox 2513 4125 2597 4179; x_wconf 81' lang='lat' dir='ltr'><strong>hic</strong></span> <span class='ocrx_word' id='word_1_724' title='bbox 2631 4141 2887 4180; x_wconf 89' lang='lat' dir='ltr'><strong>numeros</strong></span> <span class='ocrx_word' id='word_1_725' title='bbox 2916 4126 3161 4196; x_wconf 86' lang='lat' dir='ltr'><strong>Decalngi</strong></span> <span class='ocrx_word' id='word_1_726' title='bbox 3193 4126 3292 4196; x_wconf 84' lang='lat' dir='ltr'><strong>legi</strong></span> <span class='ocrx_word' id='word_1_727' title='bbox 3323 4123 3630 4178; x_wconf 86' lang='lat' dir='ltr'><strong>ascribitur.</strong></span> 
     </span>
    </p>
   </div>
   <div class='ocr_carea' id='block_1_105' title="bbox 2037 4214 3631 4288">
    <p class='ocr_par' dir='ltr' id='par_1_105' title="bbox 2037 4214 3631 4288">
     <span class='ocr_line' id='line_1_105' title="bbox 2037 4214 3631 4288; baseline -0.004 -16"><span class='ocrx_word' id='word_1_728' title='bbox 2037 4215 2232 4272; x_wconf 88' lang='lat' dir='ltr'><strong>Decem</strong></span> <span class='ocrx_word' id='word_1_729' title='bbox 2277 4217 2426 4270; x_wconf 83' lang='lat' dir='ltr'><strong>enim</strong></span> <span class='ocrx_word' id='word_1_730' title='bbox 2472 4217 2750 4271; x_wconf 75' lang='lat' dir='ltr'><strong>notissima</strong></span> <span class='ocrx_word' id='word_1_731' title='bbox 2801 4227 3063 4286; x_wconf 66' lang='lat' dir='ltr'><strong>praecepta</strong></span> <span class='ocrx_word' id='word_1_732' title='bbox 3117 4217 3268 4288; x_wconf 81' lang='lat' dir='ltr'><strong>legis.</strong></span> <span class='ocrx_word' id='word_1_733' title='bbox 3323 4216 3405 4270; x_wconf 90' lang='lat' dir='ltr'><strong>Ab</strong></span> <span class='ocrx_word' id='word_1_734' title='bbox 3462 4214 3631 4268; x_wconf 83' lang='lat' dir='ltr'><strong>Adam</strong></span> 
     </span>
    </p>
   </div>
   <div class='ocr_carea' id='block_1_106' title="bbox 2041 4309 3628 4380">
    <p class='ocr_par' dir='ltr' id='par_1_106' title="bbox 2041 4309 3628 4380">
     <span class='ocr_line' id='line_1_106' title="bbox 2041 4309 3628 4380; baseline 0.003 -20"><span class='ocrx_word' id='word_1_735' title='bbox 2041 4311 2321 4379; x_wconf 85' lang='lat' dir='ltr'><strong>progenies</strong></span> <span class='ocrx_word' id='word_1_736' title='bbox 2347 4326 2516 4380; x_wconf 89' lang='lat' dir='ltr'><strong>usque</strong></span> <span class='ocrx_word' id='word_1_737' title='bbox 2537 4313 2602 4364; x_wconf 85' lang='lat' dir='ltr'><strong>ad</strong></span> <span class='ocrx_word' id='word_1_738' title='bbox 2631 4309 2743 4366; x_wconf 84' lang='lat' dir='ltr'><strong>Noe</strong></span> <span class='ocrx_word' id='word_1_739' title='bbox 2764 4311 2989 4367; x_wconf 73' lang='lat' dir='ltr'><strong>denario</strong></span> <span class='ocrx_word' id='word_1_740' title='bbox 3013 4327 3236 4365; x_wconf 90' lang='lat' dir='ltr'><strong>numero</strong></span> <span class='ocrx_word' id='word_1_741' title='bbox 3269 4309 3628 4379; x_wconf 85' lang='lat' dir='ltr'><strong>terminatur;</strong></span> 
     </span>
    </p>
   </div>
   <div class='ocr_carea' id='block_1_107' title="bbox 1959 4403 3631 4489">
    <p class='ocr_par' dir='ltr' id='par_1_107' title="bbox 1959 4403 3631 4489">
     <span class='ocr_line' id='line_1_107' title="bbox 1959 4403 3631 4489; baseline 0.002 -33"><span class='ocrx_word' id='word_1_742' title='bbox 1959 4429 2014 4489; x_wconf 67' lang='grc' dir='ltr'>ι)</span> <span class='ocrx_word' id='word_1_743' title='bbox 2040 4404 2092 4457; x_wconf 94' lang='lat' dir='ltr'><strong>in</strong></span> <span class='ocrx_word' id='word_1_744' title='bbox 2123 4403 2277 4474; x_wconf 88' lang='lat' dir='ltr'><strong>cujus</strong></span> <span class='ocrx_word' id='word_1_745' title='bbox 2305 4405 2513 4460; x_wconf 87' lang='lat' dir='ltr'><strong>numeri</strong></span> <span class='ocrx_word' id='word_1_746' title='bbox 2549 4405 2715 4476; x_wconf 84' lang='lat' dir='ltr'><strong>ﬁgura</strong></span> <span class='ocrx_word' id='word_1_747' title='bbox 2748 4416 2801 4459; x_wconf 79' lang='lat' dir='ltr'><strong>et</strong></span> <span class='ocrx_word' id='word_1_748' title='bbox 2831 4405 2996 4460; x_wconf 85' lang='lat' dir='ltr'><strong>David</strong></span> <span class='ocrx_word' id='word_1_749' title='bbox 3043 4406 3303 4476; x_wconf 82' lang='lat' dir='ltr'><strong>propheta</strong></span> <span class='ocrx_word' id='word_1_750' title='bbox 3336 4404 3386 4458; x_wconf 91' lang='lat' dir='ltr'><strong>in</strong></span> <span class='ocrx_word' id='word_1_751' title='bbox 3419 4404 3631 4459; x_wconf 80' lang='lat' dir='ltr'><strong>Psalte-</strong></span> 
     </span>
    </p>
   </div>
   <div class='ocr_carea' id='block_1_108' title="bbox 2041 4495 3631 4567">
    <p class='ocr_par' dir='ltr' id='par_1_108' title="bbox 2041 4495 3631 4567">
     <span class='ocr_line' id='line_1_108' title="bbox 2041 4495 3631 4567; baseline -0.004 -14"><span class='ocrx_word' id='word_1_752' title='bbox 2041 4495 2121 4553; x_wconf 82' lang='lat' dir='ltr'><strong>rio</strong></span> <span class='ocrx_word' id='word_1_753' title='bbox 2149 4497 2340 4551; x_wconf 81' lang='lat' dir='ltr'><strong>decem</strong></span> <span class='ocrx_word' id='word_1_754' title='bbox 2370 4496 2696 4552; x_wconf 87' lang='lat' dir='ltr'><strong>chordarum</strong></span> <span class='ocrx_word' id='word_1_755' title='bbox 2721 4497 2976 4562; x_wconf 81' lang='lat' dir='ltr'><strong>cantavit,</strong></span> <span class='ocrx_word' id='word_1_756' title='bbox 3006 4496 3058 4550; x_wconf 88' lang='lat' dir='ltr'><strong>in</strong></span> <span class='ocrx_word' id='word_1_757' title='bbox 3083 4497 3240 4566; x_wconf 88' lang='lat' dir='ltr'><strong>cujus</strong></span> <span class='ocrx_word' id='word_1_758' title='bbox 3261 4504 3444 4567; x_wconf 84' lang='lat' dir='ltr'><strong>typum</strong></span> <span class='ocrx_word' id='word_1_759' title='bbox 3476 4495 3631 4550; x_wconf 81' lang='lat' dir='ltr'><strong>Salo-</strong></span> 
     </span>
    </p>
   </div>
   <div class='ocr_carea' id='block_1_109' title="bbox 2036 4670 3622 4741">
    <p class='ocr_par' dir='ltr' id='par_1_109' title="bbox 2036 4670 3622 4741">
     <span class='ocr_line' id='line_1_109' title="bbox 2036 4670 3622 4741; baseline 0.001 -15"><span class='ocrx_word' id='word_1_760' title='bbox 2036 4670 2234 4736; x_wconf 86' lang='lat' dir='ltr'><strong>Scripsi</strong></span> <span class='ocrx_word' id='word_1_761' title='bbox 2266 4675 2422 4728; x_wconf 83' lang='lat' dir='ltr'><strong>etiam</strong></span> <span class='ocrx_word' id='word_1_762' title='bbox 2455 4675 2693 4728; x_wconf 73' lang='lat' dir='ltr'><strong>secunda:</strong></span> <span class='ocrx_word' id='word_1_763' title='bbox 2721 4676 2953 4728; x_wconf 80' lang='lat' dir='ltr'><strong>monadis</strong></span> <span class='ocrx_word' id='word_1_764' title='bbox 2983 4691 3077 4741; x_wconf 92' lang='lat' dir='ltr'><strong>pro</strong></span> <span class='ocrx_word' id='word_1_765' title='bbox 3107 4676 3318 4728; x_wconf 68' lang='lat' dir='ltr'><strong>secundi</strong></span> <span class='ocrx_word' id='word_1_766' title='bbox 3349 4675 3585 4728; x_wconf 83' lang='lat' dir='ltr'><strong>monadis</strong></span> <span class='ocrx_word' id='word_1_767' title='bbox 3607 4717 3622 4740; x_wconf 91' lang='lat'><strong>,</strong></span> 
     </span>
    </p>
   </div>
   <div class='ocr_carea' id='block_1_110' title="bbox 2033 4744 3622 4813">
    <p class='ocr_par' dir='ltr' id='par_1_110' title="bbox 2033 4744 3622 4813">
     <span class='ocr_line' id='line_1_110' title="bbox 2033 4744 3622 4813; baseline 0.004 -21"><span class='ocrx_word' id='word_1_768' title='bbox 2033 4744 2172 4808; x_wconf 87' lang='lat' dir='ltr'><strong>quod</strong></span> <span class='ocrx_word' id='word_1_769' title='bbox 2200 4784 2215 4807; x_wconf 94' lang='lat'><strong>,</strong></span> <span class='ocrx_word' id='word_1_770' title='bbox 2244 4747 2456 4812; x_wconf 81' lang='lat' dir='ltr'><strong>Opinor,</strong></span> <span class='ocrx_word' id='word_1_771' title='bbox 2484 4745 2685 4799; x_wconf 87' lang='lat' dir='ltr'><strong>librarii</strong></span> <span class='ocrx_word' id='word_1_772' title='bbox 2725 4763 2879 4800; x_wconf 89' lang='lat' dir='ltr'><strong>error</strong></span> <span class='ocrx_word' id='word_1_773' title='bbox 2907 4754 3010 4801; x_wconf 88' lang='lat' dir='ltr'><strong>est.</strong></span> <span class='ocrx_word' id='word_1_774' title='bbox 3055 4747 3204 4813; x_wconf 85' lang='lat' dir='ltr'><strong>Quod</strong></span> <span class='ocrx_word' id='word_1_775' title='bbox 3245 4757 3424 4800; x_wconf 87' lang='lat' dir='ltr'><strong>autem</strong></span> <span class='ocrx_word' id='word_1_776' title='bbox 3458 4747 3622 4799; x_wconf 85' lang='lat' dir='ltr'><strong>dena-</strong></span> 
     </span>
    </p>
   </div>
   <div class='ocr_carea' id='block_1_111' title="bbox 2034 4813 3618 4884">
    <p class='ocr_par' dir='ltr' id='par_1_111' title="bbox 2034 4813 3618 4884">
     <span class='ocr_line' id='line_1_111' title="bbox 2034 4813 3618 4884; baseline 0.003 -19"><span class='ocrx_word' id='word_1_777' title='bbox 2034 4813 2143 4865; x_wconf 89' lang='lat' dir='ltr'><strong>rius</strong></span> <span class='ocrx_word' id='word_1_778' title='bbox 2167 4816 2416 4869; x_wconf 70' lang='lat' dir='ltr'><strong>seoundat</strong></span> <span class='ocrx_word' id='word_1_779' title='bbox 2445 4819 2690 4870; x_wconf 83' lang='lat' dir='ltr'><strong>mouadis</strong></span> <span class='ocrx_word' id='word_1_780' title='bbox 2719 4819 3015 4884; x_wconf 54' lang='lat' dir='ltr'><strong>auspicium</strong></span> <span class='ocrx_word' id='word_1_781' title='bbox 3045 4819 3318 4884; x_wconf 75' lang='lat' dir='ltr'><strong>complet,</strong></span> <span class='ocrx_word' id='word_1_782' title='bbox 3359 4825 3618 4879; x_wconf 85' lang='lat' dir='ltr'><strong>denotat,</strong></span> 
     </span>
    </p>
   </div>
   <div class='ocr_carea' id='block_1_112' title="bbox 2031 4886 3619 4955">
    <p class='ocr_par' dir='ltr' id='par_1_112' title="bbox 2031 4886 3619 4955">
     <span class='ocr_line' id='line_1_112' title="bbox 2031 4886 3619 4955; baseline 0.006 -23"><span class='ocrx_word' id='word_1_783' title='bbox 2031 4896 2084 4934; x_wconf 85' lang='grc' dir='ltr'><strong>ιιι</strong></span> <span class='ocrx_word' id='word_1_784' title='bbox 2116 4886 2365 4952; x_wconf 87' lang='lat' dir='ltr'><strong>arbitror,</strong></span> <span class='ocrx_word' id='word_1_785' title='bbox 2395 4886 2672 4940; x_wconf 88' lang='lat' dir='ltr'><strong>denarium</strong></span> <span class='ocrx_word' id='word_1_786' title='bbox 2703 4888 2976 4954; x_wconf 87' lang='lat' dir='ltr'><strong>complere</strong></span> <span class='ocrx_word' id='word_1_787' title='bbox 3007 4904 3167 4941; x_wconf 90' lang='lat' dir='ltr'><strong>unam</strong></span> <span class='ocrx_word' id='word_1_788' title='bbox 3198 4888 3475 4952; x_wconf 86' lang='lat' dir='ltr'><strong>decadem,</strong></span> <span class='ocrx_word' id='word_1_789' title='bbox 3499 4903 3619 4955; x_wconf 71' lang='lat' dir='ltr'><strong>qua:</strong></span> 
     </span>
    </p>
   </div>
   <div class='ocr_carea' id='block_1_113' title="bbox 2029 4957 3622 5027">
    <p class='ocr_par' dir='ltr' id='par_1_113' title="bbox 2029 4957 3622 5027">
     <span class='ocr_line' id='line_1_113' title="bbox 2029 4957 3622 5027; baseline 0.004 -21"><span class='ocrx_word' id='word_1_790' title='bbox 2029 4963 2113 5006; x_wconf 84' lang='lat' dir='ltr'><strong>est</strong></span> <span class='ocrx_word' id='word_1_791' title='bbox 2161 4957 2332 5010; x_wconf 76' lang='lat' dir='ltr'><strong>unitas</strong></span> <span class='ocrx_word' id='word_1_792' title='bbox 2373 4958 2630 5011; x_wconf 86' lang='lat' dir='ltr'><strong>decadum</strong></span> <span class='ocrx_word' id='word_1_793' title='bbox 2661 4999 2676 5023; x_wconf 94' lang='lat'><strong>,</strong></span> <span class='ocrx_word' id='word_1_794' title='bbox 2727 4963 2864 5012; x_wconf 82' lang='lat' dir='ltr'><strong>sicut.</strong></span> <span class='ocrx_word' id='word_1_795' title='bbox 2916 4961 3119 5027; x_wconf 85' lang='lat' dir='ltr'><strong>primus</strong></span> <span class='ocrx_word' id='word_1_796' title='bbox 3166 4973 3417 5011; x_wconf 90' lang='lat' dir='ltr'><strong>numerus</strong></span> <span class='ocrx_word' id='word_1_797' title='bbox 3447 5000 3459 5019; x_wconf 95' lang='lat'><strong>,</strong></span> <span class='ocrx_word' id='word_1_798' title='bbox 3506 4963 3622 5013; x_wconf 87' lang='lat' dir='ltr'><strong>sive</strong></span> 
     </span>
    </p>
   </div>
   <div class='ocr_carea' id='block_1_114' title="bbox 2029 5027 3268 5085">
    <p class='ocr_par' dir='ltr' id='par_1_114' title="bbox 2029 5027 3268 5085">
     <span class='ocr_line' id='line_1_114' title="bbox 2029 5027 3268 5085; baseline 0.003 -11"><span class='ocrx_word' id='word_1_799' title='bbox 2029 5027 2178 5085; x_wconf 77' lang='lat' dir='ltr'><strong>origo</strong></span> <span class='ocrx_word' id='word_1_800' title='bbox 2210 5043 2552 5081; x_wconf 90' lang='lat' dir='ltr'><strong>numerorum</strong></span> <span class='ocrx_word' id='word_1_801' title='bbox 2583 5041 2666 5083; x_wconf 52' lang='lat' dir='ltr'><strong>est</strong></span> <span class='ocrx_word' id='word_1_802' title='bbox 2697 5029 2870 5082; x_wconf 87' lang='lat' dir='ltr'><strong>unitas</strong></span> <span class='ocrx_word' id='word_1_803' title='bbox 2901 5044 3268 5083; x_wconf 86' lang='lat' dir='ltr'><strong>numerorum.</strong></span> 
     </span>
    </p>
   </div>
   <div class='ocr_carea' id='block_1_115' title="bbox 2102 5094 3618 5166">
    <p class='ocr_par' dir='ltr' id='par_1_115' title="bbox 2102 5094 3618 5166">
     <span class='ocr_line' id='line_1_115' title="bbox 2102 5094 3618 5166; baseline 0.003 -18"><span class='ocrx_word' id='word_1_804' title='bbox 2102 5094 2193 5149; x_wconf 75' lang='lat'><strong>55.</strong></span> <span class='ocrx_word' id='word_1_805' title='bbox 2237 5097 2506 5152; x_wconf 77' lang='lat' dir='ltr'><strong>Librarius</strong></span> <span class='ocrx_word' id='word_1_806' title='bbox 2533 5140 2547 5162; x_wconf 92' lang='lat'><strong>,</strong></span> <span class='ocrx_word' id='word_1_807' title='bbox 2581 5109 2637 5152; x_wconf 90' lang='lat' dir='ltr'><strong>ut</strong></span> <span class='ocrx_word' id='word_1_808' title='bbox 2684 5115 2778 5166; x_wconf 88' lang='lat' dir='ltr'><strong>par</strong></span> <span class='ocrx_word' id='word_1_809' title='bbox 2819 5110 2901 5152; x_wconf 92' lang='lat' dir='ltr'><strong>est</strong></span> <span class='ocrx_word' id='word_1_810' title='bbox 2944 5100 3166 5155; x_wconf 88' lang='lat' dir='ltr'><strong>credere</strong></span> <span class='ocrx_word' id='word_1_811' title='bbox 3193 5139 3206 5160; x_wconf 88' lang='lat'><strong>,</strong></span> <span class='ocrx_word' id='word_1_812' title='bbox 3245 5097 3428 5151; x_wconf 82' lang='lat' dir='ltr'><strong>omisit</strong></span> <span class='ocrx_word' id='word_1_813' title='bbox 3461 5099 3618 5152; x_wconf 88' lang='lat' dir='ltr'><strong>verba</strong></span> 
     </span>
    </p>
   </div>
   <div class='ocr_carea' id='block_1_116' title="bbox 2035 5165 3622 5238">
    <p class='ocr_par' dir='ltr' id='par_1_116' title="bbox 2035 5165 3622 5238">
     <span class='ocr_line' id='line_1_116' title="bbox 2035 5165 3622 5238; baseline 0.003 -21"><span class='ocrx_word' id='word_1_814' title='bbox 2035 5165 2268 5238; x_wconf 78' lang='lat' dir='ltr'><strong>Danielis</strong></span> <span class='ocrx_word' id='word_1_815' title='bbox 2314 5183 2434 5236; x_wconf 74' lang='lat' dir='ltr'><strong>qua:</strong></span> <span class='ocrx_word' id='word_1_816' title='bbox 2484 5165 2781 5238; x_wconf 88' lang='lat' dir='ltr'><strong>sequuntur</strong></span> <span class='ocrx_word' id='word_1_817' title='bbox 2822 5187 2836 5222; x_wconf 90' lang='lat'>:</span> <span class='ocrx_word' id='word_1_818' title='bbox 2883 5171 2950 5224; x_wconf 76' lang='grc' dir='ltr'>1ιί</span> <span class='ocrx_word' id='word_1_819' title='bbox 2982 5174 3146 5223; x_wconf 76' lang='lat' dir='ltr'><strong>decies</strong></span> <span class='ocrx_word' id='word_1_820' title='bbox 3187 5167 3374 5221; x_wconf 77' lang='lat' dir='ltr'><strong>millies</strong></span> <span class='ocrx_word' id='word_1_821' title='bbox 3412 5181 3622 5223; x_wconf 84' lang='lat' dir='ltr'><strong>centena</strong></span> 
     </span>
    </p>
   </div>
   <div class='ocr_carea' id='block_1_117' title="bbox 2031 5236 3621 5296">
    <p class='ocr_par' dir='ltr' id='par_1_117' title="bbox 2031 5236 3621 5296">
     <span class='ocr_line' id='line_1_117' title="bbox 2031 5236 3621 5296; baseline 0.006 -10"><span class='ocrx_word' id='word_1_822' title='bbox 2031 5236 2250 5288; x_wconf 87' lang='lat' dir='ltr'><strong>millium</strong></span> <span class='ocrx_word' id='word_1_823' title='bbox 2299 5236 2656 5295; x_wconf 61' lang='lat' dir='ltr'><strong>ministrabant</strong></span> <span class='ocrx_word' id='word_1_824' title='bbox 2702 5241 2769 5294; x_wconf 90' lang='lat' dir='ltr'><strong>ei.</strong></span> <span class='ocrx_word' id='word_1_825' title='bbox 2822 5240 2952 5294; x_wconf 84' lang='lat' dir='ltr'><strong>Nam</strong></span> <span class='ocrx_word' id='word_1_826' title='bbox 2990 5241 3042 5295; x_wconf 86' lang='lat' dir='ltr'><strong>in</strong></span> <span class='ocrx_word' id='word_1_827' title='bbox 3083 5244 3185 5294; x_wconf 83' lang='lat' dir='ltr'><strong>hoc</strong></span> <span class='ocrx_word' id='word_1_828' title='bbox 3225 5241 3391 5293; x_wconf 80' lang='lat' dir='ltr'><strong>decies</strong></span> <span class='ocrx_word' id='word_1_829' title='bbox 3435 5241 3621 5296; x_wconf 86' lang='lat' dir='ltr'><strong>Isidori</strong></span> 
     </span>
    </p>
   </div>
   <div class='ocr_carea' id='block_1_118' title="bbox 2029 5307 2462 5363">
    <p class='ocr_par' dir='ltr' id='par_1_118' title="bbox 2029 5307 2462 5363">
     <span class='ocr_line' id='line_1_118' title="bbox 2029 5307 2462 5363; baseline 0.012 -5"><span class='ocrx_word' id='word_1_830' title='bbox 2029 5307 2168 5360; x_wconf 87' lang='lat' dir='ltr'><strong>ratio</strong></span> <span class='ocrx_word' id='word_1_831' title='bbox 2200 5321 2462 5363; x_wconf 84' lang='lat' dir='ltr'><strong>versatur.</strong></span> 
     </span>
    </p>
   </div>
   <div class='ocr_carea' id='block_1_119' title="bbox 2102 5379 3618 5448">
    <p class='ocr_par' dir='ltr' id='par_1_119' title="bbox 2102 5379 3618 5448">
     <span class='ocr_line' id='line_1_119' title="bbox 2102 5379 3618 5448; baseline 0.005 -16"><span class='ocrx_word' id='word_1_832' title='bbox 2102 5379 2190 5432; x_wconf 81' lang='grc'><strong>56.</strong></span> <span class='ocrx_word' id='word_1_833' title='bbox 2233 5380 2483 5446; x_wconf 63' lang='lat' dir='ltr'><strong>Quaedam</strong></span> <span class='ocrx_word' id='word_1_834' title='bbox 2519 5381 2602 5437; x_wconf 83' lang='lat' dir='ltr'><strong>liic</strong></span> <span class='ocrx_word' id='word_1_835' title='bbox 2634 5383 2831 5437; x_wconf 86' lang='lat' dir='ltr'><strong>mutavi</strong></span> <span class='ocrx_word' id='word_1_836' title='bbox 2863 5423 2876 5448; x_wconf 94' lang='lat'><strong>,</strong></span> <span class='ocrx_word' id='word_1_837' title='bbox 2923 5394 2978 5437; x_wconf 91' lang='lat' dir='ltr'><strong>ut</strong></span> <span class='ocrx_word' id='word_1_838' title='bbox 3014 5383 3354 5438; x_wconf 86' lang='lat' dir='ltr'><strong>commodum</strong></span> <span class='ocrx_word' id='word_1_839' title='bbox 3403 5401 3618 5441; x_wconf 89' lang='lat' dir='ltr'><strong>sensum</strong></span> 
     </span>
    </p>
   </div>
   <div class='ocr_carea' id='block_1_120' title="bbox 2030 5448 3622 5528">
    <p class='ocr_par' dir='ltr' id='par_1_120' title="bbox 2030 5448 3622 5528">
     <span class='ocr_line' id='line_1_120' title="bbox 2030 5448 3622 5528; baseline 0.007 -27"><span class='ocrx_word' id='word_1_840' title='bbox 2030 5448 2329 5528; x_wconf 70' lang='lat' dir='ltr'><strong>redderem.</strong></span> <span class='ocrx_word' id='word_1_841' title='bbox 2375 5451 2562 5528; x_wconf 59' lang='lat' dir='ltr'><strong>podex</strong></span> <span class='ocrx_word' id='word_1_842' title='bbox 2611 5469 2717 5528; x_wconf 79' lang='lat' dir='ltr'><strong>ms.</strong></span> <span class='ocrx_word' id='word_1_843' title='bbox 2763 5454 2840 5528; x_wconf 87' lang='lat' dir='ltr'><strong>sic</strong></span> <span class='ocrx_word' id='word_1_844' title='bbox 2888 5453 3166 5510; x_wconf 81' lang='lat' dir='ltr'><strong>habebat:</strong></span> <span class='ocrx_word' id='word_1_845' title='bbox 3210 5454 3454 5528; x_wconf 82' lang='lat' dir='ltr'><strong>Decalogi</strong></span> <span class='ocrx_word' id='word_1_846' title='bbox 3499 5459 3622 5528; x_wconf 82' lang='lat' dir='ltr'><strong>legis</strong></span> 
     </span>
    </p>
   </div>
   <div class='ocr_carea' id='block_1_121' title="bbox 2033 5520 3623 5600">
    <p class='ocr_par' dir='ltr' id='par_1_121' title="bbox 2033 5520 3623 5600">
     <span class='ocr_line' id='line_1_121' title="bbox 2033 5520 3623 5600; baseline 0.009 -30"><span class='ocrx_word' id='word_1_847' title='bbox 2033 5520 2324 5600; x_wconf 65' lang='lat' dir='ltr'><strong>ascribitur.</strong></span> <span class='ocrx_word' id='word_1_848' title='bbox 2344 5520 2616 5600; x_wconf 35' lang='lat' dir='ltr'><strong>-Decem...</strong></span> <span class='ocrx_word' id='word_1_849' title='bbox 2647 5526 2720 5578; x_wconf 76' lang='lat' dir='ltr'><strong>Ab</strong></span> <span class='ocrx_word' id='word_1_850' title='bbox 2750 5527 2914 5600; x_wconf 78' lang='lat' dir='ltr'><strong>Adam</strong></span> <span class='ocrx_word' id='word_1_851' title='bbox 2943 5543 3036 5596; x_wconf 85' lang='lat' dir='ltr'><strong>pro</strong></span> <span class='ocrx_word' id='word_1_852' title='bbox 3066 5544 3244 5600; x_wconf 68' lang='lat' dir='ltr'><strong>genere</strong></span> <span class='ocrx_word' id='word_1_853' title='bbox 3273 5538 3344 5582; x_wconf 82' lang='lat' dir='ltr'><strong>est</strong></span> <span class='ocrx_word' id='word_1_854' title='bbox 3377 5520 3532 5600; x_wconf 69' lang='lat' dir='ltr'><strong>usque</strong></span> <span class='ocrx_word' id='word_1_855' title='bbox 3545 5520 3623 5584; x_wconf 62' lang='lat' dir='ltr'><strong>ad</strong></span> 
     </span>
    </p>
   </div>
   <div class='ocr_carea' id='block_1_122' title="bbox 2033 5589 3405 5656">
    <p class='ocr_par' dir='ltr' id='par_1_122' title="bbox 2033 5589 3405 5656">
     <span class='ocr_line' id='line_1_122' title="bbox 2033 5589 3405 5656; baseline 0.007 -10"><span class='ocrx_word' id='word_1_856' title='bbox 2033 5589 2148 5646; x_wconf 80' lang='lat' dir='ltr'><strong>Nae</strong></span> <span class='ocrx_word' id='word_1_857' title='bbox 2175 5592 2416 5647; x_wconf 71' lang='lat' dir='ltr'><strong>denarius</strong></span> <span class='ocrx_word' id='word_1_858' title='bbox 2442 5611 2681 5651; x_wconf 76' lang='lat' dir='ltr'><strong>muneras</strong></span> <span class='ocrx_word' id='word_1_859' title='bbox 2707 5589 3032 5653; x_wconf 65' lang='lat' dir='ltr'><strong>terminatur.</strong></span> <span class='ocrx_word' id='word_1_860' title='bbox 3066 5589 3201 5654; x_wconf 68' lang='lat' dir='ltr'><strong>Vide</strong></span> <span class='ocrx_word' id='word_1_861' title='bbox 3232 5616 3286 5654; x_wconf 88' lang='grc' dir='ltr'>ιι.</span> <span class='ocrx_word' id='word_1_862' title='bbox 3318 5601 3405 5656; x_wconf 72' lang='lat'><strong>6‘2.</strong></span> 
     </span>
    </p>
   </div>
  </div>
