4064 6170
447 191 542 245 191

1511 181 1569 237 S.
1612 178 1861 236 ISIDORI
1905 177 2351 235 lllSPALENSIS
2388 178 2691 235 EPISCOPI

3628 174 3728 231 192

448 318 571 358 mon
603 318 694 356 rex
727 302 913 357 decem
943 298 1265 355 candelabra
1300 297 1352 351 in
1408 295 1569 350 domo
1602 294 1698 349 Dei
1726 293 1911 349 dextra
1945 292 2038 346 Ιω-
2064 294 2113 351 Α
2141 289 2309 345 sionis
2340 293 2649 361 superbiam
2683 292 2759 346 flt.
2793 291 2925 346 Nam
2972 301 3027 345 et
3074 290 3191 345 vela
3240 290 3450 344 cilicina
3477 333 3490 356 ,
3537 291 3730 360 quibus

452 410 623 465 vaque
653 395 950 449 constituit.

530 490 622 543 57.
671 488 909 556 Denique
932 486 984 538 in
1015 483 1273 537 Zacharia
1297 480 1483 535 decem
1507 489 1630 533 sunt
1652 478 1915 540 homines,
1940 475 2040 529 sub

441 580 629 647 specie
657 579 894 633 omnium
927 576 1162 646 gentium
1210 574 1474 628 fimbriam
1519 573 1720 627 Christi
1772 580 2035 625 tenentes.

452 674 646 727 Decem
676 681 803 725 sunt
827 681 881 726 et
913 671 964 723 in
1000 667 1291 737 Evangelio
1320 667 1556 737 virgines
1580 706 1596 731 ,
1625 680 1744 735 quae
1782 664 1833 716 in
1865 662 2041 717 sensi-

450 764 551 818 bus
581 762 756 815 carnis
786 769 841 814 et
868 760 1089 829 spiritus
1114 800 1129 825 ,
1159 758 1407 828 quinario
1454 771 1680 810 numero
1726 754 1995 823 geminato
2020 795 2036 820 ,

453 855 611 925 235
643 853 1035 921 intelliguntur.
1066 851 1260 906 Decem
1290 851 1450 904 etiam
1484 847 1680 918 leprosi
1714 846 2039 900 mundantur

451 962 480 999 a
513 945 761 1007 Domino,
797 960 987 998 novem
1018 960 1083 997 ex
1112 944 1191 998 eis
1219 944 1287 997 ab
1314 943 1519 995 unitate
1544 940 1787 995 seclusis.
1840 938 2037 992 Decem

458 1047 578 1089 sunt
608 1047 865 1102 prmterea
900 1037 1081 1099 urbes,
1115 1050 1249 1105 quas
1280 1035 1324 1088 si
1355 1034 1493 1089 bene
1522 1032 1748 1099 rexeris,
1779 1031 1958 1085 cordis
1982 1037 2039 1084 et

452 1127 692 1194 corporis
710 1142 899 1181 sensus
922 1128 1193 1196 duplicato
1212 1140 1435 1179 numero
1451 1124 1680 1192 accipies
1702 1124 1753 1176 in
1777 1122 2036 1176 futurum.

521 1221 611 1277 58.
656 1224 722 1275 At
747 1231 932 1274 contra
967 1220 1017 1273 in
1052 1219 1237 1273 Exodo
1266 1217 1453 1272 decem
1485 1216 1653 1285 plagis
1676 1226 1930 1281 percussa
1954 1220 2039 1266 est

453 1312 741 1383 Egyptns,
774 1321 828 1367 et
859 1313 908 1365 iu
942 1311 1264 1381 Apocalypsi
1294 1310 1477 1364 decem
1511 1323 1711 1363 cornua
1741 1306 2037 1375 procedunt

451 1418 518 1456 ex
548 1404 710 1463 mari,
742 1411 797 1454 et
823 1402 1012 1455 decem
1045 1400 1161 1455 dies
1200 1414 1572 1467 pressurarum
1612 1396 1866 1452 Ecclesiae
1904 1395 2039 1450 scri-

452 1494 671 1561 buntur,
697 1495 749 1546 in
777 1493 968 1561 quibus
991 1502 1160 1547 status
1185 1493 1344 1561 hujus
1371 1494 1513 1557 vitae,
1542 1500 1595 1546 et
1621 1501 1829 1559 tempus
1850 1499 2035 1544 osten-

450 1582 613 1636 ditur.
667 1584 819 1651 Apud
854 1583 1200 1639 Salomonem
1230 1591 1407 1636 autem
1440 1582 1624 1635 decem
1653 1580 1925 1635 mensibus
1956 1580 2037 1633 in-

2147 383 2551 438 tabernaculum
2590 386 2888 455 tegebatur,
2916 386 3161 440 undecim
3211 385 3324 439 ﬁeri
3361 384 3638 453 jubentur,
3674 399 3733 441 ut

2146 486 2199 530 et
2226 491 2324 545 per
2350 492 2632 532 numerum
2668 489 2945 545 peccatum
2969 520 2984 542 ,
3018 489 3068 531 et
3099 493 3192 547 per
3222 477 3448 532 cilicium
3490 480 3733 546 punctio-

2144 581 2240 621 nes
2281 576 2441 635 atque
2486 568 2717 621 lamenta
2768 578 3112 637 peccatorum
3163 568 3611 637 significarentur.
3675 568 3728 621 In

2145 660 2364 715 Dauiele
2394 675 2607 730 quoque
2642 660 2978 713 undecimum
3015 660 3200 714 bestizn
3227 675 3393 714 cornu
3418 675 3539 713 esse
3569 660 3730 712 doce-

2144 764 2247 818 tur,
2278 753 2344 807 ad
2373 753 2852 808 demonsuandum
2900 754 3046 806 illum
3098 760 3374 805 auctorem
3421 761 3729 819 transgres-

2143 846 2312 900 sionis
2337 845 2606 899 diabolum
2636 887 2650 909 ,
2684 855 2734 899 et
2764 845 2926 899 ﬁlium
2956 846 3071 914 ejus
3116 843 3499 898 Antichristum
3527 886 3541 911 ,
3575 843 3732 914 cujus

2141 937 2289 1006 regni
2323 935 2494 990 virtus
2525 938 2575 989 in
2610 938 2811 1003 peccati
2843 938 3081 1005 potentia
3113 936 3398 989 exaltatur.

2214 1027 2302 1083 65.
2347 1028 2478 1082 Nam
2510 1040 2564 1084 et
2592 1029 2807 1099 Petrus,
2837 1030 3060 1083 cadente
3082 1028 3242 1092 Juda,
3270 1045 3332 1081 ne
3355 1029 3408 1082 in
3433 1027 3608 1081 unden
3629 1026 3729 1081 nrio

2141 1134 2366 1173 numero
2400 1119 2764 1185 apostolorum
2814 1135 3020 1173 summa
3065 1128 3441 1187 permaneret,
3475 1118 3727 1173 duodeci-

2141 1225 2284 1264 mum
2310 1210 2589 1264 Matthiam
2612 1220 2757 1265 sorte
2785 1212 3018 1266 electum
3050 1213 3355 1279 constituit,
3386 1221 3628 1266 metuens
3658 1227 3727 1265 ne

2143 1300 2195 1355 in
2244 1317 2469 1356 numero
2501 1304 2943 1371 transgressionis
2982 1305 3304 1360 consisteret
3345 1318 3549 1358 summa
3597 1317 3728 1371 apo-

2140 1394 2343 1449 stolicae
2374 1397 2653 1457 veritatis,
2713 1397 2835 1452 licet
2885 1406 2937 1450 et
2983 1396 3068 1453 hic
3116 1412 3370 1451 numerus
3418 1399 3470 1450 in
3517 1397 3727 1451 ratione

2144 1495 2442 1554 temporum
2482 1486 2781 1554 reperiatur
2820 1488 3102 1558 ascriptus.
3157 1487 3453 1542 Undecimo
3484 1503 3715 1554 namque

2143 1577 2411 1633 Kalendas
2458 1580 2658 1649 Aprilis
2705 1580 2876 1634 factus
2920 1580 3082 1635 fuisse
3112 1581 3309 1650 legitur
3331 1582 3581 1634 mundus.
3616 1579 3727 1634 Un—

452 1674 568 1726 fans
596 1674 909 1742 coagulatur
933 1672 984 1725 in
1014 1675 1294 1741 sanguine.
1350 1673 1485 1727 Sunt
1527 1680 1582 1725 et
1618 1670 1720 1725 alia
1762 1681 2036 1727 sexcenta.
2071 1666 2117 1724 Β
2145 1668 2315 1723 decim
2367 1670 2530 1724 etiam
2585 1670 2932 1739 perhibentur
2968 1670 3175 1726 dierum
3216 1681 3418 1742 epacta:
3444 1715 3459 1740 ,
3492 1687 3609 1741 qua:
3633 1686 3731 1740 per

450 1763 554 1817 Sed
590 1764 847 1817 hactenus
869 1766 935 1818 de
967 1764 1188 1817 denario
1212 1762 1414 1817 dixisse
1443 1762 1694 1817 sufficiat.

520 1854 611 1910 59.
655 1855 777 1907 llaec
804 1865 883 1909 est
919 1855 1075 1923 primi
1100 1870 1287 1909 versus
1313 1870 1658 1909 numerorum
1688 1854 1888 1925 regula,
1924 1854 2038 1909 haec

453 1956 811 2013 sacramenta,
842 1964 1039 2017 genera
1072 1958 1126 2001 et
1175 1948 1384 2016 Species
1413 1947 1731 2002 diﬂ‘erentia:
1759 1948 2038 2016 perfectio-

453 2037 555 2091 nis.
604 2037 805 2092 Omnes
834 2050 1012 2092 autem
1047 2039 1204 2107 primi
1248 2053 1438 2092 versus
1482 2052 1733 2092 numeros
1772 2038 2041 2106 recapitu-

449 2129 624 2183 lantes
669 2130 769 2184 sub
820 2130 919 2184 hac
965 2131 1190 2185 veritate
1238 2139 1554 2185 tractemus.
1599 2130 1744 2185 Unus
1782 2144 2040 2185 numerus

452 2235 556 2273 non
587 2230 690 2288 est,
722 2221 815 2274 sed
845 2220 997 2290 origo
1027 2237 1376 2277 numerorum
1404 2223 1641 2277 omnium
1664 2230 1769 2277 est.
1798 2221 2039 2277 Binarius

453 2314 621 2379 prima
665 2328 787 2381 pars
832 2326 912 2369 est
938 2355 952 2378 ,
986 2316 1243 2368 ternarias
1272 2316 1463 2369 ordine
1490 2325 1543 2370 et
1574 2316 1772 2370 virtute
1812 2317 2035 2382 primus.

456 2404 827 2467 Quaternarius
870 2405 1081 2460 duobus
1112 2407 1332 2475 paribus
1362 2417 1591 2460 constat.
1626 2406 1908 2470 Quinarius
1935 2407 2038 2461 sibi
2072 2409 2075 2411 ’

450 2496 638 2565 genius
670 2506 769 2551 est.
807 2496 1055 2552 Sertorius
1087 2498 1138 2551 in
1186 2513 1349 2564 opere
1388 2500 1570 2553 mundi
1623 2498 1886 2568 perlectus
1915 2510 2037 2565 est,

448 2596 505 2641 ει
525 2587 592 2641 ab
626 2588 920 2657 imparibus
949 2604 1042 2658 par
1065 2597 1169 2644 est.
1198 2589 1531 2657 Septenarius
1563 2590 1830 2661 legitimus
1855 2600 1958 2657 est,
1986 2600 2043 2646 et

450 2680 719 2734 interdum
753 2696 849 2749 pro
879 2691 989 2736 toto
1010 2694 1113 2737 eat.

518 2770 610 2826 60.
654 2770 963 2826 Octonarius
1008 2788 1037 2826 a
1080 2772 1295 2843 paribus
1344 2790 1439 2843 par
1484 2785 1587 2828 est.
1640 2774 1966 2829 Novenarius
2010 2788 2041 2830 a

452 2864 705 2932 perfectis
738 2864 1032 2935 imparibus
1082 2867 1257 2936 impar
1310 2876 1414 2923 est.
1469 2867 1725 2923 Denarius
1773 2868 2042 2937 perfectus

450 2968 611 3026 atque
656 2958 833 3012 finalis
874 2968 978 3013 est.
1018 2957 1255 3014 Termini
1301 2972 1479 3015 autem
1536 2976 1879 3016 numerorum
1906 3003 1921 3028 ,
1952 2961 2036 3017 vel

2143 1759 2383 1823 singulos
2414 1776 2583 1815 annos
2613 1763 2677 1815 ad
2710 1777 2924 1818 cursum
2958 1762 3100 1817 luna:
3139 1761 3479 1833 adjiciuntur.

2730 1855 2957 1909 CAPUT
2995 1854 3135 1910 Xlll.

2595 1945 2669 1999 De
2696 1946 3016 1999 duodenario
3048 1963 3278 2001 numero.

2215 2034 2305 2089 δι.
2350 2035 2709 2090 Duodenarius
2740 2051 2995 2092 numerus
3026 2037 3167 2092 inter
3196 2039 3333 2093 alios
3369 2054 3623 2094 numeros
3653 2040 3730 2095 le-

2143 2127 2362 2195 gitlmus
2405 2142 2473 2181 ex
2522 2127 2775 2197 legitimis
2815 2129 3055 2183 numeris
3095 2137 3201 2183 est.
3236 2127 3525 2197 Pr0pterea
3556 2137 3734 2199 septe-

2146 2216 2282 2271 narii
2330 2228 2509 2288 partes
2559 2220 2727 2273 altera
2778 2234 2873 2288 pro
2920 2222 3085 2275 altera
3139 2219 3539 2291 multiplicatur.
3601 2220 3737 2273 Nam

2144 2318 2340 2377 quater
2368 2309 2529 2375 terni,
2563 2310 2645 2363 vel
2684 2320 2763 2364 ter
2786 2309 3032 2379 quaterni
3059 2311 3306 2366 eumdem
3339 2326 3620 2366 numerum
3657 2312 3735 2362 fa-

2144 2402 2315 2465 ciunt,
2350 2401 2438 2456 hic
2466 2412 2641 2457 autem
2679 2404 2919 2472 partibus
2951 2404 3062 2459 suis
3086 2406 3242 2459 simul
3270 2406 3462 2459 ductus
3494 2420 3596 2459 non
3622 2414 3732 2459 tam

2145 2505 2575 2559 consummatur,
2607 2496 2699 2551 sed
2730 2498 3029 2554 exceditur.
3077 2498 3409 2568 Ampliorem
3441 2501 3639 2568 quippe
3664 2500 3737 2554 de

2145 2602 2205 2642 se
2234 2588 2404 2658 ipsum
2432 2589 2591 2659 237
2623 2606 2905 2644 numerum
2956 2590 3168 2657 reddit;
3219 2607 3340 2645 nam
3398 2602 3572 2658 partes
3617 2591 3737 2660 ejus

2148 2696 2317 2750 usque
2346 2680 2413 2734 ad
2445 2682 2682 2735 sedecim
2718 2682 3058 2751 perveniunt.
3089 2684 3263 2739 Habet
3291 2686 3436 2738 enim
3462 2685 3555 2739 has
3576 2686 3735 2754 quin-

2146 2785 2271 2841 que,
2288 2769 2683 2839 duodecimam,
2700 2773 2841 2843 quod
2863 2784 2947 2828 est
2979 2790 3165 2841 unum,
3186 2783 3417 2843 sextam,
3442 2775 3580 2845 quod
3600 2775 3741 2841 duo,

2147 2871 2391 2932 quartam
2423 2904 2436 2928 ,
2467 2865 2611 2932 quod
2636 2874 2744 2920 tres
2766 2905 2783 2933 ,
2816 2865 3027 2921 tertiam
3054 2907 3069 2933 ,
3105 2867 3244 2935 quod
3283 2878 3530 2939 quatuor,
3571 2867 3733 2923 dimi-

2146 2955 2319 3021 diam,
2352 2956 2491 3025 quod
2519 2971 2635 3012 sex.

450 3048 651 3103 limites
684 3051 771 3104 isti
803 3060 967 3105 sunt:
1014 3067 1149 3106 unus
1172 3092 1188 3117 ,
1239 3056 1422 3106 decem
1451 3094 1464 3116 ,
1496 3062 1711 3107 centum
1759 3063 1816 3107 et
1872 3052 2040 3107 mille.
2071 3042 2119 3104 C
2221 3044 2312 3100 65.
2354 3045 2538 3116 Itaque
2583 3063 2772 3113 unum,
2814 3058 2871 3105 et
2896 3048 3026 3116 duo,
3061 3058 3113 3104 et
3145 3050 3265 3115 tria,
3302 3059 3357 3104 et
3400 3059 3650 3117 quatuor,
3678 3059 3738 3104 et

450 3140 739 3210 Hucusque
785 3142 851 3196 ad
894 3144 1132 3211 regulam
1166 3144 1318 3210 primi
1354 3160 1543 3200 versus
1572 3146 1899 3213 disputatum
1929 3154 2032 3199 est.

448 3232 601 3289 Nunc
618 3233 687 3289 de
703 3234 938 3290 secunda
959 3233 1163 3307 [Forte,
1190 3251 1329 3290 nunc
1345 3237 1411 3291 de
1437 3238 1694 3307 secundo]
1720 3246 2036 3294 tractemus.

1050 3326 1276 3383 CAPUT
1319 3326 1430 3382 ΧΙΙ.

937 3418 1011 3474 De
1039 3420 1323 3474 undenario
1350 3437 1577 3475 numero.

523 3509 612 3565 (il.
677 3508 1010 3564 Undenurius
1058 3527 1315 3566 numerus
1364 3513 1532 3580 prima
1584 3512 1803 3569 secundi
1850 3528 2038 3568 versus

450 3612 640 3653 monas
669 3610 791 3664 est,
824 3600 915 3669 qui
945 3600 1239 3668 imparibus
1285 3603 1395 3655 suis
1438 3618 1544 3656 non
1576 3603 1740 3658 habet
1768 3605 1994 3672 amplius
2018 3644 2035 3670 ,

454 3690 557 3743 nisi
586 3690 754 3744 solam
782 3691 1144 3756 undecimam,
1178 3694 1319 3761 quod
1351 3704 1453 3759 est,
1488 3696 1627 3749 sicut
1649 3696 1923 3765 quinarius
1953 3712 2038 3751 so-

449 3780 553 3835 lam
584 3783 843 3852 quintam,
876 3792 931 3837 et
955 3784 1221 3838 ternarius
1249 3785 1416 3839 solam
1442 3785 1677 3840 tertiam.
1712 3787 1766 3840 ln
1798 3785 2040 3855 Scriptu-

453 3874 529 3928 ris
559 3885 736 3929 autem
766 3876 1065 3931 undenario
1109 3892 1334 3931 numero
1375 3879 1734 3948 transgressio
1784 3879 2041 3948 przecepti

449 3966 821 4035 significatur,
856 3969 970 4022 sive
995 3970 1280 4023 diminutio
1310 3970 1632 4024 sanctitatis.
1676 3969 1826 4025 Unde
1858 3979 1911 4024 et
1942 3986 2043 4023 un-

450 4056 693 4110 decimus
719 4058 959 4124 psalmus
981 4059 1059 4111 sic
1083 4059 1320 4124 inchoat,
1345 4060 1531 4113 dicens
1555 4078 1568 4111 :
1603 4061 1817 4114 Salvum
1834 4077 1911 4114 me
1934 4064 2039 4130 fac,

452 4146 671 4201 Domine
692 4187 706 4211 ,
736 4149 980 4215 quoniam
1027 4149 1213 4215 defecit
1255 4160 1486 4202 sanctus.
1530 4150 1692 4220 236
1719 4151 1867 4204 Sicut
1896 4152 2040 4206 enim

456 4255 552 4307 per
584 4240 860 4294 denarium
878 4240 1133 4296 scribitur
1166 4240 1426 4310 perfectio
1456 4242 1817 4311 beatitudinis,
1854 4244 1924 4298 ita
1947 4260 2044 4314 per

452 4332 803 4387 undenarium
839 4332 1195 4402 transgressio
1228 4333 1379 4403 legis.

2144 3152 2263 3204 sex,
2296 3138 2347 3191 in
2377 3152 2638 3192 summam
2669 3138 2850 3205 ducta,
2888 3141 3121 3195 sedecim
3160 3149 3303 3197 sunt.
3337 3140 3452 3195 Tali
3481 3156 3611 3211 ergo
3649 3157 3738 3195 ra-

2146 3230 2293 3283 tione
2325 3232 2600 3298 plusquam
2634 3230 2902 3299 perfectus
2929 3231 3173 3287 habetur.
3204 3234 3298 3287 ilic
3326 3243 3503 3287 autem
3531 3233 3739 3288 duode-

2143 3321 2326 3375 narius
2355 3337 2630 3388 numerus,
2664 3331 2722 3377 ut
2746 3323 3111 3392 praediximus,
3155 3325 3206 3379 in
3233 3324 3521 3392 Scripturis
3551 3325 3740 3395 legiti-

2142 3426 2280 3475 mus,
2306 3412 2420 3466 sive
2447 3426 2567 3467 cum
2596 3428 2692 3480 pro
2720 3422 2833 3468 toto
2864 3418 3097 3482 ponitur,
3132 3416 3245 3472 sive
3280 3431 3401 3470 cum
3427 3416 3480 3471 in
3509 3432 3569 3472 se
3596 3418 3739 3470 mut-

2142 3503 2453 3572 tiplicatur:
2490 3520 2584 3574 pro
2632 3514 2745 3561 toto
2790 3508 3023 3574 ponitur,
3078 3518 3133 3563 ut
3187 3525 3261 3563 xu
3307 3509 3507 3574 throni,
3551 3518 3605 3563 et
3656 3526 3734 3564 xu

2144 3599 2335 3661 tribus,
2364 3598 2490 3652 dum
2525 3614 2618 3667 per
2648 3614 2721 3653 xu
2753 3602 2974 3655 thronos
2998 3617 3184 3657 omnes
3209 3602 3529 3672 judicantes,
3563 3610 3616 3656 et
3642 3617 3739 3672 per.

2145 3688 2423 3745 duodecim
2449 3691 2618 3747 tribus
2645 3707 2831 3747 omnes
2859 3703 3046 3763 gentes
3076 3694 3465 3763 significantur.

2220 3784 2307 3836 uti.
2352 3782 2457 3837 Pro
2484 3797 2543 3837 se
2570 3784 2687 3852 ipso
2712 3795 2911 3849 autem,
2944 3785 3081 3839 sicut
3118 3783 3401 3839 duodecim
3456 3800 3549 3854 per
3600 3784 3736 3838 duo-

2144 3875 2318 3932 decim
2370 3885 2588 3931 centum
2636 3876 2988 3946 quadraginta
3032 3885 3260 3947 quatuor
3311 3876 3572 3943 efficiunt,
3631 3890 3741 3944 quo

2147 3988 2370 4026 numero
2390 3973 2568 4026 omnis
2598 3972 2835 4027 Ecclesia
2865 3972 3200 4043 designatur.
3254 3973 3394 4027 ldem
3425 3981 3601 4027 autem
3635 3972 3740 4027 fre-

2146 4066 2396 4133 quentior
2438 4074 2521 4119 est
2569 4064 2623 4118 in
2670 4065 2986 4133 Scripturis,
3019 4075 3074 4120 et
3102 4065 3240 4120 inter
3269 4081 3456 4121 omnes
3487 4079 3742 4119 numeros

2149 4154 2378 4209 habetur
2408 4154 2670 4226 insignior
2691 4166 2909 4225 prepter
2929 4172 3193 4212 summam
3225 4157 3649 4228 patriarcharum
3680 4165 3743 4209 et

2148 4255 2538 4318 apostolorum.

2221 4340 2311 4395 67.
2356 4329 2725 4395 Duodénarius
2771 4350 2855 4396 est
2895 4355 3150 4399 numerus
3179 4342 3565 4412 apostolorum,
3598 4341 3743 4395 idem

523 4422 611 4477 62.
656 4424 788 4479 Hinc
817 4435 897 4479 est
929 4425 1071 4494 quod
1115 4425 1282 4478 Adam
1317 4426 1605 4494 progenies
1648 4440 1742 4494 per
1778 4425 1909 4480 Cain
1955 4441 2046 4480 us-
2073 4422 2122 4481 Ι)
2148 4431 2309 4488 etiam
2338 4441 2393 4487 et
2422 4432 2874 4501 patriarcharum;
2906 4441 3031 4488 sunt
3056 4432 3197 4488 enim
3227 4442 3281 4487 et
3311 4433 3531 4487 totldem
3564 4433 3742 4485 mino-

452 4531 557 4585 que
582 4516 646 4568 ad
680 4516 937 4570 diluvium
970 4518 1268 4573 undenario
1310 4534 1535 4573 numero
1576 4519 1919 4586 terminatur,
1974 4520 2043 4575 ad

452 4608 863 4675 signiﬁcandum
895 4609 1103 4672 scilicet
1126 4620 1426 4679 peccatum,
1454 4610 1591 4679 quod
1618 4626 1713 4681 per
1743 4620 2045 4682 transgres-

642 4723 842 4802 _ln_bis.
872 4734 981 4802 erat
1013 4725 1226 4802 accipiet
1258 4725 1617 4802 proaccipies.

524 4792 614 4877 :58.
642 4794 695 4877 ln
725 4796 849 4860 Ms.,
881 4795 965 4849 hic
994 4804 1047 4849 et
1074 4792 1221 4861 alibi,
1250 4792 1305 4849 in
1336 4792 1680 4867 Apocalypsin
1706 4809 1801 4865 pro
1824 4795 1875 4849 in
1903 4796 2045 4866 Apoc

451 4864 774 4993 (αξξ.έὶὁὶ
804 4937 981 5019 genius
1007 4947 1098 4992 est.
1129 4937 1185 4992 Id
1212 4946 1316 5003 est,
1346 4947 1401 4992 ut
1431 4947 1578 5004 puto,
1608 4935 1748 5005 quod
1781 4952 1925 4991 num.
1949 4937 2043 5003 25,

452 5025 506 5063 se
528 5025 723 5079 semper
751 5010 990 5063 ostendit.

488 5150 499 5161 .
526 5080 615 5161 6i.
651 5080 835 5144 Forte,
877 5080 964 5147 qui
1000 5082 1052 5132 in
1093 5079 1321 5146 partibus
1361 5078 1533 5132 suis...
1574 5079 1713 5149 quod
1741 5087 1813 5133 est
1842 5094 2001 5133 unum
2026 5118 2043 5146 ,

454 5166 495 5202 st
531 5160 600 5201 ut.

500 5165 665 5272 clbtd.
711 5219 765 5273 In
799 5223 897 5277 Ms.
929 5223 1171 5276 monades
1200 5236 1294 5288 pro
1324 5238 1520 5275 manas.

489 5290 669 5413 l.ll‘ltid.
713 5292 788 5345 Ex
830 5302 1017 5348 sancto
1058 5294 1354 5362 Augustino
1396 5308 1558 5346 scrm.
1608 5290 1670 5343 51
1697 5306 1856 5361 ,cap.
1895 5291 1966 5345 25
1996 5301 2050 5346 et

510 5378 519 5413 ι
566 5378 599 5413 ι.

453 5376 617 5487 angi.
660 5428 950 5499 Progenies
996 5435 1064 5489 ab
1111 5433 1278 5487 Adam
1320 5449 1488 5502 usque
1526 5432 1592 5487 ad
1639 5432 1751 5487 Noe
1794 5432 2047 5488 dicuntur

454 5502 642 5556 decem
674 5516 860 5569 supra,
896 5520 1042 5556 num.
1078 5504 1162 5556 56.
1203 5505 1298 5558 llic
1338 5508 1587 5559 dicuntur
1630 5504 1875 5566 undecim
1924 5519 2046 5570 pro-

454 5578 637 5639 genies
670 5586 841 5656 usque.
866 5574 1110 5656 adnlilios.
1133 5576 1263 5631 Noe.
1306 5576 1581 5656 [fatiopem
1613 5574 1845 5656 explicat
1881 5575 2045 5656 l-sido~

454 5659 543 5699 rus
569 5686 584 5711 ,
616 5660 736 5716 cap.
767 5644 800 5699 6
831 5644 882 5700 in
918 5643 1147 5701 Genesin
1174 5689 1188 5713 ,
1224 5664 1276 5701 n.
1309 5648 1399 5703 29.
1449 5646 1682 5719 Reposui
1722 5647 2047 5701 undecimum

2151 4540 2239 4580 res
2263 4525 2559 4595 pr0phetze.
2594 4524 2821 4593 Lapides
2844 4526 3003 4579 etiam
3039 4524 3343 4587 duodecim,
3388 4537 3522 4593 quos
3563 4537 3745 4577 sacer-

2148 4617 2305 4673 dotes
2346 4618 2630 4686 gestabant
2669 4618 2721 4671 in
2769 4625 3004 4685 pectore.
3046 4613 3335 4669 Duodecim
3379 4625 3633 4682 praeterea
3684 4614 3739 4666 in

2152 4729 2321 4783 (testim
2346 4745 2506 4782 cornu
2535 4743 2630 4794 pro
2655 4728 2887 4781 undecim
2911 4725 3081 4780 bestico
3106 4741 3284 4778 cornu.
3314 4723 3502 4777 Posset
3530 4740 3750 4792 quoque

2151 4800 2255 4867 legi
2285 4800 2523 4854 undecim
2549 4798 2721 4851 bestiis
2742 4813 2953 4851 cornua.
2987 4798 3091 4851 Sed
3142 4812 3206 4850 ex
3257 4794 3456 4848 Daniel.
3490 4811 3561 4849 vn
3586 4837 3599 4857 ,
3628 4797 3697 4849 ‘20
3724 4836 3743 4860 ,

2154 4866 2543 4940 praiferenduni
2594 4868 2804 4922 videtur
2841 4869 3077 4940 undecim
3118 4866 3290 4919 bestia?
3313 4882 3494 4918 cornu.

2225 4942 2311 4995 65.
2357 4940 2602 4994 Nonnulli
2635 4949 2872 4992 veterum
2904 4939 3161 4991 mundum
3191 4950 3446 4990 autumno
3466 4936 3740 4991 conditum

2154 5022 2535 5073 asseruerunt;
2563 5012 2655 5062 sed
2683 5011 2916 5077 plerique
2938 5008 3123 5062 Patres
3144 5022 3309 5061 verno
3331 5016 3570 5076 tempore
3590 5022 3743 5060 crea—

2157 5092 2266 5135 tum
2294 5083 2547 5135 mundum
2581 5087 2783 5144 tenent,
2812 5079 3044 5149 Cyrillus
3079 5077 3611 5149 llierosolymitanus,
3643 5079 3745 5149 Ba-

2154 5153 2327 5216 sihus,
2354 5152 2739 5216 Nazianzenus,
2765 5150 3095 5212 Ambrosius,
3120 5148 3491 5202 'l‘beodoretus
3541 5158 3595 5203 et
3623 5148 3739 5201 alii.

2155 5222 2351 5277 Confer
2380 5223 2663 5275 concilium
2710 5224 2858 5286 jussu
2901 5220 3135 5274 Victoris
3176 5234 3324 5286 papa:
3366 5235 3396 5271 a
3443 5218 3747 5284 'l'heophilo

2154 5294 2517 5417 Alexasnld'rino
2570 5290 2895 5346 celebratum
2951 5291 3003 5345 in
3052 5290 3283 5358 append.
3336 5287 3409 5355 8,
3456 5298 3586 5343 tom.
3632 5286 3744 5352 Ill,

2154 5379 2273 5417 nae.
2378 5385 2430 5417 ε).

2188 5379 2273 5418 οε.
2305 5364 2430 5417 515.

2152 5379 2539 5513 pagi-LMIiTMs.
2570 5443 2684 5516 crat
2726 5432 3127 5516 namquaterni
3162 5445 3257 5499 pro
3304 5444 3411 5516 quo
3455 5431 3575 5516 lego
3603 5444 3746 5516 Anam

2149 5516 2322 5570 quater
2373 5504 2525 5558 terni.
2572 5503 2674 5556 Pro
2702 5504 2951 5556 exciditur
2981 5501 3130 5571 posui
3170 5503 3451 5554 exceditur.
3495 5501 3747 5554 Fortasse

2150 5575 2432 5649 legendum
2460 5574 2615 5629 stmul
2640 5575 2825 5642 ductis,
2854 5584 2908 5629 et
2937 5589 3037 5629 non
3069 5580 3267 5627 tantum
3297 5580 3704 5626 consummatur.
