4034 6148
264 274 375 330 195

820 270 1031 326 LIBER
1071 268 1511 326 NUMERORUM
1554 270 1671 337 QUI
1714 270 1777 325 IN
1816 268 2105 326 SANCTIS
2150 270 2560 327 SCRIPTURIS
2599 269 3042 330 OCCURRUNT.

3459 279 3560 335 195

258 397 384 462 lege
413 388 695 461 apostolitti
717 387 889 443 fontes
919 387 1353 458 legutttttr,jnxta
1378 406 1511 458 quos
1533 390 1865 459 septuaginta
1893 396 1945 452 Α
1974 389 2055 443 Ab
2083 386 2348 443 Abraham
2381 404 2610 457 namque
2642 405 2811 458 usque
2854 391 2920 444 ad
2966 390 3126 445 David
3159 393 3559 461 quatunrdecim

255 498 556 541 creverunt
584 486 809 553 palmae;
859 485 1144 539 duodecim
1202 501 1431 554 namque
1476 486 1637 540 Israel
1692 487 1866 541 tribus

254 591 548 633 vocantur.
600 577 891 630 Duodecim
942 586 1103 630 etiam
1152 577 1524 645 exploratores
1570 578 1635 631 ad
1667 586 1862 632 terram

255 683 503 725 sanetam
538 669 844 725 mittuntur.
873 667 1067 737 quibus
1098 670 1283 722 botrus
1325 669 1376 721 in
1409 669 1551 739 ligno
1594 671 1694 726 sub
1741 678 1866 739 typo

256 761 465 816 Christi
498 760 759 812 delertur.

331 853 431 908 68.
480 852 722 920 Denique
744 860 799 905 et
834 861 1046 918 pmpter
1068 852 1383 906 aeternitatis
1410 854 1772 908 testimonium
1797 853 1865 908 de

255 943 521 998 Jordanis
578 957 738 995 amne
792 942 995 1009 lapides
1047 942 1328 996 duodecim
1378 943 1713 1009 auferuntur,
1774 946 1863 1014 qui

264 1046 550 1101 ponuntur
573 1036 625 1087 in
658 1033 777 1087 loco
807 1034 892 1087 ubi
923 1035 1162 1087 secando
1190 1034 1538 1088 circumcisus
1570 1045 1654 1090 est
1682 1036 1863 1091 Israe’.

252 1128 436 1183 Porro
467 1126 612 1180 Elias
654 1144 716 1180 ex
760 1126 1039 1179 duodecim
1073 1126 1341 1195 lapidibus
1370 1127 1652 1181 mdiﬁcavit
1673 1129 1861 1193 altare,

250 1230 317 1273 et
356 1220 499 1288 apud
533 1218 846 1275 Matthurum
876 1233 949 1271 ιιι
983 1218 1276 1285 fragmenta
1305 1219 1657 1285 c0pliinorum
1680 1234 1864 1288 super-

252 1309 481 1361 fuerunt
514 1309 567 1360 in
599 1308 909 1362 solitudine.
957 1307 1084 1362 Item
1115 1310 1166 1361 itt
1191 1310 1513 1379 Apocalypsi
1554 1312 1623 1364 de
1645 1312 1867 1377 singulis

254 1398 694 1464 patriarcharum
725 1399 967 1453 tribubus
1008 1399 1287 1454 duodecim
1314 1400 1479 1454 millia
1508 1402 1789 1470 signantur
1811 1403 1863 1455 in

253 1490 559 1544 frontibus.
605 1491 777 1558 Super
818 1498 978 1558 caput
1017 1506 1231 1559 qucque
1260 1490 1396 1559 Agni
1424 1507 1620 1546 corona
1655 1493 1865 1548 duode-

256 1585 371 1633 cim
404 1579 687 1633 stellarum
730 1580 1054 1647 resplendet,
1080 1587 1131 1633 et
1158 1580 1496 1635 fundamenta
1518 1584 1677 1635 etiam
1705 1582 1865 1636 Jeru-

254 1674 432 1725 salem
477 1688 543 1725 ex
586 1671 869 1725 duodecim
902 1673 1149 1740 pretiosis
1182 1673 1449 1741 lapidibus
1491 1684 1637 1741 sunt,
1670 1686 1723 1729 et
1752 1677 1865 1743 ipsa

1968 481 2340 549 generationes
2369 491 2812 537 annumerantur.
2857 482 2986 536 Item
3038 498 3069 535 a
3113 483 3277 538 David
3308 500 3472 555 usque
3493 489 3561 541 ad

1973 574 2495 643 trausmigrationem
2530 576 2748 630 totidem
2780 577 3155 645 generationes
3190 582 3559 649 reperiuntur;

1969 663 2133 734 239
2182 678 2471 731 rursuSque
2530 680 2696 734 usque
2746 666 2812 720 ad
2865 666 3141 720 Christum
3184 671 3560 739 generationes

1972 756 2376 824 qttatuordecitn
2399 773 2513 810 eum
2523 766 2791 825 putantur.

2042 847 2129 901 7t.
2175 847 2228 900 In
2285 848 2397 917 lege
2443 865 2655 917 quoque
2708 860 2897 918 quarto
2948 850 3160 904 decimo
3215 852 3302 907 die
3355 856 3560 911 mensis

1973 938 2126 1005 primi
2169 941 2363 1006 pascha
2403 942 2662 994 celebrari
2686 941 2904 1009 jubetur
2931 943 3001 997 de
3032 957 3194 997 carne
3223 945 3343 1014 agni
3371 947 3563 1001 imma-

1968 1029 2150 1082 ciilati.
2206 1028 2259 1080 In
2308 1030 2587 1083 Ezechiele
2615 1041 2791 1083 autem
2830 1031 3230 1099 quatuordecim
3259 1037 3564 1092 extenditur

1968 1120 2159 1172 cubitis
2200 1121 2417 1189 οτι-ρὶἀο
2470 1121 2706 1176 caelestis
2746 1122 2933 1177 altaris
2981 1121 3193 1194 (Ezech.
3248 1141 3401 1192 ant,
3448 1131 3560 1201 l7).

1969 1211 2382 1279 Quatuordecim
2416 1223 2674 1282 praeterea
2726 1216 2881 1270 annis
2908 1217 3133 1270 servivit
3160 1216 3327 1275 Jacob
3355 1221 3560 1277 Labant.

1968 1306 2379 1371 QUatuordecim
2399 1306 2523 1359 anni
2547 1305 2759 1360 luerunt
2789 1307 3043 1362 ubertatis
3071 1308 3273 1381 [Forte,
3307 1312 3563 1368 sterilita-

1971 1398 2037 1452 tis
2060 1408 2115 1453 et
2147 1397 2426 1471 ubertatis]
2460 1400 2511 1453 in
2541 1398 2773 1471 [Egypto
2801 1401 2901 1455 sub
2922 1401 3150 1470 .loseplt.

2045 1491 2135 1546 75.
2184 1492 2375 1545 Paulus
2402 1507 2613 1559 quoque
2645 1494 2918 1560 apostolus
2953 1502 3070 1561 post
3100 1507 3269 1547 annos
3306 1503 3564 1562 quatuor-

1968 1581 2141 1636 decint
2189 1581 2256 1635 ad
2299 1580 2769 1649 evangelizandutn
2819 1581 3062 1635 ascendit
3116 1582 3167 1636 in
3221 1582 3559 1647 Jerusalem,

1971 1672 2215 1726 Barnaba
2245 1687 2429 1726 secum
2474 1682 2525 1725 et
2556 1672 2679 1726 Tito
2704 1674 3016 1738 assumptis.
3061 1673 3203 1728 Idem
3235 1676 3564 1744 quatuorde-

255 1766 457 1819 civitas
493 1779 573 1817 xu
619 1764 807 1817 stadiis
849 1773 932 1819 83'.
974 1766 1206 1834 undique
1234 1780 1471 1831 versum,
1512 1777 1566 1822 et
1618 1768 1861 1836 ejusdem
1898 1786 1936 1844 Β
1968 1766 2073 1820 cim
2102 1766 2353 1834 Epistolis
2385 1766 2778 1835 prazdicationis
2810 1781 2925 1820 suae
2949 1782 3251 1821 sermonem
3279 1770 3562 1823 conclusit.

253 1857 500 1909 civitatis
531 1872 601 1909 ιιι
635 1867 908 1924 portarum
938 1858 1209 1926 ingressus
1238 1857 1481 1912 habetur.

335 1948 431 2002 69.
478 1949 577 2002 llic
600 1950 961 2002 duodenarius
982 1964 1238 2004 numerus
1266 1950 1441 2004 sexies
1479 1950 1862 2020 multiplicatus

255 2043 388 2098 [scit
429 2045 770 2112 septuaginta
813 2046 948 2099 duos
994 2044 1308 2113 discipulos,
1342 2044 1431 2114 qui
1466 2048 1613 2100 missi
1640 2056 1765 2101 sunt
1793 2048 1859 2102 ad

254 2135 665 2203 praedicandum
727 2150 819 2202 per
877 2145 1042 2189 totum
1102 2136 1356 2189 mundum
1414 2136 1470 2191 in
1526 2136 1859 2205 septuaginta

254 2227 468 2280 duabus
517 2226 714 2296 linguis
763 2226 1016 2282 divisum.
1065 2227 1191 2282 Item
1221 2228 1603 2297 multiplicatus
1658 2231 1708 2282 in
1740 2244 1860 2283 sese

254 2321 665 2375 efﬁcitcentntn
698 2319 1050 2390 quadraginta
1090 2330 1338 2389 quatuor,
1367 2322 1457 2390 qui
1486 2329 1569 2375 est
1610 2335 1859 2376 mensura

254 2426 539 2464 murorum
572 2409 893 2463 Jerusalem.
1796 2398 1799 2403 ’

321 2502 500 2572 238
521 2500 612 2554 70.
630 2500 772 2555 Idem
798 2503 913 2566 ipse
934 2515 1143 2570 quoque
1166 2500 1551 2571 multiplicatus
1584 2502 1705 2557 facit
1728 2518 1859 2557 cen-

246 2603 379 2646 tum.
406 2591 765 2661 quadraginta
810 2600 1038 2660 quatuor
1067 2591 1231 2645 millia
1270 2592 1623 2662 signatorum,
1670 2593 1721 2646 id
1751 2602 1854 2656 est,

246 2682 668 2739 universitatem
700 2696 1029 2737 sanctorum.
1064 2683 1327 2738 Praeterea
1357 2696 1411 2739 et
1440 2687 1491 2739 in
1526 2686 1855 2754 temporibus

245 2788 303 2829 et
326 2777 383 2828 in
406 2774 653 2844 partibus
673 2775 856 2828 mundi
881 2776 1132 2828 convenit
1159 2790 1411 2830 numerus
1428 2777 1549 2832 iste.
1566 2777 1853 2832 Duodecim

245 2870 399 2920 enim
433 2867 712 2921 mensibus
752 2866 928 2935 explet
954 2866 1031 2920 sol
1066 2868 1165 2921 iste
1189 2867 1417 2921 visibilis
1445 2884 1641 2922 annum
1678 2887 1689 2921 :
1723 2869 1851 2923 duo-

244 2958 431 3011 decim
478 2956 643 3010 etiam
692 2956 858 3010 ﬂabra
884 2966 1165 3011 ventorum
1209 2958 1521 3012 universum
1574 2970 1855 3028 peragrant

247 3049 541 3101 mundum.
568 3047 858 3100 Duodecim
881 3048 1041 3101 etiam
1067 3050 1211 3101 liora:
1234 3057 1358 3101 sunt
1379 3047 1503 3110 diei,
1532 3047 1855 3119 totidemque

244 3142 341 3192 but
358 3156 404 3193 ξιξ
426 3151 557 3193 sunt
587 3138 778 3193 noctis.

857 3228 1080 3284 CAPUT
1122 3229 1261 3283 XIV.

640 3321 717 3376 De
745 3323 955 3375 denario
995 3323 1216 3376 ternario
1257 3337 1485 3374 numero.

322 3435 417 3488 7i.
460 3432 724 3487 Denarius
754 3436 1008 3486 ternarias
1024 3449 1282 3488 numerus
1310 3442 1529 3504 propter
1559 3435 1655 3488 tria
1685 3446 1738 3490 et
1765 3435 1858 3490 de-

245 3533 370 3579 ceat
422 3524 675 3593 designat
730 3524 923 3592 legem,
978 3532 1033 3578 et
1080 3524 1468 3594 legislaturem,
1512 3525 1854 3594 Decalogum,

248 3615 529 3677 videlicet,
556 3624 612 3667 et
636 3613 970 3667 Trinitatem.
1001 3612 1383 3682 Competenter
1403 3623 1582 3668 autem
1630 3616 1715 3669 hic
1755 3632 1825 3670 nu

250 3726 439 3765 merus
468 3710 716 3780 apostolo
752 3709 917 3762 Paulo
943 3710 1247 3774 ascribitur,
1296 3710 1384 3778 qui
1432 3710 1671 3778 ejusdem
1715 3718 1857 3765 tenet

255 3801 473 3855 numeri
509 3801 685 3853 locum
716 3799 770 3853 in
798 3799 988 3853 ordine
1018 3799 1406 3867 apostolorum.

324 3893 421 3944 72.
465 3890 599 3946 Nam
649 3891 789 3946 idem
844 3901 968 3947 ante
1018 3892 1151 3963 legis
1177 3892 1385 3960 doctor,
1438 3904 1622 3961 postea
1662 3894 1856 3948 divinas

251 3982 542 4039 Trinitatis
572 3984 624 4037 in
646 3986 896 4054 gentibus
919 3985 1121 4039 exstitit
1142 3987 1483 4056 evangelicus
1517 3986 1854 4055 praedicator,

253 4080 409 4147 quasi
442 4077 630 4133 decem
664 4089 718 4134 et
748 4080 847 4133 tria
880 4089 1091 4133 tenens.
1143 4078 1292 4134 Unde
1317 4089 1371 4133 et
1413 4080 1525 4149 ipse
1559 4080 1853 4147 Benjamin,

254 4178 322 4231 de
360 4176 520 4246 cujus
550 4178 717 4244 stirpe
767 4174 964 4229 Paulus
1001 4185 1083 4229 est
1108 4185 1280 4240 ortus,
1312 4177 1363 4229 in
1397 4177 1536 4231 tribu
1571 4177 1726 4230 tertia
1758 4177 1857 4230 de-

253 4272 392 4326 cima
426 4276 792 4333 computatur,
824 4266 1073 4335 Ephraitn
1105 4275 1159 4321 et
1196 4266 1441 4321 Manasse
1489 4268 1855 4321 aunutneratis

262 4378 358 4433 pro
384 4359 594 4430 Ioseph
622 4359 676 4413 in
707 4360 896 4414 ordine
924 4358 1370 4429 patriarcharum.

875 4469 1103 4525 CAPUT
1143 4470 1258 4524 XV.

577 4564 656 4618 De
690 4564 899 4617 denaria
937 4564 1267 4630 quaternario
1304 4578 1534 4617 numero.

324 4656 417 4709 75.
464 4654 720 4709 Denarius
737 4654 1095 4720 qttaternarius
1118 4667 1393 4718 numerus,
1417 4653 1535 4722 quia
1559 4668 1627 4707 ex
1650 4653 1857 4709 duobus

255 4750 582 4821 septettariis
638 4755 869 4811 constat,
919 4748 1172 4815 gemitum
1231 4746 1386 4800 nobis
1435 4747 1690 4809 insinuat,
1741 4748 1856 4802 sive

259 4844 400 4896 hunc
447 4836 829 4907 temporalem,
868 4853 1031 4906 quem
1060 4847 1269 4892 veteres
1306 4839 1358 4891 in
1403 4838 1514 4893 otio
1561 4837 1856 4907 ﬁguraliter

258 4939 574 4997 utebantur,
623 4933 743 4987 sive
787 4932 937 4985 illum
990 4941 1272 4998 aeternum,
1306 4932 1361 4986 in
1389 4947 1496 5001 quo
1522 4948 1550 4985 a
1584 4932 1856 4989 laboribus

254 5028 373 5082 suis
421 5040 619 5080 omnes
668 5024 835 5077 s‘ancti
887 5032 1204 5090 exspectant
1257 5023 1523 5093 requiem.
1567 5024 1853 5094 Reperitur

254 5134 435 5176 autem
453 5120 609 5191 juxta
631 5118 981 5188 Evangelium
1000 5118 1052 5172 in
1068 5117 1508 5188 generationibus
1526 5127 1853 5187 temporum.

326 5301 417 5353 70.
464 5298 759 5352 Duodecim
788 5297 933 5353 horae
960 5298 1065 5354 diei
1097 5300 1149 5352 iit
1193 5298 1482 5368 Evangelio
1528 5313 1857 5354 commemo-

254 5381 468 5425 rantur.
502 5370 860 5441 Noxrquoqne
891 5380 1119 5436 quatuor
1148 5371 1339 5441 vigiliis
1381 5371 1683 5436 constabat,
1717 5387 1848 5423 una-

251 5458 484 5508 quaeque
514 5440 690 5508 vigilia
726 5442 893 5494 tribus
925 5441 1091 5495 boris.
1138 5440 1425 5510 Inzequales
1468 5451 1647 5494 autem
1693 5449 1850 5495 erant

252 5514 359 5565 diei
394 5513 683 5578 noctisque
710 5512 855 5563 hora!
887 5524 1319 5581 proﬁtemporum
1353 5512 1629 5566 varietate.

327 5582 418 5637 73.
464 5582 631 5648 Quem
662 5582 956 5635 utebantur.
986 5580 1277 5635 Isidoriana
1307 5581 1517 5650 phrasis
1546 5591 1647 5644 est,
1700 5588 1757 5634 ttt
1778 5596 1845 5635 ex

253 5650 373 5718 ejus
404 5654 707 5719 prmsertim
734 5666 861 5705 mss.
890 5652 1141 5721 operibus
1163 5667 1304 5719 saepe
1329 5661 1558 5707 constat.
1614 5651 1716 5706 Sed
1748 5665 1846 5719 pro

254 5726 502 5789 gemitum
550 5723 695 5795 aliud
743 5725 951 5778 videtur
989 5726 1373 5793 reponendum,
1424 5725 1564 5795 quod
1606 5724 1844 5794 requiem

1968 1858 2135 1910 Porro
2153 1857 2254 1912 Job
2275 1873 2369 1925 pro
2394 1857 2693 1915 tolerantia:
2724 1856 2932 1909 meritis
2959 1856 3363 1924 quatuordecim
3396 1858 3562 1910 millia

1962 1947 2147 2002 ovium
2182 1948 2232 1999 itt
2265 1947 2371 2007 line
2396 1945 2619 2015 recepit.
2655 1944 2792 1997 Puer
2823 1960 3035 2014 quoque
3066 1946 3116 1998 in
3147 1945 3562 2001 adolescentiam

1964 2050 2084 2109 post
2108 2056 2306 2093 annum
2331 2051 2576 2108 quartum
2600 2040 2867 2094 decimum
2889 2039 3101 2108 transit,
3127 2049 3286 2111 atque
3308 2043 3559 2112 gignendi

1959 2131 2211 2186 virtutem
2234 2146 2378 2185 anno
2403 2137 2596 2199 quarto
2624 2128 2834 2184 decimo
2862 2131 3047 2184 sumit.

2549 2241 2776 2297 CAPUT
2818 2242 2961 2297 XVI.

2403 2330 2480 2385 De
2516 2333 2863 2401 quindenario
2900 2349 3134 2388 numero.

2030 2442 2120 2497 76.
2166 2443 2557 2511 Quindenarius
2586 2459 2841 2498 numerus
2876 2446 3025 2513 juxta
3070 2446 3400 2502 decisionem
3431 2463 3558 2505 sua-

1963 2548 2081 2587 vem
2112 2534 2406 2602 rationum,
2434 2536 2557 2603 quia
2596 2550 2660 2589 ex
2709 2536 2878 2588 tribus
2910 2534 3146 2603 partibus
3174 2545 3402 2604 constat,
3457 2539 3559 2593 im-

1960 2625 2230 2695 perfectus
2282 2636 2384 2679 est.
2437 2626 2607 2680 llabet
2656 2627 2799 2681 enim
2833 2627 3082 2696 primam,
3116 2638 3170 2682 et
3219 2630 3454 2696 tertiam,
3504 2641 3559 2685 et

1958 2719 2197 2787 quintam
2247 2720 2639 2774 tantummodo.
2697 2719 2803 2774 Sed
2862 2720 3031 2789 prima
3080 2720 3199 2790 ejus
3250 2738 3411 2777 unum
3451 2733 3556 2789 est,

1957 2813 2142 2880 quinta
2175 2812 2293 2879 ejus
2344 2812 2447 2864 tria
2478 2823 2621 2878 sunt,
2659 2812 2812 2865 tertia
2845 2828 2972 2866 vero
3018 2813 3272 2882 quinque,
3316 2816 3405 2882 qui
3439 2816 3559 2870 eiii-

1956 2902 2108 2956 eiunt
2140 2918 2359 2956 novem.
2412 2903 2509 2957 llic
2534 2914 2711 2957 autem
2760 2904 2986 2974 mystice
3024 2904 3076 2957 in
3108 2904 3315 2959 duabus
3342 2905 3558 2962 decisus

1960 2997 2196 3064 partibus
2220 3004 2276 3051 et
2304 3012 2541 3066 prmsetts
2598 3009 2806 3066 tempus
2854 2996 3141 3068 signiﬁcat,
3188 3008 3244 3053 et
3294 3008 3555 3054 aeternum

1957 3086 2313 3139 demonstrat.

2031 3178 2118 3231 77.
2160 3177 2384 3232 Constat
2431 3176 2576 3233 enim
2632 3194 2697 3234 ex
2730 3190 2935 3249 septem
2968 3191 3023 3235 et
3051 3191 3195 3246 octo,
3227 3181 3319 3250 qui
3359 3183 3554 3238 faciunt

1964 3270 2292 3338 quindecim,
2326 3270 2421 3325 sed
2448 3279 2505 3325 et
2534 3278 2741 3340 septem
2772 3271 2891 3341 ejus
2920 3273 2983 3325 ad
3011 3282 3308 3342 temporum
3337 3291 3552 3330 rursum

1961 3360 2250 3431 pertineut,
2279 3362 2422 3431 quod
2451 3364 2658 3417 duobus
2687 3368 2924 3430 septenis
2953 3364 3242 3432 peragitur,
3276 3376 3397 3419 octo
3426 3381 3554 3421 vero

1962 3452 2028 3506 ad
2065 3455 2219 3506 ﬁdem
2252 3453 2497 3518 rationis,
2544 3453 2633 3507 ubi
2683 3453 2736 3507 in
2785 3464 2985 3509 aeterna
3037 3470 3167 3523 pace
3211 3458 3549 3526 gaudebitur.

1961 3546 2161 3599 Octavo
2190 3548 2329 3599 enim
2353 3546 2461 3613 die,
2492 3548 2582 3616 qui
2610 3556 2692 3601 est
2722 3558 2841 3617 post
2872 3548 3165 3603 Sabbatum
3199 3552 3419 3620 primus,
3448 3552 3553 3605 1)οο

1962 3638 2138 3692 minus
2182 3639 2494 3703 resurrexit,
2531 3637 2684 3709 cujus
2734 3641 2917 3709 ﬁgurae
2972 3642 3231 3712 mySterio
3278 3642 3554 3700 aeternitas

1961 3728 2150 3783 luturae
2182 3731 2600 3786 resurrectionis
2641 3731 3035 3787 manifestatur.
3066 3735 3338 3803 Siquidem
3387 3746 3440 3791 et
3469 3752 3554 3792 se-

1959 3828 2103 3888 ptem
2130 3820 2251 3891 ejus
2276 3837 2371 3889 pro
2394 3822 2612 3877 Sabbati
2638 3823 2786 3876 cultu
2808 3823 3210 3879 Testamentum
3237 3825 3400 3879 Vetus
3422 3826 3555 3880 insi-

1961 3921 2146 3964 nuaut.
2198 3910 2333 3965 Octo
2384 3927 2516 3966 vero
2566 3914 2686 3980 ejus
2730 3913 3052 3967 dominicam
3102 3917 3551 3971 resurrectionem

1959 4001 2168 4056 Novum
2200 4003 2603 4057 Testamentum
2626 4003 3027 4059 demonstrant.

2031 4095 2120 4149 78.
2165 4092 2331 4149 Recte
2359 4110 2488 4164 ergo
2522 4095 2609 4149 hic
2637 4109 2892 4150 numerus
2939 4094 3254 4149 societatem
3286 4096 3552 4167 signiﬁcat

1959 4188 2451 4244 Testamentorum.
2474 4189 2606 4243 Hinc
2626 4188 2863 4257 estquod
2889 4188 3164 4255 apostolus
3184 4188 3550 4261 Paulusquin-

1958 4282 2131 4336 decim
2155 4282 2343 4336 diebus
2371 4281 2422 4335 iit
2446 4281 2793 4352 Jerostilymis
2818 4296 2936 4336 cum
2955 4280 3118 4352 240
3134 4279 3295 4336 Petro
3316 4298 3376 4339 se
3402 4298 3551 4339 com-

1959 4388 2199 4429 morasse
2224 4384 2468 4441 testatur,
2504 4384 2561 4429 ut
2586 4391 2707 4428 cum
2737 4390 2802 4429 eo
2833 4383 3121 4444 utrumque
3147 4375 3548 4432 Testamentum

1956 4467 2249 4530 conferret,
2277 4475 2331 4520 et
2356 4467 2716 4535 septenarium
2750 4475 2966 4535 prOpter
3005 4477 3215 4534 tempus
3255 4468 3377 4521 vita:
3406 4483 3548 4536 pree-

1885 4545 1938 4603 D
1962 4561 2156 4627 sentis,
2200 4571 2253 4616 et
2293 4560 2628 4613 octonarium
2678 4568 2893 4628 propter
2918 4557 3109 4612 futurae
3138 4559 3549 4614 resurrectionis

1958 4665 2215 4711 aeternam
2247 4654 2657 4719 beatitudinem,
2689 4663 2751 4708 ut
2770 4653 3218 4708 animadverteret
3239 4654 3469 4722 qualiter
3492 4662 3548 4709 et

1961 4747 2277 4814 temporalia
2324 4755 2667 4816 temperaret,
2722 4756 2775 4801 et
2823 4754 3024 4800 aeterna
3076 4744 3347 4800 inltianter
3384 4759 3548 4815 appe-

1958 4848 2113 4895 teret.

2026 4934 2117 4989 79.
2159 4934 2254 4987 Hic
2283 4941 2460 4988 autem
2491 4932 2874 5009 qnindeuarius
2899 4946 3152 4986 numerus
3193 4932 3417 5001 mystice
3445 4930 3547 4986 do-

1959 5025 2155 5079 mittico
2184 5026 2469 5080 ascribitur
2497 5026 2717 5095 templo.
2746 5026 3059 5091 Quindecim
3088 5024 3285 5093 gradus
3315 5034 3467 5077 erant
3490 5026 3540 5077 in

1956 5120 2187 5175 circuitu
2238 5118 2469 5188 templi,
2520 5118 2571 5173 in
2628 5117 2823 5187 quibus
2867 5118 3178 5171 sacerdotes
3230 5124 3287 5171 et
3341 5115 3543 5171 Levita}

1955 5294 2203 5360 denotet;
2264 5295 2490 5349 fortasse
2528 5297 2805 5363 geminum,
2851 5302 2906 5348 ut
2934 5294 3280 5349 subaudiatur
3307 5308 3541 5367 septena-

1954 5382 2109 5422 rium.

2031 5436 2121 5491 76.
2166 5438 2345 5501 Forte,
2377 5452 2587 5488 suarum
2618 5451 2711 5501 pro
2742 5451 2968 5488 suavem.

2028 5508 2116 5561 77.
2162 5510 2214 5561 In
2244 5509 2366 5573 Ms.,
2394 5516 2584 5575 septem
2611 5522 2724 5561 vero
2752 5508 2820 5559 ad
2853 5508 3028 5575 ﬁdem.
3069 5506 3334 5572 Fortasse,
3368 5508 3539 5561 domi-

1954 5580 2124 5632 nicam
2164 5588 2600 5642 resurrectionem,
2648 5588 2693 5630 et
2744 5576 2947 5636 Novum
2995 5576 3390 5645 Testamentum,
3455 5579 3537 5634 vel

1955 5651 2131 5719 potius
2170 5665 2262 5719 pro
2292 5650 2545 5703 dominica
2584 5650 2949 5704 resurrectione
2994 5646 3197 5701 Nurum
3244 5648 3535 5705 Testamen-

1946 5730 2077 5775 tum.
