4064 6170
472 255 574 307 195

468 369 766 424 secundum
797 368 1042 424 ordinem
1073 364 1388 420 meritorum
1432 360 1696 423 astabant,
1729 354 1795 410 ad
1838 366 2067 423 quorum

470 464 631 518 etiam
662 463 964 529 exemplum
988 455 1294 527 quindecim
1335 452 1596 525 graduum
1629 448 1836 504 cantica
1871 445 2069 501 decan-

474 562 606 611 tavit
654 557 939 625 proltheta,
994 567 1088 620 per
1138 565 1272 619 quos
1311 563 1338 600 a
1389 544 1616 601 terrenis
1662 542 1913 614 paulatim
1951 553 2072 594 cre-

473 649 674 704 scendo
704 662 870 715 usque
894 646 957 697 ad
985 643 1241 711 templum
1276 638 1574 694 Jerusalem
1605 649 1837 705 superne
1866 630 2068 704 [Forte,

477 737 744 807 superum]
776 734 1169 788 conscenditur.
1202 734 1514 799 Quanquam
1568 727 1612 781 si
1648 742 1741 795 per
1795 720 2071 776 denarium

478 832 579 884 isre
626 840 880 879 numerus
929 831 1267 891 computatus
1307 828 1613 886 consurgat,
1665 825 1878 869 centum
1922 812 2076 880 quin-

478 921 733 990 quaginta
775 918 1034 987 psalmos,
1087 930 1222 982 quos
1272 913 1465 968 cecinit
1518 908 1800 977 PrOpheta,
1853 905 2076 958 demon-

475 1023 633 1068 strat.

550 1103 640 1158 80.
683 1102 845 1156 Certe
875 1102 917 1154 si
953 1100 1204 1168 paulatim
1244 1099 1311 1151 ah
1360 1112 1470 1151 uno
1517 1109 1685 1161 usque
1718 1092 1781 1144 ad
1814 1106 1871 1144 se
1903 1091 2074 1157 ipsum

482 1214 576 1267 per
624 1199 954 1252 incrementa
999 1201 1307 1261 consurgat,
1338 1207 1435 1245 cxx
1473 1189 1657 1243 ﬁdeles
1687 1187 1948 1255 designat,
1983 1198 2075 1235 su-

483 1304 579 1356 per
608 1302 742 1356 quos
771 1284 974 1339 illitlalIS
1000 1293 1082 1337 est
1112 1284 1340 1350 Spiritus
1369 1289 1607 1340 sanctus,
1641 1277 1729 1345 qui
1756 1284 1811 1329 et
1850 1289 1945 1342 per
1988 1288 2078 1325 se-

488 1377 786 1448 ptenatitnu
847 1390 1127 1428 numerum
1196 1370 1522 1440 st-ptifurmis
1586 1368 1805 1437 spiritus
1852 1363 2076 1434 gratiam

485 1480 837 1537 acceperunt,
861 1478 917 1522 et
942 1477 1035 1538 per
1056 1467 1389 1521 octonarium
1418 1477 1695 1516 numerum
1724 1466 1940 1513 asterua:
1966 1455 2080 1524 spei

486 1564 713 1634 gloriam
748 1560 946 1613 mundo
980 1557 1425 1627 praedicaverunt.

562 1653 652 1708 8|.
698 1655 827 1704 Sunt
855 1651 1014 1705 etiam
1055 1650 1311 1717 pleraque
1337 1647 1389 1700 in
1422 1641 1712 1712 Scripturis
1740 1639 1945 1694 numeri
1980 1637 2081 1692 hu-

1511 243 1568 299 S.
1612 238 1861 295 ISIDORI
1906 228 2345 291 IIISPALENSIS
2386 222 2689 282 EPISCOPI

2097 355 2143 408 Α
2172 344 2312 401 ratio
2342 343 2549 412 adjecta
2576 382 2592 405 ,
2624 349 2706 393 ter
2733 337 2847 391 seni
2874 335 3061 389 decem
3118 341 3173 386 et
3217 342 3339 385 octo
3385 330 3641 396 efﬁciunt,
3704 337 3761 385 et

3654 214 3757 271 195

2171 437 2393 508 explent
2423 434 2663 489 mulieris
2694 429 2938 501 ejusdem
2970 426 3203 497 typicutn
3234 435 3652 479 sacramentum.

2764 519 2987 574 CAPUT
3027 516 3169 571 XIX.

2604 616 2679 669 De
2708 613 3079 669 undevicesimo
3100 625 3329 663 numero.

2248 714 2337 765 87.
2384 708 2802 765 Undeviresimus
2834 719 3090 759 numerus
3119 699 3317 754 lunaris
3346 700 3481 769 cycli
3514 700 3766 753 enuclea-

2178 806 2283 859 tius
2337 804 2594 856 rationem
2647 797 3002 867 perstringit;
3059 796 3288 863 denique
3340 794 3389 845 iu
3440 794 3555 861 ejus
3604 807 3763 847 cursu

2181 895 2462 966 paschales
2489 904 2694 961 quartte
2721 891 2944 943 decima:
2974 888 3113 941 luna:
3147 888 3197 938 in
3230 884 3466 939 omnium
3500 899 3761 937 altlltzrum

2179 987 2509 1043 revolutioue
2553 984 2669 1038 sine
2710 983 2811 1035 ulla
2841 980 3189 1048 ambiguitate
3219 988 3547 1045 repetunmr.
3585 990 3768 1030 recur-

2182 1094 2332 1137 reute
2357 1093 2571 1148 semper
2600 1078 2650 1129 itt
2682 1089 2802 1129 sese
2834 1073 3075 1141 ejusdem
3113 1071 3298 1124 decem
3330 1069 3604 1123 uovenaiis
3632 1070 3765 1137 cyeli

2180 1191 2363 1239 cursu,
2395 1175 2481 1240 qui
2509 1171 2634 1225 dum
2667 1182 2832 1236 usque
2861 1166 2925 1217 ad
2962 1165 3119 1221 ﬁnem
3164 1163 3417 1215 circuitus
3446 1160 3525 1214 sui
3567 1160 3769 1229 peragi-

2184 1276 2290 1330 tur,
2314 1276 2498 1318 rursus
2529 1259 2731 1314 eisdem
2763 1255 2915 1311 lineis
2941 1295 2956 1319 ,
3003 1253 3197 1322 quibus
3228 1270 3254 1303 ει
3287 1251 3548 1321 principio
3582 1251 3766 1319 carpit,

2183 1354 2493 1411 revolvitur.

2686 1438 2846 1510 21.2
2874 1435 3103 1491 CAPUT
3146 1435 3264 1489 xx.

2785 1531 2860 1583 De
2898 1530 3171 1583 vicenario.

2258 1629 2349 1685 88.
2397 1627 2679 1682 Vicesimus
2722 1636 2934 1692 quoque
2984 1621 3265 1685 numerus,
3311 1618 3528 1673 secundi
3587 1633 3772 1672 versuti

486 1747 573 1815 jus
620 1744 886 1812 exempla.
933 1743 1127 1806 Quinta
1171 1740 1377 1793 decima
1416 1738 1555 1790 enini
1603 1735 1691 1790 die
1715 1732 2082 1787 solemnitales

2192 1722 2350 1776 linem
2384 1719 2617 1783 faciens,
2663 1714 2901 1784 partibus
2929 1714 3042 1765 suis
3074 1716 3351 1780 plusquam
3386 1712 3650 1778 perfectus
3680 1710 3771 1762 Ita-

490 1839 755 1907 ineipiunt
790 1837 1018 1900 Domini,
1054 1844 1108 1887 et
1135 1836 1315 1899 quinla
1346 1831 1550 1885 decima
1592 1830 1678 1883 die
1707 1826 1905 1881 mensis
1934 1824 2083 1879 festi-

491 1930 629 1983 vitas
654 1928 1141 1982 TalternaCulorum
1184 1935 1288 1987 est,
1340 1920 1393 1974 in
1432 1936 1533 1990 qua
1582 1919 1677 1973 ﬁlii
1711 1918 1868 1971 Israel
1897 1926 2082 1984 azyma

500 2022 733 2088 primunt
775 2018 1125 2073 comederunt
1149 2018 1199 2068 itt
1229 2029 1432 2077 eremo,
1465 2014 1801 2078 lixeruntque
1829 2007 2078 2062 tentoria.

496 2112 771 2179 Siquidem
831 2120 886 2165 et
946 2107 1204 2176 Ezechias
1258 2106 1495 2159 moriens
1547 2100 1848 2170 quindecim
1914 2109 2084 2150 annos

492 2212 851 2258 commeatum
883 2203 1004 2253 vitae
1030 2198 1254 2265 recepit.
1285 2196 1525 2250 Altitudo
1566 2193 1728 2247 etiam
1770 2191 1952 2244 diluvii
1983 2204 2083 2242 ex-

497 2310 751 2350 crescens
782 2293 999 2346 totidem
1027 2290 1222 2344 cubitis
1274 2288 1535 2341 montium
1580 2289 1702 2352 juga
1750 2281 2081 2335 conscendit.

501 2385 894 2440 Incrementuut
913 2390 1090 2435 autem
1109 2378 1290 2448 quinta
1312 2378 1517 2431 decima
1542 2376 1661 2427 luna
1687 2380 1867 2438 tenet;
1898 2370 2084 2441 quinto

495 2479 705 2533 decimo
736 2491 878 2530 anno
902 2474 1118 2528 indictio
1139 2470 1331 2524 solaris
1359 2467 1561 2521 ﬁnitur.

1066 2561 1288 2618 CAPUT
1330 2558 1492 2614 XVII.

873 2677 949 2731 De
990 2677 1203 2731 denario
1242 2672 1444 2727 senario
1484 2684 1722 2725 numero.

567 2773 657 2828 82.
701 2772 954 2825 Denarius
979 2768 1211 2823 senarius
1235 2775 1445 2823 constat
1482 2780 1550 2821 ex
1579 2762 1787 2817 duobus
1813 2758 2085 2829 perfectis,

501 2867 594 2937 qui
625 2876 803 2920 tamen
837 2866 916 2918 his
940 2864 1178 2933 partibus
1206 2863 1531 2915 continetur.
1580 2857 1749 2909 llabet
1788 2854 1928 2908 enim
1957 2866 2087 2905 sex-

500 2969 606 3013 tattt
630 2957 918 3021 decimam,
949 2955 1090 3023 quod
1120 2965 1200 3008 est
1229 2952 1387 3024 25.1
1415 2967 1611 3012 unum;
1647 2958 1913 3010 octavam,
1942 2945 2087 3014 quod

498 3050 634 3114 duo;
660 3060 927 3117 quartam,
957 3046 1099 3115 quod
1131 3055 1399 3114 quatuor;
1422 3039 1697 3097 dimidiam
1718 3081 1732 3106 ,
1758 3037 1899 3109 quod
1926 3046 2082 3101 octo;

497 3143 585 3210 qui
625 3142 825 3194 faciunt
853 3139 1108 3195 sedecim.

566 3230 657 3284 85.
699 3232 794 3285 Hic
828 3241 1003 3283 tamen
1040 3244 1133 3297 per
1160 3224 1473 3297 mySterium
1521 3222 1798 3295 prophetis
1843 3220 2085 3276 creditur

495 3324 817 3392 assignatus.
854 3323 1052 3374 Eorum
1079 3322 1226 3373 eum
1276 3319 1397 3371 libri
1439 3317 1675 3370 sedecim
1704 3330 1823 3368 ease
1856 3314 2087 3381 proban-

498 3424 606 3478 tur,
633 3415 683 3466 id
707 3424 808 3475 cst,
845 3414 1024 3479 Isaias,
1056 3411 1348 3474 Jeretnias,
1385 3409 1658 3472 Ezechiel,
1690 3406 1894 3468 Daniel,
1928 3404 2089 3470 Osee,

496 3507 642 3569 .loel,
679 3507 839 3559 Amos
862 3547 877 3569 ,
910 3505 1140 3567 Abdias,
1167 3503 1331 3557 Jonas
1354 3541 1369 3565 ,
1400 3500 1650 3555 Micbaaas
1673 3539 1689 3563 ,
1720 3497 1927 3551 Nahum
1948 3538 1962 3561 ,
1994 3498 2089 3549 lla-

500 3602 689 3664 bacuc,
723 3598 1013 3653 Malachias
1032 3634 1047 3659 ,
1079 3594 1414 3663 Sophonias,
1442 3593 1672 3660 Aggaeus
1701 3602 1753 3644 et
1780 3589 2088 3652 Zacharias,

498 3707 726 3759 quorum
769 3689 992 3758 ﬁguram
1042 3685 1278 3741 sedecim
1328 3684 1486 3737 bases
1533 3682 1640 3735 illa:
1689 3681 1969 3749 gestabant
1999 3692 2090 3732 ar-

500 3794 726 3854 genteas,
752 3786 804 3835 in
836 3780 1028 3850 quibus
1050 3778 1535 3833 deaurattetabula':
1563 3775 1979 3830 stabantcontra
2008 3789 2092 3827 oc-

504 3876 829 3932 cidentalem
866 3875 1094 3943 plagam.

574 3965 665 4021 84.
707 3967 867 4020 Bases
910 3965 1128 4033 quidem
1176 3963 1467 4032 prophetas
1516 3962 1884 4030 intelligimus,
1931 3973 2095 4029 super

504 4072 727 4127 quorum
757 4054 1255 4123 splendidissimum
1278 4051 1515 4106 vaticinii
1538 4051 1943 4106 fundamentum
1966 4064 2095 4103 con-

505 4150 647 4204 sistit
676 4146 1009 4215 amplissinta
1038 4145 1286 4198 doctrina
1317 4143 1709 4213 apostolorum.

1076 4253 1305 4309 CAPUT
1347 4253 1531 4309 XVIII.

895 4352 973 4407 De
1002 4353 1407 4406 duodevicesimo
1446 4369 1681 4408 numero.

2190 1820 2364 1873 betur.
2400 1813 2495 1867 llic
2526 1821 2703 1865 autem
2734 1824 2802 1863 ex
2828 1807 3027 1874 duplici
3074 1806 3330 1873 decalogo
3359 1814 3612 1857 con~tans
3632 1845 3648 1867 ,
3679 1804 3775 1856 de.

2188 1909 2364 1977 signat
2400 1905 2668 1976 geminam
2718 1900 2851 1969 legis
2890 1899 3207 1962 scientiam,
3258 1898 3410 1966 quasi
3449 1910 3689 1963 apt'l‘lum
3720 1906 3774 1948 et

2188 1998 2559 2054 absconditum
2583 2037 2598 2061 ,
2631 1994 2857 2062 simplex
2888 2004 2943 2044 et
2970 1992 3278 2061 mysticum.
3329 1989 3566 2043 Pertinet
3595 2000 3772 2042 autent

2188 2094 2255 2146 ad
2285 2089 2617 2145 tabernaculi
2649 2083 2900 2140 dominici
2946 2093 3363 2138 sacramentum.

2259 2183 2349 2239 89.
2393 2183 2471 2237 Ibi
2501 2196 2732 2249 namque
2775 2181 2840 2234 ad
2886 2181 3174 2232 australem
3216 2186 3270 2230 et
3298 2174 3773 2243 septentrionalem

2190 2279 2397 2348 plagam
2438 2276 2519 2331 bis
2549 2278 2701 2330 denae
2743 2274 2938 2327 tabulae
2978 2285 3139 2336 super
3165 2270 3320 2323 bases
3347 2270 3558 2321 Stabant
3586 2282 3777 2335 argen—

2190 2384 2335 2436 teas;
2379 2381 2433 2426 et
2479 2370 2532 2424 in
2576 2368 2815 2436 templo.
2856 2366 2997 2434 quod
3043 2364 3298 2419 Salomon
3331 2361 3645 2422 aediﬁcavit,
3676 2360 3776 2413 alae

2188 2468 2416 2520 duorum
2466 2461 2728 2517 cherubin
2781 2476 2845 2513 xx
2901 2459 3199 2512 cubitorum
3244 2471 3490 2509 mensura
3512 2453 3777 2507 diﬁunde-

2190 2558 2401 2610 bantur.
2457 2552 2621 2607 Datur
2668 2551 2828 2605 etiam
2872 2559 2927 2602 et
2973 2549 3056 2601 hic
3105 2561 3361 2600 numerus
3393 2546 3551 2599 Israel
3617 2557 3778 2611 atque

2191 2647 2349 2710 Levi;
2383 2644 2567 2714 viginti
2618 2644 2759 2697 enim
2801 2653 3064 2693 annorum
3094 2641 3158 2691 ad
3192 2638 3372 2705 praelia
3402 2637 3689 2704 eliguntur,
3722 2636 3780 2688 et

2194 2752 2265 2791 xx
2285 2750 2547 2790 annorum
2576 2729 2924 2787 tabernaculo
2957 2728 3230 2781 deservire
3253 2726 3595 2780 mandantur.

2779 2841 3009 2896 CAPUT
3048 2840 3189 2895 XXI.

2578 2953 2657 3009 De
2683 2954 2921 3008 vicesimo
2947 2964 3129 3021 quarto
3158 2968 3387 3005 numero.

2260 3050 2351 3107 90.
2397 3047 2640 3104 Vtcesimi
2686 3048 2858 3118 quarti
2904 3061 3110 3098 summa
3168 3047 3334 3099 multa
3384 3046 3438 3099 in
3487 3043 3777 3112 semetipsa

2146 3128 2162 3156 ¹
2190 3146 2588 3211 Scripturarum
2616 3146 2857 3195 c0utinet
2886 3148 3251 3199 sacramenta;
3287 3138 3427 3191 unde
3451 3148 3504 3192 et
3534 3148 3778 3191 sacratus

2191 3235 2597 3291 commendatur
2646 3235 2730 3285 hic
2762 3245 3039 3285 numerus.
3090 3229 3289 3299 Viginti
3349 3232 3492 3284 enim
3551 3241 3779 3297 quatuor

2190 3335 2315 3381 sunt
2340 3325 2461 3381 libri
2493 3326 2624 3394 legis
2641 3334 2693 3377 et
2720 3323 3123 3391 prOphetarum.
3153 3326 3337 3376 Patres
3360 3336 3572 3390 quoque
3593 3321 3780 3389 viginti

2190 3429 2245 3474 et
2291 3427 2519 3488 quatuor
2559 3425 2706 3469 sunt.
2754 3413 3044 3467 Duodecim
3075 3413 3301 3482 apostoli
3328 3457 3343 3481 ,
3375 3425 3427 3467 et
3458 3414 3781 3482 patriarchas

2193 3511 2433 3565 totidem.
2478 3505 2675 3575 Viginti
2724 3516 2952 3574 quatuor
2988 3506 3148 3558 etiam
3197 3504 3399 3560 classes
3437 3506 3777 3559 sacerdotum

2192 3603 2410 3655 fuerunt
2434 3599 2501 3651 ab
2539 3598 2689 3651 initio
2720 3597 2853 3665 legis
2884 3596 2934 3649 in
2970 3596 3163 3664 p0pulo
3193 3595 3521 3661 Judzeorum,
3555 3612 3673 3665 qua:
3704 3601 3785 3650 vi-

2193 3697 2371 3751 cissim
2407 3696 2457 3749 itt
2492 3695 2688 3763 templo
2714 3693 2915 3748 l'tosuas
2941 3694 3310 3747 immolabant.

2263 3788 2353 3841 9t.
2412 3786 2643 3855 Singula:
2689 3785 2890 3839 classes
2933 3784 3171 3852 singulos
3221 3781 3497 3851 pontiﬁces
3545 3797 3784 3837 summos

2195 3878 2482 3943 habebant,
2518 3892 2742 3946 quorum
2773 3875 3074 3929 nominibus
3096 3874 3297 3929 classes
3321 3874 3783 3942 ttuucupabautur.

2195 3972 2347 4039 Apud
2377 3970 2632 4024 Joannem
2663 3982 2874 4037 quoque
2916 3963 3100 4018 sedilia
3149 3965 3335 4034 viginti
3376 3976 3600 4033 quatuor
3634 3975 3781 4031 sunt,

2196 4072 2251 4117 et
2275 4061 2456 4131 viginti
2482 4072 2706 4129 quatuor
2730 4059 2968 4113 seniores
2993 4070 3231 4111 tenentes
3258 4056 3493 4110 citharas
3546 4064 3599 4109 et
3629 4055 3784 4124 phia-

2200 4157 2295 4218 las,
2328 4164 2381 4207 et
2407 4153 2689 4207 adorantes
2721 4153 2925 4219 Agnum
2948 4189 2963 4214 ,
2988 4163 3178 4217 nempe
3205 4156 3261 4203 et
3289 4155 3515 4216 quatuor
3536 4146 3787 4200 animalia

2198 4260 2326 4298 xxiv
2357 4245 2471 4298 alas
2495 4242 2781 4297 habebant.
2818 4239 2933 4309 Ipse
2960 4249 3138 4294 autem
3164 4241 3344 4307 viginti
3368 4248 3591 4307 qu..tuor
3611 4238 3792 4291 senio-

2200 4350 2319 4388 rum
2362 4349 2632 4398 numerus,
2664 4334 2708 4385 si
2748 4331 2817 4386 ab
2846 4346 2953 4385 uno
2975 4330 3235 4398 incipieits
3267 4329 3515 4398 paulatim
3542 4328 3792 4381 addendo

578 4447 665 4504 85.
702 4446 1152 4501 Duodm‘cesimus
1173 4459 1202 4497 a
1226 4444 1438 4499 senario
1462 4459 1557 4513 per
1581 4444 1859 4499 denarium
1890 4442 2085 4517 [θοι-ιε,

2202 4441 2371 4494 usque
2390 4422 2456 4477 ad
2478 4425 2796 4478 vicesimum
2825 4432 3071 4491 quartum
3105 4422 3406 4489 pervenias,
3432 4420 3650 4473 trecenti
3671 4417 3793 4471 elﬁ-

2237 4519 2246 4527 .
2337 4529 2343 4531 _
2710 4518 2764 4531 ν.
2972 4515 2987 4531 .
3436 4511 3563 4531 ,μη
3600 4511 3753 4531 πη.-

509 4556 606 4609 per
656 4536 970 4609 ternarium]
1024 4534 1390 4605 adimplelur,
1450 4536 1540 4605 qui
1591 4551 1685 4590 sex
1740 4544 1924 4589 aetates
1972 4547 2095 4589 sunt

512 4632 718 4695 mundi,
745 4630 897 4696 cujus
920 4632 1131 4682 senaria
1161 4629 1329 4681 series
1358 4627 1623 4695 tripertita
1651 4625 1860 4679 ratione
1891 4635 2099 4696 tempo-

512 4737 626 4774 rum
669 4720 1033 4788 distribuitur,
1074 4719 1125 4772 id
1159 4727 1262 4782 est,
1297 4728 1424 4772 ante
1451 4717 1648 4786 legero,
1680 4717 1779 4771 sub
1824 4717 1963 4787 lege,
1997 4717 2100 4770 sub

510 4813 679 4882 gratia
703 4850 720 4875 ,
751 4811 803 4864 in
836 4825 937 4880 qua
982 4810 1136 4863 tertia
1165 4809 1466 4864 ostenditur
1494 4818 1888 4862 sacramentum
1931 4808 2096 4874 ﬁdei,

511 4905 650 4971 quod
682 4903 746 4955 ad
779 4903 1006 4954 salutem
1021 4901 1319 4954 animarum
1339 4898 1678 4969 suscipimus.
1698 4898 1867 4965 Hujus
1889 4900 2096 4954 numeri

514 4998 826 5068 mysterium
856 4996 1162 5064 evangelica
1193 4993 1387 5048 mulier
1431 4994 1517 5047 illa
1542 5032 1560 5059 ,
1610 5000 1794 5063 typum
1843 4992 2100 5046 Ecclesiae

512 5102 725 5155 gerens,
747 5088 1037 5155 expressit,
1064 5100 1179 5153 quae
1206 5098 1234 5135 a
1267 5083 1493 5137 Domino
1520 5093 1640 5152 post
1684 5092 1807 5137 octo
1833 5092 1890 5137 et
1914 5083 2102 5139 decem

514 5193 683 5232 annos
712 5188 891 5232 erecta
920 5186 1080 5245 atque
1110 5187 1297 5229 sanata
1328 5185 1435 5229 est.

590 5265 681 5321 86.
722 5268 1049 5337 Redemptor
1075 5267 1219 5321 enim
1252 5275 1434 5321 noster
1461 5275 1610 5320 sexta
1641 5274 1798 5319 aetate
1826 5266 2103 5320 descendit

516 5358 583 5412 ad
615 5357 841 5413 salutem
871 5370 1130 5425 nostram,
1160 5358 1314 5428 cujus
1343 5358 1540 5413 senarii
1572 5358 1775 5410 numeri
1801 5355 1985 5412 formis
2012 5358 2099 5411 illa

590 5516 679 5598 8|.
724 5517 822 5598 Illis.
846 5517 1041 5598 .Codex
1073 5520 1151 5572 sic
1180 5519 1452 5598 Italtebat_:
1489 5514 1900 5598 ln‘elementum
1935 5524 2110 5598 autem

519 5590 695 5655 quinta
743 5590 943 5641 decima
984 5591 1105 5642 luna
1138 5599 1307 5654 terra,
1338 5590 1514 5659 quinto
1542 5588 1741 5641 decimo
1770 5602 1906 5639 anno
1930 5585 2111 5639 inditio

530 5660 712 5710 coloris
727 5660 939 5784 gnitur.

594 5729 683 5782 8'2.
772 5738 939 5781 etiam

594 5729 683 5782 δὲ.
727 5724 939 5784 Sextum
965 5729 1232 5783 decimam.
1267 5729 1507 5798 Intellige
1534 5740 1747 5796 partem.
1777 5728 1900 5783 Mox
1930 5724 2112 5795 legen-

2205 4519 2434 4585 ciuutur,
2470 4534 2562 4588 per
2591 4530 2725 4586 quos
2751 4515 3024 4584 longitudo
3052 4529 3211 4577 arcte,
3238 4514 3286 4567 id
3309 4522 3412 4577 est,
3435 4511 3567 4564 ﬁdes
3600 4511 3789 4564 Eccle-

2208 4618 2303 4668 sia:
2327 4613 2675 4684 signiﬁcatur,
2706 4612 2757 4664 in
2783 4624 2885 4679 qua
2915 4607 3118 4662 inﬁnita
3155 4616 3465 4661 sanctorum
3511 4602 3795 4657 multitudo

2207 4706 2446 4763 omnium
2473 4707 2798 4761 continetur.

2278 4799 2370 4856 92.
2401 4800 2665 4853 Praeterea
2688 4813 2753 4851 ex
2774 4794 2980 4849 duobus
3007 4790 3269 4848 duodenis
3295 4788 3531 4843 numeris
3555 4783 3797 4840 vicesimi

2209 4895 2382 4963 quarti
2424 4891 2631 4946 numeri
2664 4886 2823 4960 253
2853 4900 3061 4941 summa
3089 4884 3410 4951 completur,
3436 4894 3535 4949 per
3559 4896 3691 4949 quos
3721 4879 3801 4933 si-

2208 4985 2495 5055 gniﬁcatur
2517 4984 2752 5037 Ecclesia
2781 4988 2838 5035 et
2867 4995 2931 5034 ex
2956 4976 3365 5032 circumcisione
3390 4989 3436 5029 et
3463 4989 3525 5026 ex
3549 4970 3804 5040 gentibus

2208 5089 2548 5147 congregata.
2595 5076 2775 5144 Itaque
2796 5084 2848 5128 et
2876 5074 2918 5125 si
2970 5080 3189 5125 octavus
3220 5082 3472 5123 numerus
3522 5064 3805 5131 tripliciter

2210 5180 2583 5238 computatur,
2633 5167 2821 5235 inquo
2850 5179 2989 5217 vera:
3038 5173 3090 5216 et
3130 5171 3330 5216 sancta:
3378 5156 3806 5213 circutnc;sionis

2213 5264 2481 5331 ﬁguraest,
2513 5258 2826 5313 vicesinutu
2857 5266 3101 5324 quartum
3133 5267 3412 5307 numerum
3441 5252 3582 5313 facit,
3617 5249 3667 5301 iu
3691 5263 3806 5315 quo

2212 5354 2505 5423 ﬁguraliter
2535 5352 2844 5415 edocemur,
2864 5350 3073 5414 iuampu
3090 5348 3289 5399 latione
3311 5343 3557 5397 vitiorum
3580 5338 3812 5394 credere

2213 5513 2339 5568 dum
2375 5511 2586 5567 videtur
2609 5512 2695 5579 qui
2722 5510 2916 5580 faciunt
2941 5506 3248 5577 quindecim.

2286 5585 2377 5639 87.
2419 5583 2475 5637 In
2507 5573 2749 5636 Msfera't
2776 5583 2907 5649 cycli
2937 5573 3118 5633 circuli
3157 5590 3344 5640 cursu;
3374 5573 3549 5629 delevi
3585 5573 3819 5640 circuli,

2218 5656 2362 5728 quod
2390 5656 2600 5712 videtur
2630 5655 2827 5722 glossa.
