4034 6148
215 248 317 300 ΓΠ

785 238 990 294 LIBER
1029 234 1473 294 NUMERORUM
1514 234 1629 303 QUI
1676 234 1739 288 IN
1780 230 2069 289 SANCTIS
2107 228 2517 286 SCRIPTURIS
2556 227 3003 285 OCCURRUNT.

3419 233 3521 289 I93

216 372 319 410 nos
344 354 544 408 debere
571 352 623 406 in
658 350 900 416 Patrem,
930 359 987 405 et
1018 348 1232 412 Filium,
1265 359 1320 402 et
1360 348 1621 416 Spiritum
1667 360 1822 400 sane.
1853 349 1898 405 Α
1932 344 2312 413 praetendimus
2343 358 2583 412 regnum.
2637 342 2768 397 Nam
2802 342 2952 407 illud,
2999 343 3142 412 quod
3175 346 3517 418 quadraginta

216 460 358 501 turn.

290 539 383 591 93.
411 535 554 589 Idem
578 534 739 587 etiam
762 548 1015 586 numerus
1028 531 1360 601 septuaginta
1384 530 1519 584 duos
1536 529 1829 600 discipulos

217 630 485 687 ostendit,
522 641 653 694 quos
682 625 937 677 Dominus
965 623 1119 677 binus
1145 634 1270 675 ante
1298 622 1482 675 faciem
1513 637 1663 675 suam
1695 637 1831 689 pra:-

219 720 391 781 mi~it,
427 719 663 772 ternario
696 730 921 768 numero
961 714 1013 767 itt
1061 729 1119 767 se
1166 713 1537 780 multiplicato.
1591 710 1831 779 Denique

220 816 307 862 ter
336 807 504 861 vicies
527 806 771 876 quaterni
804 804 1134 874 septuaginta
1165 803 1272 856 duo
1300 802 1515 855 faciunt.
1546 800 1675 854 Nam
1704 813 1757 854 et
1787 801 1830 854 si

221 903 405 956 sexies
428 912 679 968 quartum
709 914 990 952 numerum
1021 906 1301 965 supputes,
1332 906 1388 951 et
1417 905 1647 963 quatuor
1680 910 1830 963 pra:-

223 994 367 1047 ferre
399 994 666 1047 elementa
710 990 912 1053 mundi,
945 989 995 1041 in
1025 988 1217 1055 quibus
1248 997 1439 1041 cuneta
1483 986 1787 1040 subsistunt
1814 1026 1830 1048 ,

224 1095 285 1139 et
312 1084 403 1150 qui
436 1093 564 1135 sunt
591 1080 643 1134 in
668 1081 919 1147 operibus
940 1080 1120 1139 mundi
1153 1077 1333 1149 hujus,
1368 1079 1421 1132 in
1451 1093 1556 1147 quo
1578 1077 1693 1147 ipsa
1715 1080 1832 1133 ele-

236 1188 422 1232 menta
453 1174 775 1230 subsistunt.

817 1263 1044 1318 CAPUT
1098 1262 1262 1317 XXII.

721 1354 798 1408 De
829 1355 1100 1407 tricenario
1123 1371 1352 1406 numera.

307 1449 403 1503 9i.
448 1445 787 1500 Trirettarius
838 1460 1096 1499 numerus
1137 1460 1204 1499 cx
1252 1444 1475 1497 denario
1523 1441 1839 1497 triformiter

233 1543 417 1611 posito
442 1549 866 1595 causununatur.
921 1537 1090 1592 Habet
1130 1537 1269 1592 enim
1301 1536 1575 1591 denarium
1610 1550 1688 1589 tcr
1720 1552 1843 1605 pro-

236 1646 357 1699 pter
411 1631 649 1696 Patrem,
706 1640 760 1684 et
807 1630 1019 1693 F—iliutn,
1070 1637 1125 1684 et
1171 1627 1428 1699 Spiritum
1475 1639 1743 1694 sanctum,
1787 1640 1842 1682 et

1933 438 2123 491 diebus
2158 437 2414 491 Dominus
2446 446 2679 491 tentatur
2710 438 2761 491 in
2794 451 2997 503 eremo,
3024 438 3075 491 id
3107 439 3366 505 declarat,
3398 446 3520 513 quia

1934 533 2166 599 quandiu
2194 530 2244 583 in
2270 532 2370 583 hoc
2393 545 2617 599 corpore
2644 545 2851 595 sumus,
2876 530 3197 586 tentationes
3228 545 3521 601 portamus.

1935 624 2171 675 ’I‘entatio
2201 634 2273 675 est
2303 624 2437 675 enim
2460 665 2475 688 ,
2509 631 2565 676 ut
2590 625 2665 676 ait
2692 620 2793 677 Job
2813 663 2827 687 ,
2865 624 2969 676 vita
2998 623 3221 677 humana
3247 642 3401 695 super
3425 635 3530 681 ter-

1934 732 2044 768 ram
2072 715 2214 787 (Job.
2246 731 2339 779 νη,
2368 718 2446 783 1).

2008 809 2095 862 90.
2141 809 2275 861 llinc
2319 814 2401 861 est
2452 804 2591 875 quod
2647 805 2895 859 Ezechiel
2944 805 3293 875 quadraginta
3337 808 3528 862 diebus

1937 900 2063 952 solis
2118 909 2333 967 peccata
2385 894 2588 950 .ludaza:
2622 897 3000 963 pronuntiavit,
3051 898 3173 964 quia
3216 906 3423 951 tantum
3474 899 3527 952 in

1941 989 2040 1043 hoc
2072 990 2273 1043 mundo
2304 990 2506 1040 lic‘tutn
2538 996 2620 1040 est
2648 987 2982 1041 remissionis
3013 988 3239 1041 fructum
3273 990 3528 1059 consequi

1939 1082 2325 1151 pmnitentiam.
2363 1082 2416 1132 In
2444 1080 2619 1132 futuro
2645 1088 2821 1131 autem
2848 1079 2976 1132 nihil
3002 1090 3216 1147 prmstat
3239 1064 3526 1146 confessio,

1939 1171 2032 1226 sed
2061 1170 2172 1224 sola
2207 1180 2509 1225 sanctorum
2543 1180 2595 1224 et
2628 1172 2833 1237 piorum
2880 1170 3053 1226 futura
3103 1183 3185 1227 est
3225 1172 3524 1228 retributio.

2512 1258 2739 1313 CAPUT
2780 1259 2971 1313 XXIV.

2262 1348 2342 1400 De
2370 1350 2763 1419 quadragesimo
2792 1358 2951 1401 sexto.
2978 1364 3211 1403 numero.

2215 1441 2339 1496 I00.
2386 1443 2772 1512 Quadraginta,
2832 1443 3057 1507 scilicet,
3090 1452 3143 1496 et
3171 1459 3262 1496 sea:
3290 1458 3537 1499 numero—

1944 1552 2061 1589 rutu
2115 1536 2249 1588 ratio
2298 1537 2348 1587 in
2382 1532 2677 1603 Evangelio
2724 1549 2819 1603 pro
2853 1535 3048 1602 templo
3077 1533 3403 1598 aediﬁcatur;
3448 1537 3536 1605 qui

1948 1625 2181 1679 refertur
2203 1626 2267 1677 ad
2293 1626 2548 1679 fabricam
2572 1626 2828 1679 dominici
2854 1626 3113 1693 corporis,
3145 1634 3360 1694 propter
3381 1642 3537 1695 quam

236 1730 463 1789 propter
492 1722 678 1773 decem
711 1727 975 1786 prmcepta
1007 1716 1160 1785 legis,
1193 1731 1311 1785 qua:
1339 1716 1491 1771 nobis
1520 1719 1664 1772 dono
1691 1718 1837 1787 ejus-
1874 1724 1917 1783 Β
1949 1718 2129 1785 templi
2158 1718 2362 1770 mentio
2387 1718 2523 1769 facta
2552 1730 2662 1779 est;
2690 1716 2738 1768 in
2768 1715 2924 1784 cujus
2955 1717 3177 1785 figuram
3212 1718 3466 1787 templum
3509 1734 3538 1771 a

240 1812 364 1863 dem
400 1810 682 1864 Trinitatis
696 1809 762 1862 ad
780 1809 1244 1863 conservationem
1274 1810 1395 1861 vita:
1418 1823 1671 1863 concessa
1693 1823 1837 1866 sunt.

236 1906 377 1961 Iltnc
405 1916 490 1957 est
521 1903 661 1973 quod
693 1918 834 1957 arca:
874 1903 1099 1957 altitudo
1152 1903 1363 1973 triginta
1389 1902 1580 1957 cubitis
1602 1903 1841 1972 erigitur,

233 2000 361 2063 quia
400 1994 640 2050 Ecclesia
669 1994 915 2064 Decalogi
949 1994 1197 2048 mandato
1228 1995 1331 2049 (ide
1375 1993 1649 2048 Trinitatis
1681 1996 1843 2064 perii-

238 2092 403 2151 ritur,
434 2087 592 2155 cujus
622 2087 865 2154 exempla
900 2086 949 2139 in
993 2086 1283 2154 Seripturis
1328 2086 1447 2139 talia
1481 2090 1843 2155 reperiuntur.

308 2178 403 2233 95.
449 2178 509 2231 In
534 2178 795 2232 Zacharia
826 2178 969 2232 enim
1001 2177 1260 2232 Dominus
1306 2179 1519 2248 triginta
1561 2194 1849 2247 argenteos

240 2274 480 2340 pretium
503 2287 614 2324 sua:
642 2274 830 2325 mortis
862 2271 1092 2338 accepit,
1113 2282 1165 2324 et
1190 2271 1241 2323 in
1266 2271 1555 2343 Evangelia
1578 2271 1848 2327 Chrismm

238 2364 414 2419 Judas
470 2360 693 2415 totidem
748 2361 1021 2431 argenteis
1068 2362 1413 2415 venundavit.
1467 2363 1582 2431 Ipse
1639 2379 1851 2431 quoque

244 2454 514 2507 Dominus
532 2460 586 2505 et
610 2450 856 2505 Salvator
879 2460 1059 2503 noster
1081 2451 1267 2504 eadem
1294 2460 1449 2504 mtate
1478 2450 1532 2505 in
1563 2451 1849 2507 Jordanem

239 2542 551 2602 descendit,
599 2551 654 2594 et
682 2540 881 2593 mundo
914 2539 1260 2609 Evangelium
1304 2541 1639 2609 prtedicav-it.
1671 2544 1855 2613 Siqui-

239 2636 372 2691 dem
405 2646 462 2690 et
498 2635 801 2688 tricesimus
816 2635 1434 2703 fructusc0uiugatorum
1459 2638 1617 2691 datur
1642 2646 1856 2706 propter

240 2727 427 2783 carnis
460 2726 797 2790 conflictum,
832 2742 897 2781 ne
928 2725 1150 2779 libidine
1176 2738 1522 2795 superentur.

314 2821 412 2875 96.
458 2821 675 2875 Menses
704 2835 914 2889 quoque
939 2819 1156 2873 tricenis
1188 2820 1374 2875 diebus
1402 2821 1727 2887 consistunt;
1763 2823 1862 2877 ho—

243 2930 431 2983 rzeque
453 2913 681 2967 totidem
711 2909 877 2983 244
904 2913 1185 2965 momentis
1213 2912 1590 2978 conficiuntur,
1620 2923 1779 2984 atque
1806 2916 1857 2969 in

245 3006 497 3058 omnium
544 3019 723 3057 rerum
778 3017 1234 3071 personarumque
1297 3003 1613 3072 repetitione
1664 3005 1861 3060 tricen-

246 3097 397 3149 nalis
426 3109 696 3146 annorum
726 3092 959 3160 objectio
989 3092 1146 3145 linem
1184 3089 1351 3158 ponit.

826 3180 1053 3235 CAPUT
1092 3180 1281 3235 XXIII.

660 3271 737 3325 De
772 3273 1187 3341 quadragenario
1227 3289 1459 3325 numero.

323 3366 415 3422 97.
465 3366 931 3436 Quadragenart’us
957 3380 1209 3418 numerus
1242 3365 1624 3434 plenitudinem
1656 3368 1854 3425 iudicat

249 3470 588 3529 temporum.
624 3468 873 3527 tanquam
904 3472 968 3512 eo
995 3458 1189 3511 smcnla
1212 3470 1673 3527 consummantur,
1704 3463 1857 3532 cujus

256 3552 466 3606 numeri
503 3563 633 3621 typo
657 3560 710 3603 et
731 3550 839 3615 lex,
861 3560 912 3604 et
936 3550 1229 3618 prophetae,
1264 3561 1314 3604 et
1344 3552 1623 3621 Evangelia
1679 3573 1859 3611 mons-

258 3652 495 3705 trantur;
532 3639 892 3709 quadragenis
908 3639 1049 3694 enim
1069 3640 1257 3693 diebus
1291 3641 1521 3712 Moyses,
1545 3656 1598 3698 et
1622 3645 1789 3714 Elias,
1806 3659 1859 3703 et

260 3737 522 3789 lictninus
553 3732 939 3802 jejunaveruut
963 3775 977 3798 ,
1012 3730 1313 3799 pra-bootes
1340 3735 1492 3787 nobis
1516 3737 1859 3805 significatio—

258 3844 403 3891 nem,
431 3839 487 3879 ut
508 3823 747 3895 quandiu
776 3821 829 3875 in
856 3824 956 3876 hoc
996 3823 1194 3876 saaculo
1224 3825 1585 3892 consistimus,
1610 3843 1637 3880 a
1656 3831 1860 3883 eunetis

256 3918 540 3971 illecebris
606 3913 907 3968 carnalium
963 3913 1211 3967 vitiorum
1282 3916 1643 3986 nosmetipsos
1696 3922 1861 3974 absti-

258 4016 803 4075 neamus,maneutes
825 4005 923 4058 sub
945 4007 1349 4061 conservatione
1364 4009 1609 4082 Decalogi
1630 4028 1862 4082 prtecep-

263 4111 440 4153 torum
460 4140 478 4165 ,
527 4099 619 4167 qui
667 4112 765 4165 per
810 4096 969 4151 ﬁdem
1001 4099 1052 4151 itt
1086 4107 1311 4168 quatuor
1341 4102 1520 4155 mundi
1552 4114 1731 4172 partes
1761 4107 1863 4160 dif-

262 4193 527 4253 tunditur,
578 4201 634 4243 ut
680 4191 861 4245 decies
911 4200 1099 4259 quater
1146 4192 1302 4247 ducta
1349 4195 1693 4267 quadraginta
1748 4202 1863 4256 dies

263 4284 621 4350 impleantur.

334 4376 428 4430 98.
474 4375 591 4428 Hoc
632 4372 1071 4441 significaverunt
1116 4376 1467 4447 quadraginta
1495 4382 1612 4437 dies
1642 4385 1822 4440 diluvii
1847 4428 1861 4452 ,

1881 3083 1929 3146 C

1944 1809 2143 1863 Judaeis
2172 1808 2507 1861 destructum
2533 1808 2712 1861 triduo
2746 1808 3037 1861 citatorum
3071 1824 3129 1862 se
3157 1823 3278 1863 e-se
3308 1810 3537 1867 dicebat.

1947 1904 2216 1958 Numerus
2254 1902 2395 1955 enim
2429 1902 2543 1971 ipse
2588 1902 2834 1955 senarius
2884 1901 3267 1969 multiplicatus
3315 1917 3542 1972 concep-

1950 2004 2061 2047 tum
2102 1992 2335 2061 Virginis
2367 2002 2422 2046 et
2452 2001 2662 2061 partum
2696 1992 2952 2047 ostendit.
2988 1993 3245 2047 Dixerunt
3274 1995 3415 2046 enim
3444 1997 3490 2046 ei
3527 2010 3539 2046 :

1953 2086 2311 2156 Quadraginta
2352 2097 2400 2139 et
2455 2102 2545 2140 sex
2600 2087 2751 2140 annis
2808 2086 3120 2154 redi/iratum
3177 2098 3249 2140 est
3298 2088 3542 2157 templum

1952 2177 2133 2250 (Joan.
2164 2194 2223 2243 tt,
2254 2180 2369 2245 ‘20).

2030 2272 2159 2326 IOI.
2185 2270 2517 2339 Quadragies
2564 2267 2742 2323 sexies
2782 2268 2896 2322 seni
2932 2267 3059 2320 fiunt
3082 2268 3294 2321 ducenti
3326 2278 3545 2338 septua-

1953 2365 2095 2433 ginta
2122 2378 2238 2425 sex,
2270 2362 2360 2430 qui
2393 2376 2647 2414 numerus
2674 2360 2883 2414 dierum
2926 2360 3161 2428 cetnplet
3189 2368 3311 2413 octo
3333 2376 3547 2413 menses

1954 2454 2158 2529 [ἴοι-ιε,
2192 2468 2381 2506 novem
2415 2449 2683 2522 menses],
2717 2461 2771 2503 et
2805 2466 2896 2503 sex
2949 2451 3062 2503 dies
3089 2492 3104 2514 ,
3153 2450 3344 2518 quibus
3398 2450 3549 2503 femi-

1958 2561 2144 2598 narum
2202 2545 2494 2613 perfectum
2542 2552 2755 2611 tempus
2788 2542 3024 2613 pariendi
3058 2543 3408 2610 coutperitur,
3444 2557 3547 2596 non

1957 2642 2080 2706 quia
2134 2644 2318 2705 partus
2345 2634 2501 2703 hujus
2533 2634 2741 2687 numeri
2784 2634 3016 2687 termino
3060 2634 3413 2701 rompleatur,
3455 2633 3551 2687 sed

1958 2732 2081 2801 quia
2117 2731 2168 2783 in
2200 2731 2553 2797 conceptione
2589 2728 2842 2781 dominici
2865 2727 3110 2795 corporis
3144 2742 3311 2796 usque
3334 2728 3397 2779 ad
3433 2742 3552 2795 par-

1963 2832 2071 2875 tum
2103 2821 2241 2875 idem
2270 2835 2527 2874 numerus
2562 2819 2853 2872 invenitur.
2885 2818 3085 2873 Octavo
3112 2820 3253 2871 enim
3286 2817 3552 2872 Kalendas

1965 2914 2164 2981 Aprilis
2199 2914 2518 2980 [medicatur
2557 2926 2678 2965 esse
2707 2919 3017 2977 conceptus,
3065 2920 3121 2965 et
3142 2920 3333 2965 octavo
3358 2909 3550 2966 Kalen-

1963 3005 2058 3059 das
2086 3004 2325 3058 Januarii
2358 3016 2511 3056 natus
2547 3018 2666 3056 esse
2710 3003 2983 3070 probatur.

2035 3094 2157 3151 102.
2200 3096 2280 3147 Ab
2328 3094 2418 3147 illo
2470 3110 2595 3162 ergo
2648 3094 2737 3147 die
2782 3108 2950 3160 usque
3006 3094 3070 3146 ad
3128 3093 3287 3147 istum
3335 3096 3554 3149 ducenti

1959 3191 2295 3257 septuaginta
2325 3197 2381 3240 et
2410 3202 2505 3239 sex
2544 3185 2663 3239 dies
2695 3186 3063 3250 inveniuntur,
3113 3187 3303 3254 quibus
3332 3202 3556 3255 compu—

1960 3282 2084 3334 tatis
2138 3296 2233 3346 per
2280 3279 2550 3333 senarium
2631 3294 2914 3331 numerum
2989 3279 3308 3348 quadragies
3375 3281 3553 3335 sexies

1958 3372 2300 3442 aditnpletur.
2332 3372 2450 3438 Quo
2472 3384 2697 3425 numero
2721 3380 2775 3423 et
2797 3370 3079 3424 reditio-alio
3104 3370 3306 3438 templi,
3339 3379 3395 3425 et
3428 3384 3551 3438 per-

1964 3466 2127 3520 fectio
2156 3464 2398 3531 corporis
2425 3463 2752 3527 declaratur,
2776 3462 2844 3516 de
2866 3478 2972 3530 quo
2995 3462 3302 3530 specialiter
3324 3461 3559 3530 dixerat,

1964 3558 2030 3611 Et
2058 3559 2109 3611 in
2138 3557 2309 3611 triduo
2337 3556 2592 3609 suscitabo
2619 3554 2752 3608 illud
2771 3555 2951 3627 (Jaan.
2989 3571 3046 3618 tt,
3080 3556 3199 3626 20).
3232 3556 3342 3611 lloc
3372 3566 3549 3610 autem

1962 3650 2175 3703 dicebat
2200 3649 2267 3703 de
2300 3650 2501 3717 templo
2524 3640 2765 3716 corpOris
2788 3648 2892 3712 sui,
2916 3647 3082 3716 quod,
3106 3650 3291 3701 mortis
3311 3650 3564 3717 passione

1961 3740 2193 3803 devicta,
2230 3748 2351 3808 post
2372 3739 2603 3791 triduum
2636 3738 3006 3792 suscitaretur.
3042 3738 3188 3792 Sicut
3217 3753 3309 3805 per
3331 3737 3559 3807 quadra-

1962 3834 2238 3903 genariutn
2291 3832 2545 3897 temporis
2590 3829 2745 3897 hujus
2799 3830 2971 3895 labor,
3027 3830 3111 3883 vel
3163 3830 3446 3893 terminus,
3485 3830 3556 3884 ita

1965 3940 2061 3994 per
2089 3922 2607 3992 quinquagenarium
2640 3930 2841 3975 :eterna
2891 3922 2982 3976 illa
3028 3920 3300 3975 beatitudo
3352 3921 3558 3990 signifi-

1965 4024 2141 4071 catur.

2039 4107 2160 4163 105.
2202 4105 2465 4159 Denarius
2495 4109 2638 4159 enim
2697 4104 2907 4158 additus
2958 4104 3025 4158 ad
3073 4103 3560 4173 quadragenarium

1967 4200 2334 4256 laborantibus
2379 4201 2430 4252 in
2488 4198 2590 4251 hoc
2644 4197 2848 4250 saeculo
2907 4194 3156 4249 fidelibus
3213 4211 3419 4249 merces
3473 4196 3563 4251 illa

1968 4290 2315 4363 persolvitur,
2365 4305 2523 4358 quam
2575 4295 2901 4354 acceperunt
2954 4286 3110 4353 primi
3172 4296 3228 4340 et
3284 4285 3563 4339 ltOVISsItlli

1969 4383 2332 4454 operantesin
2384 4381 2559 4445 vinea,
2588 4380 2772 4448 sicque
2812 4380 3299 4448 quinquagenarius
3351 4380 3402 4431 itt
3469 4378 3556 4431 illa

268 4468 539 4523 procellas
570 4466 802 4531 scilicet,
841 4476 895 4519 et
926 4467 1167 4521 turbines
1193 4469 1373 4521 saeculi
1407 4470 1587 4540 hujus,
1620 4491 1737 4541 qua!
1769 4492 1859 4545 pa-
1895 4471 1943 4530 υ
1974 4474 2157 4544 requie
2179 4489 2241 4527 ac
2271 4473 2451 4526 laetitia
2482 4474 2833 4539 sempiterna.
2867 4470 3001 4524 Ilinc
3027 4480 3128 4534 est,
3161 4472 3301 4537 quod
3344 4472 3393 4523 in
3445 4470 3565 4540 lege

266 4556 397 4609 titur
428 4556 698 4611 Ecclesia.
733 4557 844 4609 Hrc
874 4557 1030 4609 etiam
1065 4565 1119 4610 et
1144 4559 1487 4628 quadraginta
1516 4566 1637 4617 anni
1669 4569 1719 4620 in
1745 4582 1864 4622 ere-

270 4664 380 4709 mo.
436 4649 637 4716 quibus
683 4646 1014 4717 significatur
1064 4649 1385 4704 laboriosum
1434 4669 1532 4708 nos
1575 4656 1628 4709 in
1672 4662 1869 4717 Sterulo

270 4742 469 4794 habere
500 4756 751 4804 cursum,
792 4740 919 4793 dum
960 4740 1028 4793 ad
1058 4741 1377 4809 promissum
1419 4746 1656 4801 rmlestis
1681 4754 1867 4818 patria:

342 4900 436 4956 93.
479 4901 769 4979 Supputes,
792 4910 843 4979 et
870 4910 1111 4979 quatuor.
1139 4911 1243 4979 etc.
1276 4901 1390 4955 Non
1415 4905 1546 4958 satis
1573 4909 1868 4979 percipitur

274 4988 489 5030 sensus.
527 4973 579 5024 εἰ
612 4973 832 5039 aliquid,
869 4983 922 5022 ut
946 4974 1156 5038 opinor,
1191 4970 1362 5025 deest.

346 5044 437 5096 95.
484 5044 723 5095 Isidorus
758 5042 983 5094 fortasse
1014 5044 1248 5109 scripsit,
1280 5046 1623 5100 venumdedit.

347 5114 438 5167 96.
482 5112 807 5165 Μοιηεηιυηι
854 5126 949 5178 pro
991 5112 1180 5169 exiauo
1222 5115 1477 5178 temporis
1504 5118 1677 5177 suatio
1701 5122 1869 5177 sumi-

274 5194 396 5247 tur;
439 5185 534 5237 sed
567 5184 710 5251 quod
741 5184 886 5235 hora:
914 5182 1277 5258 dividerentur
1317 5187 1367 5236 in
1417 5187 1627 5258 triginta
1661 5200 1867 5258 partes,

272 5271 397 5321 quae
428 5263 690 5326 momenta
731 5253 1285 5326 vocarentur,_neseio
1344 5269 1408 5307 an
1441 5253 1565 5310 alibi
1610 5253 1869 5326 scriptum

276 5325 601 5393 reperiatur.
645 5325 798 5388 Quod
845 5322 1137 5375 tricennalis
1170 5322 1382 5392 obiectio
1412 5342 1671 5381 annorum
1711 5322 1866 5387 linem

279 5400 330 5446 in
362 5410 538 5449 rerum
573 5394 895 5461 repetitione
926 5407 1104 5460 ponat,
1129 5395 1443 5459 exprimitur
1465 5399 1623 5451 etiam
1658 5402 1710 5453 in
1741 5417 1872 5457 con-

277 5467 405 5519 cilio
460 5466 770 5534 Hispalensi
822 5478 893 5537 tt,
945 5465 1029 5516 cui
1081 5476 1299 5517 sanctus
1350 5467 1580 5520 Isidorus
1640 5473 1867 5537 pruzluit,

277 5552 331 5590 ς.
362 5538 418 5602 2,
441 5538 528 5590 ubi
562 5548 855 5602 usurpatur
882 5536 985 5587 hoc
1008 5549 1181 5602 ipsum
1214 5538 1431 5590 Verbum
1456 5536 1751 5594 tricennalis
1781 5536 1871 5597 ob-

274 5608 450 5683 jectio,
478 5619 535 5661 ut
563 5606 734 5660 videri
783 5615 956 5675 potest
986 5608 1035 5659 in
1064 5605 1296 5674 append.
1326 5606 1360 5657 4
1386 5608 1450 5661 ad
1485 5619 1613 5664 tom.
1653 5611 1715 5678 ll,
1748 5628 1866 5683 pag.

276 5680 407 5734 δξο.

1975 4564 2419 4636 quinquagesimo
2448 4576 2588 4615 anno
2629 4560 2833 4629 jubilaei
2892 4561 3106 4630 requies
3146 4560 3438 4628 colebatur,
3495 4561 3563 4612 ad

1976 4657 2387 4725 signiﬁcandum
2416 4655 2537 4725 quia
2564 4664 2680 4723 post
2708 4654 2945 4708 laborem
2980 4652 3136 4723 hujus
3165 4651 3345 4707 muttdi
3377 4666 3563 4721 perve-

1975 4756 2120 4812 nitur
2142 4750 2209 4805 ad
2240 4749 2401 4803 futuri
2424 4748 2661 4817 requiem
2690 4746 2895 4800 satculi.

2048 4912 2137 4966 97.
2179 4908 2454 4975 Expositio
2478 4900 2939 4975 mysticarnumeri
2971 4900 3374 4975 quadragenarii
3405 4902 3486 4956 his
3509 4915 3562 4958 et

1982 4980 2244 5036 simi‘ibus
2264 4970 2567 5032 rationibus
2591 4974 2728 5038 apud
2760 4974 3124 5025 sanctissimus
3150 4970 3333 5025 Patres
3364 4975 3560 5036 passim

1975 5051 2237 5109 occurrit,
2278 5048 2414 5117 quod
2461 5048 2547 5099 hic
2579 5058 2835 5117 numerus
2861 5042 3205 5109 quadraginta
3244 5045 3447 5117 dierum
3475 5047 3559 5113 je-

1968 5122 2123 5190 junio
2180 5113 2572 5190 quodammodo
2624 5131 2652 5167 a
2710 5113 2935 5190 CIII‘ISIO.
2979 5125 3324 5166 consecratus
3379 5116 3559 5169 fuerit.

1975 5184 2098 5255 Legi
2129 5184 2322 5260 poterit
2358 5206 2368 5239 :
2412 5187 2673 5260 Tanquam
2697 5200 2753 5237 eo
2778 5184 2967 5260 sternte
2997 5192 3429 5260 consummentur.

2051 5254 2143 5317 98:
2186 5260 2251 5314 Et
2289 5258 2630 5326 quadraginta
2666 5254 2809 5305 anni.
2841 5255 3074 5326 Scilicet.
3105 5255 3559 5326 significaverunt.

1979 5333 2033 5387 Itt
2068 5334 2166 5387 bis.
2200 5323 2310 5383 erat
2340 5340 2386 5382 et
2408 5323 2749 5395 quidraginta
2787 5340 2971 5375 annos.
3011 5323 3175 5377 Verba
3202 5324 3319 5378 Johi
3355 5328 3404 5378 in
3439 5325 3564 5379 Vul-

1976 5416 2095 5473 gata
2127 5411 2251 5455 sunt
2283 5419 2309 5473 :7
2333 5394 2520 5473 Militia
2546 5394 2621 5450 est
2642 5399 2752 5473 vita
2771 5394 2994 5445 hominis
3014 5410 3167 5463 super
3194 5408 3397 5449 terram.

2050 5474 2140 5527 99.
2187 5474 2239 5526 Itt
2270 5472 2367 5525 Ms.
2401 5470 2497 5521 soli
2532 5484 2628 5535 pro
2655 5465 2798 5518 solis.

2052 5546 2175 5599 100.
2212 5542 2371 5596 Forte
2412 5534 2715 5607 legendum,
2758 5534 2929 5607 triduo
2959 5536 3345 5593 suscitaturum.

2054 5614 2177 5667 I03.
2215 5612 2277 5665 In
2316 5604 2533 5679 Vulgata
2565 5620 2745 5662 nostra
2777 5622 2791 5661 :
2829 5604 2893 5659 Et
2918 5608 2972 5660 in
2998 5610 3157 5661 tribus
3201 5610 3375 5662 diebus
3404 5608 3563 5662 susci-

1978 5686 2096 5740 tabo
2122 5684 2273 5738 illud.
