4064 6170
531 330 631 386 199

1092 438 1319 494 CAPUT
1368 426 1535 493 xxv.

903 550 980 605 De
1007 553 1443 622 quinquagenaria
1492 571 1719 611 numero.

593 670 753 743 246
792 669 916 722 104.
960 668 1055 721 llic
1083 676 1262 722 autem
1319 684 1573 723 numerus
1601 671 1652 724 in
1698 673 1897 725 sanctis
1924 674 2111 742 Scrip-

522 766 656 817 turis
694 769 931 813 sacratus
954 766 1037 812 est
1069 769 1288 827 propter
1338 757 1597 826 Spiritum
1644 774 1910 817 sanctum.
1943 764 2112 829 Quiu-

520 852 826 921 quagesimo
865 850 1009 903 enim
1058 847 1147 903 die
1205 850 1529 919 egressionis
1573 850 1735 906 Israel
1783 869 1846 907 ex
1876 854 2111 925 Egypta

520 948 657 1001 dat-.e
712 954 836 998 sunt
891 943 1083 998 tabula;
1139 945 1268 1012 legis
1327 946 1376 999 in
1410 947 1609 1001 vertice
1644 949 1841 1002 mantis
1881 950 2029 1015 Sina,
2060 962 2114 1008 et

523 1050 639 1107 post
668 1040 968 1107 passionem
1001 1039 1198 1092 Christi
1228 1040 1675 1109 quinquagesimo
1704 1040 1792 1096 die
1833 1042 2112 1098 descendit

518 1151 677 1204 super
707 1150 807 1188 cxx
843 1134 1027 1187 ﬁdeles
1058 1134 1287 1201 Spiritus
1317 1141 1567 1199 sanctus;
1599 1135 1823 1202 ideoque
1852 1146 1906 1189 et
1959 1138 2113 1205 quin-

519 1225 858 1295 quagesimus
942 1224 1175 1291 psalmus
1248 1222 1589 1292 indulgentia:
1660 1232 1716 1278 et
1781 1225 2112 1280 remissionis

517 1328 620 1373 est.

594 1428 713 1483 105,
759 1428 913 1483 Unde
958 1436 1012 1481 et
1059 1429 1110 1481 in
1168 1426 1454 1495 Evangelia
1503 1426 1886 1494 quinquaginta
1945 1426 2106 1481 etiam

517 1522 722 1576 denarii
752 1521 1081 1574 debitoribus
1116 1521 1449 1574 relaxantur.
1478 1518 1606 1571 Nam
1654 1519 1793 1585 quod
1828 1519 1879 1573 in
1910 1518 2112 1573 diluvia

516 1613 898 1682 quinquaginta
936 1611 1127 1664 cubitis
1157 1625 1296 1663 arca:
1344 1608 1571 1662 altitudo
1606 1608 1795 1661 diliusa
1835 1618 1936 1673 est,
1967 1608 2113 1677 ejus-

517 1706 639 1759 dem
686 1705 854 1758 sancti
908 1704 1138 1771 Spiritus
1193 1702 1471 1755 dilatatam
1520 1702 1570 1754 in
1634 1701 1833 1753 munda
1880 1703 2107 1770 gratiam

523 1796 861 1862 designabat,
892 1794 1029 1847 sicut
1055 1791 1183 1845 dicit
1214 1792 1500 1884 Apostolus
1533 1808 1547 1844 :
1573 1789 1754 1845 Gratia
1787 1789 1885 1845 Dei
1915 1791 2106 1858 di/fusa
2138 1822 2183 1880 Β

517 1896 592 1940 est
622 1887 673 1938 in
703 1887 943 1938 cordibus
973 1885 1155 1937 nostris
1181 1901 1269 1954 per
1291 1883 1542 1953 Spiritum
1566 1893 1820 1949 sanctum,
1848 1884 1936 1952 qui
1955 1887 2107 1938 datus

516 1988 589 2029 est
616 1976 756 2029 nobis
780 1975 956 2043 (Rom.
992 1990 1045 2040 v,
1079 1974 1159 2043 5).

1079 2093 1306 2149 CAPUT
1345 2092 1534 2147 XXVI.

966 2206 1043 2261 De
1070 2208 1406 2278 sexagenario
1433 2222 1663 2260 numero.

592 2318 711 2374 106.
751 2319 1131 2389 Sexagenarius
1157 2332 1435 2382 numerus,
1489 2316 1641 2384 cujus
1680 2329 1885 2369 summa
1929 2329 1957 2367 a
1991 2329 2113 2382 pero

520 2412 659 2466 fecto
710 2410 927 2465 senario
983 2424 1078 2479 per
1130 2410 1406 2463 denarium
1457 2408 1801 2476 adimpletur,
1848 2406 2113 2476 signiﬁcat

516 2518 704 2559 ornoes
732 2511 968 2567 sanctos,
999 2502 1088 2570 qui
1122 2517 1214 2571 per
1269 2502 1700 2555 observationem
1734 2500 1920 2555 decem
1953 2515 2109 2554 man-

523 2597 770 2649 datorum
827 2594 1210 2665 perfectionem
1265 2592 1560 2647 sanctitatis
1627 2591 1917 2660 accipiunt.
1984 2590 2111 2644 Haec

521 2688 773 2744 Salomon
801 2686 869 2741 de
900 2685 1112 2741 Christo
1154 2686 1206 2739 in
1256 2683 1490 2739 Cauticis
1533 2684 1863 2738 canticorum
1902 2682 2113 2750 eloqui-

520 2787 649 2831 tur:
685 2778 987 2848 Sexaginta,
1045 2777 1214 2846 inquit
1270 2777 1377 2839 ille,
1432 2777 1623 2847 reginae
1674 2776 1845 2845 (Cant.
1900 2791 1978 2837 vn,
2030 2772 2106 2845 7),

520 2878 827 2922 sanctorum
850 2868 1057 2923 scilicet
1080 2868 1294 2931 animm,
1321 2867 1440 2922 ﬁdei
1465 2867 1681 2921 vinculo
1712 2866 1905 2921 Christi
1927 2880 2112 2921 amare

518 2975 795 3022 connexae,
845 2961 933 3027 qui
976 2960 1100 3013 dum
1150 2959 1480 3015 Salvatori...
1528 2960 1697 3030 (per)
1751 2957 2108 3014 obedientiam

518 3054 875 3122 copulantur,
956 3053 1106 3122 quasi
1172 3052 1523 3125 sexagenario
1594 3068 1819 3109 numero
1887 3067 2106 3121 campu-

520 3152 719 3197 tantur.

594 3256 720 3311 107.
759 3256 823 3312 Hi
854 3265 977 3312 sunt
1001 3258 1193 3327 quibus
1239 3267 1293 3313 et
1334 3258 1427 3314 ille
1453 3260 1505 3314 in
1530 3259 1816 3329 Evangelia
1842 3259 2111 3328 sexagesi-

523 3364 645 3405 mus
672 3345 880 3404 fructus
910 3350 1249 3417 permittitur,
1272 3350 1361 3419 qui
1383 3349 1575 3405 divinis
1599 3350 1863 3404 mandatis
1884 3350 2103 3418 perfecti

522 3457 749 3512 agonem
796 3440 1054 3497 adversus
1117 3443 1294 3496 carnis
1346 3441 1833 3509 concupiscentiam
1880 3454 2103 3511 gerunt;

522 3535 614 3589 sed
642 3534 841 3588 idcirco
871 3536 1276 3602 sexagenarium
1324 3534 1626 3603 percipiunt
1672 3534 1921 3597 fructum,
1979 3535 2103 3601 quia

525 3624 590 3677 ad
637 3625 772 3677 hanc
823 3639 991 3693 usque
1041 3634 1251 3677 aetatem
1298 3626 1604 3692 congressio
1650 3625 1844 3678 exaltat
1879 3625 1897 3695 [
1927 3624 2101 3691 Forte,

522 3713 777 3785 exsultat]
808 3714 1107 3768 libidinum.
1141 3714 1385 3780 Quandiu
1418 3729 1545 3784 ergo
1583 3726 1888 3779 certamen,
1922 3716 2102 3769 tandiu

525 3820 745 3859 corona.
780 3805 911 3859 llinc
939 3805 1190 3873 estquod
1237 3814 1290 3859 et
1340 3803 1535 3859 milites
1566 3806 1617 3859 in
1642 3804 1801 3878 247
1833 3807 2105 3874 procinctu

526 3898 682 3967 positi
733 3907 855 3968 post
894 3897 1281 3967 sexagesimum
1332 3913 1529 3953 annum
1566 3898 1945 3954 certaminibus
1989 3898 2107 3954 bel-

522 3991 638 4046 licis
666 3992 1071 4059 subtrahuntur,
1104 4004 1154 4047 et
1179 3993 1230 4045 in
1254 3993 1362 4048 otio
1382 4002 1797 4048 consenescunt.

598 4182 718 4253 105.
760 4184 817 4236 In
846 4184 1065 4253 Vulgata
1101 4203 1113 4237 :
1139 4184 1373 4237 Charitas
1408 4185 1501 4239 Dei
1529 4185 1716 4252 di/fusa
1741 4194 1837 4248 est,
1867 4196 1973 4240 etc.

599 4252 719 4307 106.
762 4254 815 4306 In
840 4254 934 4306 Ms.
956 4252 1077 4308 erat
1104 4256 1207 4307 ilice
1230 4258 1436 4324 regium.
1498 4257 1552 4306 In
1578 4271 1736 4322 parva
1768 4255 1955 4309 lacuna
1983 4269 2110 4321 sup-

530 4324 669 4392 plevi
702 4338 812 4389 per,
842 4334 1133 4378 utsensum
1168 4325 1466 4391 redderem,
1500 4336 1555 4379 et
1581 4326 1808 4380 fortasse
1834 4325 1978 4380 aliud
2002 4341 2109 4379 non

524 4394 698 4463 deest,
731 4395 827 4463 ni'si
858 4410 945 4460 per
970 4396 1192 4463 ﬁdelem.

600 4461 724 4519 108;
750 4461 1067 4536 Corruptutn
1111 4466 1320 4519 videtur
1341 4468 1475 4520 assei
1495 4467 1858 4536 quadraginta,
1889 4466 1966 4520 bis
1990 4466 2111 4521 deni

524 4535 884 4607 quadraginta.
942 4537 1042 4590 Pro
1088 4538 1277 4605 quibus
1313 4540 1487 4591 verbis
1536 4538 1648 4592 haec
1698 4535 1900 4591 tantum
1933 4539 2109 4607 legere

528 4615 823 4676 praestaret,
857 4606 931 4659 bis
955 4609 1112 4660 viceni
1137 4609 1495 4674 quadraginta.

602 4675 723 4746 109.
767 4675 945 4746 Forte,
969 4681 1053 4746 qui
1079 4696 1109 4730 α
1134 4679 1239 4733 Deo
1266 4680 1317 4730 in
1339 4681 1512 4741 vitam,
1541 4689 1644 4733 etc.

602 4744 723 4799 110.
766 4745 933 4799 Verba
967 4744 1150 4813 psalmi
1179 4754 1227 4801 in
1262 4751 1477 4816 Vulgata
1511 4753 1623 4802 base
1652 4759 1775 4804 sunt
1812 4751 1963 4803 initio
1992 4768 2005 4803 :
2041 4748 2106 4803 In

529 4814 612 4867 die
636 4832 735 4885 qua
763 4821 944 4886 eripuit
982 4836 1099 4873 eum
1146 4814 1393 4877 Dominus
1421 4822 1484 4875 de
1528 4837 1702 4887 manu,
1732 4831 1837 4877 etc.
1873 4823 1974 4877 Pro
2020 4838 2108 4875 ca-

1104 324 1308 381 L‘IBER
1346 323 1784 382 NUMERORUM
1822 326 1938 393 QUI
1979 327 2043 383 IN
2082 328 2369 388 SANCTIS
2408 331 2810 393 SCRIPTURIS
2847 336 3265 394 OCCURRUNT

2137 454 2189 508 A

3703 335 3805 391 200

2768 450 2998 508 CAPUT
3040 453 3251 509 XXVII.

2615 538 2766 592 Ratio
2804 541 2868 594 de
2894 554 3068 595 sancto
3093 544 3413 598 Pentecoste.

2293 631 2416 685 108.
2461 633 2926 703 Quadragenarius
2954 656 3204 694 numerus
3232 657 3300 697 ex
3345 660 3402 696 se
3450 643 3608 698 etiam
3651 664 3806 714 qutu-

2213 725 2596 791 quageuarium
2628 728 2817 796 gignit,
2844 729 3038 784 additis
3066 735 3326 799 partibus,
3354 750 3446 803 per
3469 752 3601 804 quas
3627 751 3807 806 partes

2214 816 2595 887 quinquaginta
2626 821 2929 875 efﬁciuntur
2959 822 3060 888 ita;
3094 825 3235 878 assei
3291 827 3659 896 quadraginta.
3716 830 3804 883 Bis

2214 906 2336 960 deni
2368 909 2734 980 quadraginta.
2788 913 3042 979 Quaterni
3091 915 3463 985 quadraginta.
3515 920 3807 989 Quinquies

2216 1001 2396 1054 octoni
2422 1004 2792 1072 quadraginta.
2818 1005 2999 1060 Octies
3027 1009 3171 1076 quini
3216 1010 3585 1079 quadraginta.
3617 1012 3804 1067 Decies

2214 1093 2461 1160 quaterni
2510 1097 2884 1165 quadraginta.
2945 1098 3120 1152 Vicies
3176 1100 3283 1154 bini
3338 1102 3706 1174 quadraginta,
3750 1116 3806 1161 et

2214 1186 2409 1241 additis
2448 1204 2501 1253 x,
2534 1189 2840 1245 efﬁciuntur
2871 1195 3274 1263 quinquaginta.

2288 1281 2413 1335 109.
2457 1282 2562 1337 Per
2593 1285 2689 1336 ltos
2722 1301 2973 1339 numeros
3004 1288 3339 1354 signiﬁcatur
3371 1291 3419 1342 in
3446 1289 3805 1360 quadragena-

2214 1375 2298 1427 rio
2328 1389 2551 1429 numero
2576 1392 2812 1443 praesens
2840 1379 2967 1443 vita,
2996 1377 3046 1430 in
3072 1380 3524 1448 quinquagenaria
3553 1397 3681 1435 vero
3722 1381 3807 1434 fu-

2214 1474 2352 1531 tura,
2378 1469 2465 1535 qui
2498 1482 2751 1521 numerus
2804 1469 3294 1537 quinquagenarius
3344 1473 3639 1539 triplicatus
3680 1472 3803 1526 facit

2214 1556 2360 1611 illum
2406 1574 2684 1612 numerum
2718 1562 3095 1627 perfecturum,
3150 1562 3237 1629 qui
3282 1562 3347 1614 ad
3380 1578 3495 1617 eam
3530 1564 3579 1616 in
3639 1565 3801 1617 vitam

2212 1662 2471 1703 aeternam
2507 1651 2863 1717 prmdestinati
2907 1663 3051 1706 sunt.
3091 1652 3194 1707 Ter
3242 1654 3383 1707 enim
3442 1655 3628 1709 ductus
3678 1656 3803 1709 facit

2213 1756 2297 1802 CL.
2330 1740 2527 1794 additis
2546 1734 2707 1796 etiam
2742 1744 2931 1796 tribus.
2962 1743 3063 1811 Ipsi
3106 1745 3392 1797 ostendunt
3420 1745 3563 1798 illam
3591 1757 3804 1801 senten-

2239 1834 2338 1884 iam
2371 1832 2667 1902 Evangelii,
2702 1833 2755 1886 in
2799 1849 2900 1899 qua
2933 1848 3060 1887 cun
3090 1836 3264 1902 pisces
3312 1836 3379 1887 ad
3420 1835 3568 1889 littus
3622 1838 3801 1890 educti

2217 1934 2363 1990 sunt,
2405 1925 2493 1992 qui
2552 1932 2705 1976 erant
2737 1924 2975 1990 pandere
3023 1923 3220 1990 magni,
3258 1923 3306 1977 id
3360 1935 3463 1987 est,
3511 1926 3713 1979 actibus
3752 1936 3807 1980 et

2216 2015 2321 2067 vita
2358 2014 2622 2082 prmelari.
2674 2016 2947 2081 Septimus
2994 2015 3238 2070 decimus
3266 2032 3393 2069 vero
3444 2033 3693 2071 numerus
3725 2018 3805 2071 iu-

2215 2107 2347 2177 cipit
2392 2109 2459 2162 ab
2500 2122 2628 2173 una,
2675 2116 2730 2162 et
2773 2109 3012 2176 pervenit
3043 2123 3209 2178 usque
3236 2110 3300 2161 ad
3333 2126 3361 2163 ι
3388 2120 3439 2163 et
3471 2126 3563 2172 vn,
3595 2121 3648 2165 et
3680 2113 3805 2165 facit

2214 2197 2433 2253 easdem
2464 2214 2614 2251 cun.
2667 2198 2799 2251 Tres
2842 2209 3019 2253 autem
3070 2198 3159 2267 qui
3210 2200 3496 2265 adduntur,
3544 2202 3642 2271 ipsi
3681 2213 3805 2257 ante

2218 2292 2408 2357 legem,
2440 2288 2538 2341 sub
2569 2289 2686 2359 lege
2714 2300 2767 2344 et
2794 2292 2893 2344 sub
2923 2292 3109 2359 gratia.

2288 2377 2408 2431 110.
2455 2379 2579 2432 Ideo
2623 2396 2673 2432 In
2724 2382 2928 2446 psalmo
2956 2385 3180 2450 septimo
3220 2384 3429 2438 decimo
3458 2386 3537 2439 sic
3568 2385 3800 2439 dicitur:

2214 2472 2341 2526 Cum
2370 2470 2548 2538 eripiet
2578 2486 2693 2523 eum
2743 2471 2805 2523 de
2846 2489 2999 2525 manu
3039 2478 3264 2528 omnium
3314 2477 3636 2529 inimicorum
3664 2479 3799 2547 ejus,

2214 2563 2359 2618 etde
2382 2579 2538 2616 manu
2570 2563 2767 2625 Saulis,
2801 2572 2856 2615 ut
2881 2564 3253 2620 ostenderetur
3294 2566 3403 2637 jam
3436 2568 3501 2621 ab
3552 2566 3801 2621 omnibus

2218 2657 2604 2712 tentationibus
2652 2658 2933 2726 prmsenris
2980 2659 3103 2712 vitae
3131 2658 3387 2725 caruisse,
3420 2670 3473 2713 et
3505 2662 3556 2713 in
3590 2662 3678 2713 illa
3706 2677 3805 2714 nu-

2217 2766 2367 2805 mero
2399 2766 2521 2807 esse
2563 2762 2891 2814 sanctarum,
2945 2751 2998 2805 id
3052 2762 3153 2818 est,
3196 2754 3247 2806 in
3282 2753 3384 2806 illis
3412 2770 3535 2808 cun
3570 2754 3804 2822 piscibus

2216 2840 2306 2911 qui
2355 2840 2409 2895 in
2460 2841 2638 2895 littore
2692 2841 2919 2909 separati
2977 2852 3120 2904 sunt,
3156 2842 3205 2894 id
3238 2853 3341 2908 est,
3375 2844 3465 2910 qui
3504 2842 3667 2898 funti
3703 2844 3807 2898 hac

2215 2936 2351 3001 vita,
2382 2936 2631 2990 omnibus
2657 2935 3036 2990 tentationibus
3066 2935 3223 3005 hujus
3273 2939 3478 3006 ntundi,
3528 2940 3616 3006 qui
3648 2941 3805 3007 quasi

2217 3030 2433 3100 pelagus
2460 3037 2563 3097 est,
2590 3040 2895 3095 caruerunt,
2940 3038 2994 3083 et
3034 3028 3149 3099 jam
3188 3029 3243 3083 in
3288 3030 3375 3084 illa
3422 3040 3621 3086 mterna
3657 3031 3805 3088 beati

2156 3195 2181 3213 Ἰ
2215 3133 2359 3178 sunt.

2288 3214 2412 3268 111.
2431 3212 2663 3267 Numero
2679 3219 2854 3266 autem
2870 3212 2957 3281 qui
2974 3212 3169 3267 dicitur
3186 3214 3481 3279 computari
3505 3215 3571 3268 ab
3593 3230 3695 3268 una
3710 3230 3807 3269 us-

2217 3320 2321 3374 que
2337 3304 2620 3375 ﬁﬁsxvtt
2645 3304 3019 3373 multiplicato,
3052 3302 3345 3367 ﬁnntcutt,
3372 3304 3420 3358 id
3436 3305 3616 3369 est,ad
3636 3322 3802 3360 unum

2214 3397 2353 3451 adde
2381 3397 2508 3457 duo,
2543 3404 2597 3450 et
2620 3396 2749 3449 ﬁunt
2778 3404 2909 3449 tres.
2933 3395 3083 3449 Adde
3109 3406 3237 3457 tres.
3272 3405 3325 3449 et
3350 3394 3481 3449 ﬁunt
3510 3410 3636 3457 sex;
3659 3394 3804 3451 addc

2214 3504 2287 3553 tv,
2311 3497 2365 3541 et
2390 3488 2521 3541 ﬁunt
2550 3488 2768 3551 decem;
2801 3486 2935 3541 adde
2965 3502 3021 3549 ν,
3050 3496 3104 3540 et
3130 3485 3262 3540 ﬁunt
3293 3502 3389 3551 xv,
3440 3486 3577 3541 adde
3629 3502 3700 3549 Vl.
3743 3498 3806 3543 et

2215 3579 2349 3634 ﬁunt
2379 3594 2487 3633 xxt.
2521 3578 2674 3633 Adde
2703 3594 2795 3642 vn,
2824 3589 2876 3633 et
2910 3579 3043 3631 ﬁunt
3069 3594 3268 3645 xxvut;
3297 3579 3431 3633 addc
3455 3594 3567 3645 vttt,
3591 3591 3643 3633 et
3667 3582 3806 3634 fiunt

2213 3684 2410 3734 xxxw;
2443 3669 2577 3722 adde
2606 3684 2681 3737 ιι,
2714 3680 2766 3723 et
2812 3669 2944 3722 ﬁunt
2983 3685 3122 3735 xcv;
3172 3670 3308 3726 adde
3356 3687 3411 3735 x,
3450 3680 3504 3725 et
3536 3672 3667 3725 ﬁunt
3697 3689 3801 3739 tv;

2209 3763 2347 3817 adde
2373 3778 2447 3825 xt,
2480 3771 2534 3816 et
2564 3763 2699 3815 ﬁunt
2750 3777 2908 3827 vat;
2941 3762 3079 3817 adde
3127 3777 3222 3827 xtt,
3277 3771 3331 3816 et
3381 3761 3514 3816 ﬁunt
3563 3778 3799 3827 Lxsvut;

2210 3856 2347 3910 adde
2374 3871 2489 3918 xttt,
2519 3863 2575 3908 et
2605 3855 2738 3907 ﬁunt
2792 3853 3081 3922 nonaginta
3130 3869 3313 3907 unum.
3372 3853 3520 3907 Adde
3576 3870 3686 3917 xtv,
3743 3865 3803 3908 et

2212 3947 2344 4000 ﬁunt
2372 3961 2466 4010 cv;
2499 3944 2635 3998 adde
2666 3959 2752 4009 xv,
2802 3952 2859 3997 et
2901 3941 3032 3996 ﬁunt
3061 3958 3199 4007 cxx;
3252 3944 3386 3997 adde
3414 3959 3523 4005 xw,
3565 3953 3619 3998 et
3664 3943 3804 3999 ﬁunt

2213 4050 2446 4100 cxxxw;
2478 4034 2613 4090 adde
2642 4049 2772 4097 xvtt,
2804 4044 2858 4088 et
2888 4032 3018 4086 ﬁunt
3051 4047 3198 4087 cun.

2218 4186 2382 4239 ruisse
2428 4185 2527 4254 legi
2560 4185 2751 4253 poterit
2779 4187 2987 4247 cavisse,
3041 4186 3284 4253 quamvis
3314 4187 3503 4239 iterum
3550 4196 3809 4243 occur-tat

2216 4264 2507 4310 caruerunt.

2290 4326 2413 4380 111.
2445 4326 2570 4379 Hmc
2601 4327 2710 4378 lcre
2735 4325 2957 4379 totidem
2987 4324 3166 4378 verbis
3194 4339 3257 4377 ex
3289 4339 3473 4378 sancto
3504 4328 3805 4392 Augustino

2219 4398 2270 4449 in
2300 4397 2487 4462 psalm.
2518 4412 2643 4450 χιιι
2676 4414 2685 4448 :
2712 4394 2923 4449 Centum
2949 4411 3070 4462 ergo
3098 4395 3465 4462 quinquaginta
3505 4408 3603 4449 tres
3636 4399 3807 4462 pisces

2218 4483 2318 4519 non
2342 4476 2539 4519 tantum
2563 4482 2827 4519 numerum
2858 4477 3146 4519 sanctorum
3170 4466 3441 4534 signiﬁrat,
3476 4476 3579 4519 etc.
3614 4466 3805 4519 υρερηι

2217 4546 2409 4601 autem,
2433 4547 2477 4589 et
2504 4547 2711 4603 septrm,
2747 4538 2789 4588 si
2811 4554 3039 4589 numeres
3068 4538 3130 4588 ab
3155 4553 3253 4589 uno
3278 4553 3433 4603 usque
3454 4541 3520 4587 ad
3551 4536 3720 4589 decem
3752 4547 3801 4589 et

2216 4618 2425 4674 septem,
2450 4608 2684 4660 addendo
2714 4624 2946 4659 numeros
2971 4624 3140 4660 omnes
3162 4607 3434 4673 gradatim,
3466 4616 3518 4658 ut
3545 4608 3612 4657 ad
3642 4622 3805 4658 unum

2215 4678 2377 4731 addas
2406 4679 2528 4744 duo,
2552 4680 2714 4731 addas
2740 4680 2859 4740 tria,
2892 4678 3052 4730 addas
3090 4687 3326 4747 quatuor,
3360 4689 3409 4729 ut
3458 4680 3581 4743 ﬁant
3608 4679 3804 4740 decem,

2214 4749 2450 4802 addenda
2475 4752 2710 4816 quinque,
2736 4761 2787 4799 ut
2809 4748 2933 4815 ﬁant
2961 4750 3197 4817 quinque,
3222 4759 3348 4811 etc.,
3374 4747 3607 4800 addendo
3628 4748 3807 4801 decem

2213 4830 2261 4874 et
2285 4833 2496 4891 septem,
2529 4820 2823 4889 efﬁciuntur
2845 4830 3043 4872 centum
3067 4820 3431 4889 quinquaginta
3469 4819 3586 4870 tria.
