4034 6148
1200 403 2843 426 Mum“...

758 1386 1082 1456 onmno
1121 1386 1358 1444 puum.

328 1474 498 1546 249
529 1477 582 1531 1.
610 1476 705 1532 Dic
747 1480 876 1532 mihi
902 1518 919 1543 ,
950 1480 1075 1547 quid
1098 1490 1183 1534 est
1208 1481 1350 1535 inter
1376 1482 1583 1536 Novum
1615 1499 1669 1538 et
1694 1484 1863 1540 Vetus

254 1568 714 1622 Testamentum?
787 1570 1084 1640 Respondit
1141 1589 1155 1624 :
1216 1572 1379 1627 Vetus
1433 1585 1517 1628 est
1582 1586 1862 1645 peccatum

257 1660 430 1724 Adae;
467 1662 611 1716 unde
640 1662 771 1717 dicit
796 1664 1085 1732 Apostolus
1111 1680 1125 1717 :
1158 1665 1408 1737 Regnavit
1438 1684 1575 1721 mors
1607 1669 1670 1722 ab
1693 1669 1863 1723 Adam

253 1768 421 1821 usque
468 1755 538 1806 ad
588 1752 804 1824 Moysen
831 1756 1012 1824 (Rom.
1045 1770 1098 1821 v,
1130 1756 1245 1826 14),
1286 1768 1341 1813 et
1379 1759 1607 1829 reliqua.
1654 1760 1859 1815 Novum

254 1854 341 1898 est
371 1844 622 1899 Christus
648 1846 716 1901 de
748 1845 965 1916 Virgine
988 1858 1165 1903 natus.

326 1934 387 1990 2.
434 1936 590 1991 Unde
614 1936 879 2006 Propheta
907 1938 1071 1993 dicit:
1104 1938 1323 1994 Cantate
1350 1939 1575 1996 Domino
1603 1945 1861 1998 canticum

253 2042 447 2079 nouunt
473 2042 493 2080 :
516 2026 640 2094 quia
665 2027 827 2083 homo
852 2042 1020 2084 novus
1043 2033 1216 2096 venit;
1242 2047 1379 2086 nova
1411 2044 1679 2103 praecepta
1706 2046 1862 2089 attu-

256 2120 338 2183 lit,
368 2118 423 2172 id
452 2126 556 2182 est,
586 2116 794 2174 Novum
821 2120 1247 2175 Testamentum.

842 2211 1170 2278 QUIESTIO
1210 2215 1272 2270 ll.

326 2304 383 2357 5.
443 2302 542 2357 Dic
600 2301 754 2369 mihi,
806 2306 992 2372 quanti
1041 2304 1161 2359 libri
1189 2307 1558 2378 intelliguntur
1606 2312 1658 2364 in
1708 2310 1859 2368 Novo

257 2393 652 2449 Testamento?
683 2395 982 2465 BeSpOndit
1013 2414 1026 2449 :
1061 2413 1229 2463 xxvn,
1278 2409 1335 2453 et
1374 2401 1425 2454 in
1462 2400 1637 2457 Veteri
1670 2403 1859 2459 Testa-

259 2494 451 2539 mento
476 2487 614 2556 legis
644 2487 809 2558 Moysi
841 2503 945 2542 ην
975 2489 1092 2543 libri
1134 2500 1293 2554 sunt;
1322 2491 1479 2560 juxta
1516 2498 1857 2568 septuaginta

255 2577 394 2630 duas
428 2578 642 2645 linguas
666 2579 997 2647 septuaginta
1025 2579 1133 2634 duo
1173 2580 1293 2636 libri
1325 2582 1711 2653 intelliguntur.

327 2668 386 2721 4.
435 2667 606 2723 Vetus
631 2679 735 2734 est,
763 2670 977 2739 quando
1009 2686 1095 2726 res
1122 2674 1324 2727 alienas
1355 2674 1492 2729 tollit
1530 2677 1727 2744 homo;
1753 2677 1857 2733 No»

255 2775 410 2824 vum,
460 2762 676 2829 quando
724 2762 940 2832 propria
994 2764 1234 2833 largitur.
1284 2766 1445 2821 Vetus
1497 2778 1600 2833 est,
1640 2772 1855 2839 quando
1892 2787 1938 2847 Β

253 2852 467 2905 malum
493 2869 591 2920 pro
619 2853 759 2907 malo
789 2853 1050 2919 redditur,
1083 2857 1222 2910 unde
1244 2856 1438 2911 dicitur
1467 2878 1480 2913 :
1514 2860 1734 2915 Oculum
1766 2881 1858 2932 pro

251 2946 437 3009 oculo,
469 2944 672 2998 dentem
703 2961 794 3013 pro
838 2946 1003 3009 dente,
1057 2960 1110 3001 et
1146 2960 1366 3017 caetera,
1416 2968 1535 3020 qua:
1573 2956 1638 3007 ad
1689 2954 1861 3012 vindi-

253 3045 404 3090 ctam
437 3037 729 3103 pertinent.
757 3037 962 3092 Novum
994 3049 1076 3094 est
1116 3040 1360 3097 inimicos
1398 3045 1643 3115 diligere.
1676 3048 1862 3103 Domi-

254 3142 361 3182 nus
416 3126 558 3181 dixit
600 3128 653 3180 in
698 3128 986 3198 EVangelio
1034 3146 1046 3182 :
1084 3129 1296 3200 Diligite
1340 3132 1574 3186 inimicos
1631 3148 1858 3205 vestros;

251 3220 550 3287 benefacite
579 3219 657 3273 Itis
684 3222 771 3291 qui
801 3222 1018 3275 oderunt
1042 3236 1128 3276 vos
1157 3221 1371 3293 (Matth.
1405 3241 1458 3289 v,
1489 3224 1606 3292 44).

334 3310 515 3381 250
545 3308 603 3363 5.
648 3309 812 3364 Vetus
863 3320 966 3377 est,
1000 3321 1312 3375 peccatores
1352 3314 1402 3367 iu
1450 3312 1713 3372 internum
1758 3320 1856 3376 de-

253 3402 564 3462 scendere;
597 3399 803 3454 Novum
833 3412 938 3464 est,
959 3415 1249 3456 conversos
1284 3404 1334 3456 in
1381 3420 1602 3474 regnum
1646 3409 1854 3465 Domini

253 3490 512 3545 introire.
539 3491 605 3545 Et
635 3491 795 3545 Vetus
816 3492 917 3546 erit
940 3506 1129 3546 omnes
1160 3507 1467 3559 peccatores
1489 3508 1541 3552 et
1565 3500 1757 3571 impios
1788 3505 1853 3559 ad

252 3586 404 3638 diem
447 3583 639 3653 judicii
683 3587 733 3639 in
789 3584 1055 3640 infernum
1101 3586 1454 3656 descendere,
1509 3593 1597 3647 ubi
1640 3606 1856 3663 semper

253 3666 582 3730 manebunt.
631 3675 835 3730 Nomm
864 3686 951 3732 est
985 3693 1173 3733 omnes
1195 3680 1369 3748 justus
1402 3686 1452 3735 in
1485 3699 1707 3753 regnum
1751 3686 1850 3741 Ι)ο‹

255 3768 393 3822 mini
453 3768 717 3833 introire;
773 3769 915 3822 unde
965 3782 1180 3823 sanetus
1222 3770 1415 3827 Petrus
1463 3775 1591 3830 dicit
1632 3793 1645 3829 :
1680 3777 1855 3834 Novus

251 3861 437 3927 homo,
464 3871 515 3915 et
537 3878 668 3916 nova
690 3872 826 3915 terra
854 3860 941 3931 (ΙΙ
973 3861 1114 3918 I’etr.
1132 3879 1213 3933 tu,
1242 3865 1331 3935 15)
1351 3876 1435 3932 ;et
1457 3883 1592 3922 nova
1618 3884 1774 3926 erunt
1801 3873 1853 3927 in

254 3951 522 4005 memoria
548 3951 751 4020 priora.

326 4040 386 4094 6.
429 4042 501 4096 Et
527 4041 696 4096 Vetus
726 4042 832 4096 erit
873 4043 928 4096 in
979 4043 1102 4113 igne
1129 4048 1449 4114 purgatorio
1494 4064 1588 4117 pro
1633 4052 1854 4107 minutis

2314 456 2321 460 .
2327 454 2737 465 v‘O—HM
2746 454 2931 467 8—...7—2',

1170 566 1856 692 SANCTI
1932 576 2633 695 ISIDORI

1555 787 1967 843 HlSl‘ALENSIS
2004 793 2286 847 EPISCOPI

310 968 560 1094 DE
649 958 1299 1097 VETERI
1391 975 1607 1095 ET
1720 971 2251 1107 NOVO
2344 982 3515 1127 TESTAMENTO

1409 1215 2382 1325 QUfESTIONES.

1889 1397 1941 1456 Α

2543 1422 2867 1490 οιηετιυ
2904 1426 2993 1481 1v.

2036 1506 2090 1562 8.
2138 1507 2231 1561 Dic
2258 1508 2408 1576 mihi,
2444 1512 2615 1578 prima
2665 1515 2839 1569 littera
2878 1535 2910 1569 ιι
2937 1534 3032 1586 pro
3060 1536 3169 1590 quo
3210 1524 3418 1591 accepit
3458 1540 3558 1581 nn-

1965 1611 2087 1652 men
2118 1598 2191 1651 a?
2220 1597 2294 1654 De
2343 1602 2561 1672 angelis,
2613 1603 2683 1660 dc
2729 1617 2848 1661 ante
2883 1610 3092 1678 sa'cula,
3140 1611 3209 1669 de
3258 1615 3448 1683 Adam,
3487 1616 3556 1672 dc

1964 1703 2163 1741 anima.

2552 1785 2871 1853 QUES'I‘IO
2910 1790 2976 1845 γ.

2034 1872 2089 1927 9.
2116 1873 2209 1928 Dic
2238 1875 2387 1941 mihi,
2418 1878 2615 1947 quibus
2638 1883 2949 1938 nominibus
2973 1885 3175 1940 dicitur
3201 1890 3273 1942 a?
3300 1888 3546 1957 Respon-

1962 1965 2325 2032 dit:Tribus,
2387 1970 2439 2022 id
2488 1978 2611 2038 est,
2670 1974 2823 2045 ateplt
2873 1976 2929 2031 in
2982 1974 3238 2045 Hebraeo,
3294 1981 3451 2053 alpha
3503 1986 3556 2037 in

1965 2056 2176 2124 Graeco,
2219 2074 2252 2113 a
2275 2059 2326 2114 iu
2357 2059 2566 2117 Latino.

2525 2153 2854 2220 QU/ESTIO
2909 2157 2997 2212 Vl.

2037 2241 2125 2296 10.
2158 2241 2254 2298 Dic
2282 2244 2439 2310 mihi,
2471 2242 2814 2318 Evangelium
2846 2247 2897 2303 in
2927 2248 3084 2319 cujus
3112 2251 3290 2321 lingua
3322 2253 3555 2311 dicitur?

1962 2331 2019 2388 lu
2051 2330 2280 2399 Graeca;
2313 2346 2366 2389 et
2394 2338 2446 2390 in
2474 2335 2687 2406 Latina,
2716 2338 2767 2392 id
2793 2349 2899 2406 est,
2932 2340 3066 2397 bona
3097 2346 3383 2401 nuntiatio.

2523 2448 2843 2515 QII/EST“)
2882 2452 2996 2507 Vll.

2035 2558 2124 2613 11.
2165 2557 2261 2613 Dic
2313 2559 2468 2624 mihi,
2500 2576 2595 2627 pro
2641 2579 2749 2632 quo
2797 2565 2931 2619 dixit
2980 2567 3236 2624 Dominus
3282 2572 3347 2626 ad
3390 2572 3561 2626 Abra-

1963 2649 2083 2703 ltam
2108 2668 2122 2704 :
2150 2649 2255 2705 Exi
2286 2653 2349 2706 de
2380 2653 2538 2725 251
2568 2665 2705 2709 terra
2731 2665 2842 2723 tua,
2873 2668 2924 2712 et
2952 2662 3014 2713 de
3042 2665 3345 2733 cognatione
3370 2676 3476 2730 tua,
3509 2678 3557 2720 es

1965 2741 2028 2793 de
2055 2741 2206 2796 domo
2228 2744 2389 2814 patris
2419 2746 2495 2798 tui
2525 2745 2678 2815 (Gen.
2723 2765 2820 2813 xu,
2846 2749 2940 2816 1)?
2974 2752 3240 2809 Abraham
3273 2772 3553 2825 personam

1965 2832 2161 2885 Christi
2208 2834 2446 2902 gerebat.
2497 2835 2649 2892 Sicut
2697 2839 2964 2893 Abraham
3008 2842 3211 2898 dimisit
3252 2856 3468 2909 terram.
3502 2860 3557 2904 ct

1963 2925 2364 2992 cognationem,
2395 2934 2450 2979 et
2478 2927 2695 2982 domum
2725 2930 2893 2999 patris
2924 2933 3003 2986 sui
3030 2950 3044 2998 ;
3072 2938 3217 2989 Venit
3248 2938 3299 2990 in
3334 2947 3554 3004 terram,

1963 3028 2122 3078 quam
2175 3014 2511 3084 ignorabat:
2562 3018 2634 3072 ita
2691 3028 2746 3074 et
2793 3022 3037 3079 Christus
3076 3028 3280 3082 dimisit
3337 3040 3554 3100 gentem

1962 3120 2138 3170 suam,
2176 3107 2275 3161 hoc
2300 3118 2404 3175 est,
2437 3109 2771 3168 Judceorum.

2038 3196 2125 3251 12.
2172 3199 2244 3251 lta
2290 3200 2500 3254 eximus
2531 3203 2599 3257 de
2653 3212 2797 3259 terra
2843 3216 3024 3261 nostra
3072 3224 3191 3277 nos,
3233 3214 3445 3283 quando
3485 3216 3554 3271 de

1961 3287 2163 3344 divitiis
2189 3289 2348 3359 hujus
2397 3294 2579 3347 mundi
2611 3335 2627 3359 ,
2659 3306 2710 3350 et
2757 3298 2826 3351 de
2855 3297 3198 3357 facultatibus
3245 3313 3552 3362 contemni-

1961 3396 2103 3446 mus,
2133 3392 2188 3437 et
2231 3384 2301 3439 de
2338 3387 2659 3457 cognatione
2697 3400 2902 3456 nostra,
2936 3393 3035 3447 hoc
3062 3405 3163 3458 est,
3201 3396 3363 3466 vitiis,
3397 3410 3448 3453 et
3481 3400 3551 3455 de

1959 3472 2121 3527 domo
2182 3476 2350 3545 patris
2402 3478 2594 3545 nostri,
2654 3482 2751 3533 hoc
2812 3491 2916 3545 est,
2950 3483 3018 3539 de
3078 3488 3339 3543 memoria
3383 3491 3548 3562 hujus

1961 3564 2169 3625 mundi.

2504 3661 2827 3729 QUIES'HO
2870 3664 3004 3722 Vill.

2033 3768 2118 3822 15.
2162 3770 2255 3825 Dic
2283 3774 2436 3838 mihi,
2462 3791 2656 3832 nomen
2688 3781 3038 3846 apostolorum
3064 3797 3216 3853 cujus
3253 3784 3431 3855 lingua
3460 3789 3545 3844 di-

1960 3859 2145 3912 citur?
2176 3862 2473 3933 Respondit
2500 3882 2514 3919 :
2544 3866 2601 3921 lu
2633 3867 2854 3935 Grzca;
2905 3871 2958 3925 in
2988 3871 3175 3928 Latina
3208 3877 3350 3931 missi
3377 3878 3546 3933 inter-

1960 3959 2252 4017 pretantur.

2514 4045 2605 4113 QU
2615 4046 2838 4107 ΑΞΒΤΙΟ
2879 4051 2969 4107 IX.

251 4134 501 4201 peccatis
546 4135 826 4238 purgarii‘
838 4133 1067 4238 Novum,
1115 4137 1332 4207 quando
1373 4150 1626 4211 purgatus
1656 4145 1850 4200 exinde
1878 4164 1927 4231 ο
2030 4152 2117 4207 14.
2159 4155 2253 4209 Dic
2292 4158 2446 4222 mihi,
2481 4160 2752 4231 episcopus
2803 4164 2855 4218 in
2901 4166 3055 4235 cujus
3095 4168 3272 4238 lingua
3316 4171 3546 4230 dicitur?

249 4228 419 4281 fuerit
451 4226 508 4279 in
538 4240 762 4293 regnum
786 4224 1022 4280 Domini.

825 4315 1144 4382 ρυΑεδΤιο
1194 4319 1280 4373 ΙΙΙ.

322 4407 383 4461 7.
431 4406 529 4461 Dic
560 4408 713 4475 mihi,
751 4408 892 4464 liber
927 4412 1117 4479 quibus
1159 4414 1334 4468 modis
1360 4414 1577 4471 dicitur.
1606 4415 1850 4488 Respon-

247 4497 331 4551 dit
358 4516 373 4551 :
397 4498 823 4563 Qualuor:libri
862 4500 1113 4556 dicuntur
1157 4506 1221 4556 ad
1258 4505 1564 4573 legendum,
1602 4511 1687 4565 vel
1715 4511 1849 4566 libe-

248 4593 509 4647 randum.
545 4590 719 4647 Codex
741 4593 937 4648 dicitur
970 4596 1037 4650 ad
1065 4596 1445 4655 condiendum.
1487 4601 1737 4659 Volumen
1765 4606 1845 4660 di-

246 4684 393 4738 citur
422 4684 493 4738 ad
526 4685 865 4740 volvendum.

321 4843 491 4925 Num.
613 4842 689 4897 De
719 4845 822 4900 lioc
843 4861 1028 4925 opere,
1067 4859 1121 4900 et
1149 4847 1218 4903 de
1244 4851 1541 4925 rationibus
1571 4869 1689 4923 quae
1722 4872 1845 4925 per-

247 4915 489 4997 suadent
529 4910 695 4997 fetum
718 4931 844 4997 esse
875 4910 1161 4997 genuinum
1204 4923 1376 4997 sancti
1408 4910 1619 4997 lsidori,
1656 4910 1843 4997 quam—

246 4984 334 5037 vis
369 4984 567 5058 adhuc
606 4986 871 5058 publicam
902 4989 1075 5041 lucem
1120 5006 1225 5045 non
1254 4992 1464 5058 viderit,
1494 4984 1708 5051 abunde
1732 5000 1843 5054 dis~

246 5055 439 5120 putavi
467 5055 518 5107 in
552 5054 884 5119 lsidorianis,
918 5073 1040 5123 cap.
1070 5058 1157 5114 641.
1205 5062 1260 5115 In
1306 5077 1373 5118 eo
1401 5054 1581 5119 autem
1634 5068 1841 5124 descri-

244 5126 435 5178 bendo
484 5125 790 5206 italibrarii
837 5143 1050 5208 errores
1084 5135 1317 5208 correxi,
1359 5144 1417 5188 ut
1458 5152 1838 5208 nonnunquam

242 5208 440 5279 aperta
486 5196 610 5271 vitia
660 5195 865 5279 intacta
908 5198 1237 5279 reliquerim,
1293 5220 1392 5279 ex“
1418 5207 1612 5279 quibus
1648 5195 1840 5279 genius

240 5266 545 5345 scribentis
590 5266 767 5345 colligi
801 5271 989 5336 possit.
1016 5271 1117 5345 Pro
1156 5266 1449 5339 respondit;
1473 5278 1614 5345 quod
1649 5266 1744 5335 cst
1785 5284 1837 5336 in

239 5336 387 5413 I59
424 5335 820 5413 reponiposset
846 5341 1159 5413 respondet,
1205 5335 1297 5396 aut
1334 5335 1691 5413 respondetur.

315 5407 378 5460 ὃ.
424 5406 547 5471 115..
603 5405 687 5460 lea:
717 5406 907 5479 Moysi.
929 5405 1366 5469 ‘Libros'Veteris
1403 5405 1458 5471 et
1492 5419 1623 5473 Now
1653 5405 1838 5477 Testa-

238 5480 417 5531 inenti
442 5480 635 5532 eodem
665 5482 825 5551 modo
848 5483 1182 5551 septuaginta
1211 5484 1348 5539 duos
1381 5487 1617 5544 Isidorus
1647 5509 1836 5549 nume-

237 5557 328 5601 rat
356 5551 412 5601 in
440 5548 748 5613 Prommiis,
777 5548 947 5606 initio.

312 5620 376 5673 5.
425 5619 597 5674 Verba
628 5623 796 5675 sancti
827 5620 970 5677 Petri
1002 5632 1129 5679 sunt
1176 5643 1191 5682 :
1223 5625 1397 5682 Novas
1436 5646 1551 5684 vero
1594 5635 1747 5687 δαῖος
1788 5644 1834 5688 et

239 5705 434 5769 lasani
450 5699 664 5769 terram,
682 5691 959 5769 secundum
989 5697 1238 5764 promissa
1254 5699 1440 5769 ipsius,
1456 5714 1827 5769 exspectamus.

312 5761 372 5814 6.
420 5762 474 5814 lu
507 5760 603 5815 bis.
634 5776 727 5829 pro
748 5762 949 5815 minuta
977 5760 1218 5834 peccata;
1250 5760 1327 5824 sic
1359 5760 1561 5840 passim
1603 5778 1835 5832 occurrit

616 5854 893 5916 Pnnot.
940 5857 1043 5918 LX
1059 5859 1109 5919 Χ
1123 5860 1291 5922 Χιιι.

1960 4243 2254 4314 Respondit
2288 4264 2305 4304 :
2333 4249 2385 4302 ln
2418 4248 2639 4318 Graeca;
2682 4253 2736 4307 in
2784 4255 2970 4311 Latina
3017 4258 3381 4328 speculatores.
3408 4264 3545 4335 Epi-

1958 4351 2147 4406 scopus
2178 4347 2358 4393 autem
2402 4357 2598 4398 nomen
2628 4357 2709 4398 est
2745 4350 2945 4413 oneris,
2989 4365 3096 4405 non
3128 4350 3365 4407 honoris.
3399 4355 3546 4410 Sciat

1956 4441 2019 4480 se
2055 4442 2160 4482 non
2191 4443 2314 4485 esse
2340 4431 2673 4503 episcopum,
2714 4438 2803 4507 qui
2839 4454 3073 4509 praeesse
3100 4441 3394 4513 desiderat,
3433 4462 3541 4501 non

1956 4521 2228 4590 prodesse.

2534 4618 2855 4685 ΟΙΙᾸΞΒἸἹΟ
2895 4622 2960 4678 Χ.

2026 4707 2114 4761 15.
2159 4707 2252 4763 Dic
2301 4710 2460 4775 mihi,
2494 4713 2657 4767 clerus
2694 4712 2744 4767 in
2773 4714 2928 4783 cujus
2958 4718 3133 4786 lingua
3165 4720 3393 4775 dicitur?
3438 4722 3540 4775 lle-

1956 4868 2319 4948 noniinatigus
2350 4887 2449 4948 pro
2475 4872 2708 4948 ablativo
2740 4891 2752 4925 :
2778 4888 2841 4948 ac
2867 4878 3095 4932 fortasse
3126 4879 3405 4948 legendum
3432 4888 3537 4942 crit

1951 4936 2005 5012 in
2027 4955 2183 5012 regno
2216 4936 2442 5006 Domini,
2475 4943 2574 4996 nisi
2605 4944 2817 5011 aliquod
2853 4948 3069 5001 verbum
3102 4936 3260 5005 desit.

1952 5004 2010 5072 4,
2042 5004 2102 5072 5ξ
2122 5010 2177 5073 6,
2202 5004 2453 5066 videntur
2477 5004 2729 5069 collocari
2756 5014 2957 5071 debere
2980 5028 3105 5072 ante
3134 5004 3280 5077 num.
3311 5004 3363 5077 3.

2025 5080 2075 5151 :1.
2116 5080 2274 5136 Forte
2300 5099 2333 5133 α
2360 5085 2639 5149 legendo...
2673 5102 2705 5138 a
2725 5088 3006 5151 condendo,
3042 5100 3147 5144 etc.

2021 5147 2073 5204 8.
2274 5168 2367 5223 pro
2394 5147 2552 5225 quid;
2595 5160 2673 5210 sic
2703 5158 2863 5212 etiam
2905 5147 3052 5213 num.
3086 5161 3169 5216 11.
3213 5161 3375 5221 Forte
3409 5185 3537 5240 pro-

2021 5237 2168 5276 eraut
2212 5265 2223 5276 .

1951 5231 2065 5287 pter
2081 5225 2223 5287 quid.

2019 5238 2454 5368 Eirﬂulzbulgata
2482 5314 2495 5347 :
2522 5294 2786 5368 Egredere
2810 5298 2875 5352 de
2903 5308 3062 5365 terra,
3093 5309 3198 5356 etc.

2019 5361 2107 5417 i2.
2154 5365 2254 5439 |’_ro
2276 5361 2643 5439 contemnimus
2669 5367 2810 5425 forte
2836 5361 3141 5439 recedimus,
3177 5374 3258 5431 vel
3289 5380 3529 5433 concedi.

1945 5449 2079 5497 mus,
2113 5436 2196 5489 Vel
2226 5438 2583 5491 contendimus
2608 5441 2766 5493 exire.

2016 5504 2105 5579 14.
2146 5505 2377 5561 Sanctus
2407 5511 2754 5575 Augustinus.
2782 5510 2850 5565 de
2878 5513 3039 5567 Civit.
3076 5514 3193 5579 Dei,
3219 5533 3267 5571 c.
3299 5520 3399 5574 £9:
3431 5520 3532 5578 Its-

1942 5574 2158 5645 telligat,
2186 5593 2289 5656 non
2318 5574 2514 5656 se__esse
2552 5581 2869 5656 episcopum,
2912 5586 3000 5653 qui
3030 5574 3247 5656 precs“
3266 5574 3523 5656 dilexerit.

1942 5662 2041 5730 non
2070 5650 2324 5729 prodesse.
2358 5648 2490 5730 Vide
2536 5652 2694 5703 etiam
2726 5648 3100 5730 Qtimstionum
3127 5656 3393 5730 dialogum
3424 5648 3527 5720 sub

1946 5717 2225 5787 Augustini
2254 5720 2471 5775 nomine
2499 5732 2688 5791 quaest.
2718 5717 2888 5779 ultitn.

3004 5887 3041 5947 7
