4064 6170
433 273 539 327 20ῗῖ

1459 264 1517 317 S.
1561 262 1812 318 IS‘IRORI
1858 257 2306 315 IIISPALENSIS
2350 257 2655 312 EPISCUPI

3594 252 3703 307 ΞΜ

431 380 645 449 spondit
677 398 688 429 τ
719 379 773 435 ltt
803 378 1022 441 Graeca;
1057 376 1108 430 in
1148 373 1330 427 Latina
1361 386 1479 425 sors
1513 372 1718 425 Domini
1752 371 2011 440 iuterprc-
2041 375 2089 429 Λ
2120 366 2241 422 fecit
2270 408 2282 432 ,
2336 367 2661 435 baptismum
2732 378 2861 418 vero
2929 363 2994 415 atl
3061 360 3419 428 incipiendum
3475 360 3700 417 Novum.

435 484 593 527 tatur.

1001 554 1315 621 QU/ESTIO
1366 553 1453 608 XI.

508 654 597 709 lli.
646 654 738 706 Dic
783 650 932 714 mihi,
966 647 1093 701 abba
1123 663 1222 717 qua
1260 648 1436 717 lingua
1478 643 1705 698 dicitur?
1738 643 2011 706 Hebratce,

435 747 621 800 Graece
648 754 812 813 pater,
845 741 1030 795 Latine
1061 740 1279 809 genitor.

694 820 703 827 ’
991 828 1305 899 ρυιιΕδτιο
1346 831 1456 887 χιι.

504 932 594 987 17.
637 926 733 985 Dic
754 928 908 993 mihi,
957 928 1045 997 qui
1096 927 1297 995 primus
1326 925 1423 979 fuit
1478 923 1741 981 clericus?
1783 921 2023 990 Respon—

435 1027 511 1080 dit
536 1039 551 1078 :
579 1021 811 1078 Sanctus
838 1018 1047 1075 Petrus.

984 1129 1304 1197 QUAESTIU
1344 1128 1479 1183 XIII.

2650 455 2975 524 QUIESTIO
3019 455 3179 509 XXII.

2190 551 2283 605 27.
2326 550 2420 605 Dic
2471 549 2602 603 mihi
2629 589 2645 612 ,
2690 563 2787 603 cur
2815 547 3003 602 esuriit
3029 546 3313 603 Salvator?
3346 546 3413 601 Ut
3460 546 3705 603 illuderet

2120 649 2394 703 Satanam.

2636 713 2960 782 QUIESTIO
2989 712 3175 767 XXIII.

2191 808 2282 863 28.
2328 807 2420 861 Dic
2447 806 2602 871 mitti,
2629 821 2724 860 cur
2746 822 2851 860 non
2883 804 3110 873 amplius
3143 820 3208 857 χι.
3238 802 3424 857 diebus
3442 801 3709 874 jejunavit

2123 901 2405 956 Christus?
2457 899 2794 969 Respondit:
2839 895 2909 954 Ut
2964 899 3130 969 Moysi
3188 908 3241 953 et
3298 896 3428 954 Elia:
3479 912 3710 954 concor-

2124 994 2293 1049 daret.

2649 1061 2965 1130 QUAESTIO
2995 1060 3185 1115 XXIV.

2197 1149 2289 1207 29.
2333 1152 2425 1207 Dic
2470 1153 2623 1217 mihi,
2674 1152 2945 1222 quomodo
3001 1163 3152 1219 pater
3203 1149 3508 1204 Judteorum
3558 1164 3714 1203 men-

512 1231 671 1303 252
712 1227 800 1283 ¹8⁶
842 1226 941 1281 Dic
982 1225 1136 1288 "m'i'
1187 1231 1383 1290 quam“
1412 1229 1531 1274 sum
1578 1233 1696 1287 "me
1739 1216 2025 1312 ex__"il’il°
2130 1245 2230 1300 dax
2283 1246 2413 1299 fuit?
2461 1246 2516 1299 Id
2568 1254 2651 1299 est
2675 1216 2705 1297 ε-
2738 1244 2866 1297 Cain
2917 1216 3067 1312 pater
3130 1238 3434 1296 Judmorum
3498 1252 3717 1293 voratus

440 1324 647 1380 ereavit
697 1320 1039 1387 omnipotens
1092 1314 1270 1370 Deus?
1326 1311 1662 1380 Respondit:
1699 1325 1770 1373 tv,
1813 1307 1864 1361 id
1921 1316 2025 1373 est,

445 1418 688 1487 angelus,
739 1425 795 1469 et
846 1413 1049 1474 anima,
1093 1408 1314 1473 cretum,
1354 1415 1407 1460 et
1437 1414 1597 1460 terra.
1631 1402 1870 1470 Reliqua
1899 1414 2026 1455 vero

444 1516 704 1563 creatura:
736 1520 798 1558 ex
832 1502 961 1572 ipsis
993 1498 1306 1569 procedunt.

992 1611 1315 1680 QUAES'I‘IO
1357 1608 1490 1663 XIV.

519 1712 606 1767 l9.
646 1709 744 1766 Dic
788 1708 941 1773 mihi,
974 1707 1167 1761 ccelum
1209 1704 1332 1773 quid
1382 1700 1733 1767 intelligitur?
1777 1698 2024 1766 Respon-

446 1804 520 1857 dit
547 1800 842 1870 :Angelus,
895 1761 952 1851 et
989 1804 1154 1860 terra,
1187 1761 1239 1847 id
1285 1802 1409 1856 est...
1436 1761 1617 1846 sancta
1668 1761 1926 1844 Ecclesia.
1966 1787 2032 1841 Et
2063 1761 2109 1795 ³)

446 1895 641 1951 caelum
671 1892 863 1947 animae
888 1887 1067 1959 justw,
1094 1895 1151 1940 et
1181 1894 1320 1940 terra
1344 1891 1673 1951 peccatores.

1002 1999 1091 2068 QU
1102 1996 1323 2053 [ESTIO
1363 1993 1479 2049 XV.

521 2100 615 2156 20.
657 2098 754 2153 Dic
795 2094 947 2159 mihi,
996 2093 1193 2163 quibus
1236 2088 1409 2143 modis
1454 2086 1692 2141 creditur
1722 2085 1899 2139 Deus?
1930 2084 2036 2138 Re-

456 2188 707 2259 spondit:
738 2186 933 2240 Tribus
980 2184 1096 2238 sive
1142 2191 1390 2250 quatuor,
1441 2177 1492 2231 td
1524 2185 1629 2241 est,
1671 2176 1810 2229 Dens
1841 2175 2035 2239 bonus,

454 2284 745 2351 perfectus,
792 2275 1161 2344 omnipotens,
1204 2270 1567 2333 sempiternus
1613 2265 1839 2321 debetur
1866 2263 2038 2328 credi,

454 2375 579 2446 quia
608 2374 726 2429 sine
755 2371 838 2426 his
865 2369 971 2423 dici
996 2381 1101 2422 non
1127 2374 1302 2433 potest
1331 2363 1491 2417 Deus.

997 2475 1318 2545 QUIES'I‘IO
1359 2472 1496 2528 xw.

530 2577 622 2633 21.
666 2574 761 2631 Dic
790 2574 942 2635 mihi,
980 2571 1175 2640 quibus
1222 2568 1395 2621 modis
1436 2568 1689 2620 aduratur
1733 2564 1910 2618 Deus?
1941 2561 2041 2616 Re-

461 2669 679 2739 spondit
718 2666 995 2721 :Tribus:
1051 2664 1139 2732 qui
1191 2661 1469 2721 adoratur,
1516 2672 1623 2712 non
1678 2656 1897 2719 adorat;
1952 2656 2043 2724 qui

461 2768 673 2815 creator
702 2768 808 2824 est,
839 2765 895 2811 et
934 2770 1039 2809 non
1071 2762 1355 2818 creatura;
1405 2751 1496 2821 qui
1525 2750 1643 2805 sine
1675 2760 1892 2818 peccato
1937 2755 2040 2812 est,

462 2861 519 2905 et
549 2858 762 2921 peccata
792 2847 1031 2903 dimittit.

984 2956 1311 3022 QUESTIO
1356 2955 1522 3015 XVII.

531 3055 625 3112 22.
665 3055 764 3111 Dic
813 3054 966 3119 mihi,
996 3053 1188 3121 quibus
1229 3050 1402 3103 modis
1452 3047 1576 3101 facit
1608 3047 1746 3101 Deus
1785 3044 2045 3115 justitiam

465 3161 587 3202 cum
618 3145 818 3200 sanctis
846 3143 993 3199 suis?
1027 3140 1359 3209 Respondit:
1386 3138 1621 3193 Tribus:
1658 3146 1940 3201 monstrat,
1990 3146 2046 3190 ut

464 3237 672 3302 sciant;
707 3236 1014 3305 persuadet,
1045 3232 1341 3300 utdiligant
1365 3247 1379 3296 ;
1404 3229 1640 3297 adjuvat,
1668 3238 1725 3283 ut
1752 3226 2048 3297 perﬁciant.

980 3344 1300 3414 QUIESTIO
1343 3340 1523 3398 XVIII.

538 3440 633 3495 23.
676 3438 772 3495 Dic
804 3438 958 3505 mihi,
992 3453 1088 3492 cur
1120 3436 1288 3491 Adam
1317 3445 1521 3501 accepit
1563 3430 1918 3487 mandatum?
1947 3430 2049 3484 Re-

464 3528 680 3598 spondit
710 3546 721 3580 :
747 3526 824 3583 Ne
850 3543 909 3583 se
939 3528 1106 3581 Deum
1138 3535 1371 3592 putaret.
1393 3525 1487 3577 sed
1512 3522 1807 3578 subditum.

1005 3615 1322 3682 ρυίεετιο
1363 3614 1501 3668 XIX.

536 3711 696 3783 253
756 3710 847 3763 24.
893 3708 988 3763 Dic
1019 3707 1184 3772 mihi,
1219 3722 1314 3761 cur
1342 3706 1521 3760 vultus
1576 3705 1743 3775 Moysi
1795 3702 2051 3758 terribilis

466 3805 658 3858 eratin
688 3802 925 3873 populo?
982 3797 1278 3870 Respondit
1320 3797 1502 3864 :Quia
1545 3794 1913 3867 peccatoribus
1976 3796 2050 3849 le-

464 3910 581 3965 gem
610 3894 785 3948 dabat.

1016 3983 1337 4051 QUIESTIO
1377 3980 1493 4037 XX.

537 4078 630 4132 25.
673 4078 769 4132 Dic
799 4077 957 4141 mihi,
991 4076 1043 4128 in
1066 4074 1394 4144 Apocalypsi
1426 4088 1520 4138 iro
1567 4086 1673 4139 quo
1702 4071 1832 4125 dicit
1862 4086 1877 4123 :
1909 4070 2052 4122 Acci-

466 4186 527 4239 pe
559 4168 767 4231 librum,
791 4176 837 4220 et
868 4166 1075 4219 comede
1102 4162 1284 4230 illum;
1315 4170 1362 4216 et
1394 4164 1489 4215 erit
1534 4164 1588 4215 in
1614 4178 1700 4217 ore
1731 4177 1839 4215 meo
1869 4162 2049 4223 dulcis,

466 4264 615 4330 quasi
670 4261 791 4327 mel,
845 4269 890 4313 et
945 4275 1152 4311 amarus
1184 4260 1438 4311 :‘ncentre
1491 4255 1690 4325 (Apoc.
1718 4270 1772 4315 ι.
1824 4254 2054 4321 9,10)?

470 4354 768 4423 Respondit
801 4371 813 4405 :
848 4352 1056 4406 Mellica
1104 4358 1189 4405 est
1230 4350 1504 4417 Scriptura
1550 4347 1603 4403 in
1653 4363 1747 4403 ore
1778 4349 2051 4414 Ecclesiae,

469 4445 557 4513 qui
580 4444 1015 4513 suntsapientes,
1048 4450 1101 4496 et
1123 4440 1346 4506 ﬁdeles;
1379 4455 1561 4494 amara
1592 4448 1674 4495 est
1705 4440 1756 4493 in
1789 4441 2053 4496 haereticis

468 4534 833 4591 saevientibus.

1005 4622 1329 4691 QUASSTIO
1376 4622 1519 4678 XXI.

539 4718 631 4774 26.
672 4718 767 4774 Dic
784 4718 936 4783 mihi,
961 4732 1057 4771 cur
1083 4715 1432 4772 circumcisus
1464 4724 1547 4770 cst
1573 4714 1848 4779 Dominus,
1877 4724 1929 4769 et
1949 4716 2054 4770 cir-

468 4812 774 4867 cumcidere
792 4826 896 4866 non
912 4808 1403 4865 debenthomiues?
1430 4806 1724 4874 Respondit
1756 4824 1768 4859 :
1797 4807 1926 4874 Quia
1950 4811 2049 4862 cir-

469 4902 849 4959 cnmcisionem
911 4900 979 4957 ad
1056 4899 1349 4956 ﬁniendum
1424 4896 1589 4952 Vetus
1645 4896 2048 4953 Testamentum

544 5078 631 5134 t8.
673 5076 801 5144 Legi
834 5083 1010 5147 potest
1056 5072 1303 5127 Dominus
1351 5082 1449 5147 pro
1482 5066 1654 5133 Deus;
1702 5076 1909 5147 etmox
1949 5084 2047 5120 an-

473 5154 573 5222 geli
597 5166 613 5213 ;
645 5151 711 5222 ἱηΔ
730 5141 943 5222 his-est
970 5149 1179 5222 angelos
1207 5151 1263 5222 (δέ
1289 5141 1510 5222 reliquas
1637 5146 1918 5222 creaturas.

440 5208 501 5292 .’
542 5208 634 5275 ﬁt}.
673 5218 832 5284 Cod.,
858 5208 1169 5272 credetur...
1214 5210 1383 5266 Deum
1432 5208 1642 5276 bonum,
1673 5218 1804 5275 etc.,
1845 5209 2053 5262 debetur

473 5293 696 5345 credere.

548 5362 639 5415 21.
681 5358 867 5412 Melius
885 5358 1157 5412 videretur
1183 5355 1305 5424 quia
1340 5352 1608 5417 adoretur,
1639 5358 1745 5405 etc.
1774 5349 1839 5404 Et
1860 5349 2053 5404 iterum

476 5447 539 5486 ac
570 5430 748 5493 tertio,
769 5432 892 5497 quia
918 5444 1015 5496 pro
1036 5427 1143 5497 qui.

548 5500 619 5554 25
683 5494 843 5553 Forte
872 5494 1151 5566 legendum
1177 5513 1231 5550 se
1259 5494 1556 5548 Dominum.
1585 5564 1593 5566 _
1895 5562 1905 5566 _
2052 5540 2055 5543 .

549 5569 641 5623 25.
683 5570 854 5623 Verba
895 5562 1279 5635 Kpocalypsis:
1309 5566 1495 5635 Accipe
1534 5564 1769 5635 librum,
1798 5570 1846 5614 et
1871 5562 2055 5615 devora

483 5643 699 5694 illum...
743 5648 793 5692 et
817 5648 925 5692 erat
953 5638 1007 5689 in
1030 5634 1115 5689 ore
1143 5634 1513 5703 meotanquam
1534 5634 1635 5687 mel
1659 5634 1828 5701 dulce,
1859 5642 1904 5687 et
1936 5646 2053 5685 cum

482 5714 797 5767 devertissem
829 5725 963 5775 eum,
991 5709 1297 5761 amaricatus
1320 5716 1391 5759 est
1422 5714 1591 5759 uenter
1619 5718 1778 5758 meus.

2129 1346 2231 1403 est,
2285 1337 2371 1408 qui
2401 1336 2545 1389 dixit
2594 1336 2868 1390 Domino:
2907 1333 3092 1389 Nescia
3134 1333 3222 1387 ubi
3260 1342 3332 1387 est
3372 1332 3527 1403 frater
3551 1348 3713 1396 metu,

2132 1444 2292 1497 quem
2345 1426 2634 1481 occiderat.
2692 1426 2758 1481 Et
2780 1434 2931 1493 pater
2984 1423 3152 1485 Cain.
3209 1423 3403 1489 idest,
3453 1422 3715 1486 diabolus,

2131 1520 2219 1590 qui
2252 1520 2504 1574 mentitus
2551 1527 2633 1572 est
2672 1517 2802 1571 Ada:
2845 1534 2858 1569 :
2897 1516 3045 1582 Quod
3072 1532 3172 1568 non
3196 1525 3359 1569 morte
3400 1514 3720 1579 morieris,“

2134 1620 2441 1682 pra'ceptum
2466 1610 2778 1663 dominicum
2810 1618 3153 1678 transgressus
3184 1608 3360 1676 (ueris.

2648 1698 2972 1765 QUESTIO
3014 1698 3186 1753 XXV.

2213 1793 2375 1866 254
2409 1792 2498 1846 30.
2536 1792 2627 1845 Dic
2666 1792 2814 1855 tnihi,
2860 1805 2958 1844 cur
2987 1790 3185 1844 dictum
3208 1799 3329 1844 est:
3368 1786 3587 1841 Oculum
3630 1805 3723 1857 pro

2138 1886 2307 1951 oculo,
2340 1887 2540 1938 dentem
2566 1898 2657 1951 pro
2680 1884 2847 1945 dente,
2872 1892 2926 1936 et
2949 1881 3149 1950 reliqua
3186 1893 3306 1947 quat
3331 1880 3396 1932 ad
3436 1879 3722 1933 vindictam

2141 1978 2445 2048 pertinent?
2488 1976 2830 2046 Respondit:
2888 1974 2952 2031 Ut
2995 1982 3138 2029 esset
3194 1975 3351 2027 timor
3401 1973 3451 2027 in
3506 1973 3724 2043 populo,

2139 2086 2206 2126 ne
2244 2071 2533 2141 quidquam
2574 2069 2760 2124 liceret
2786 2068 2927 2138 quod
2969 2069 3066 2121 sibi
3101 2067 3331 2121 nolebat.

2650 2160 2977 2228 QUESTIO
3017 2160 3210 2215 XXVI.

2214 2257 2304 2310 5|.
2351 2254 2442 2309 Dic
2483 2255 2634 2321 mihi,
2682 2256 2892 2324 justitia
2923 2255 3116 2324 quibus
3162 2256 3247 2310 vel
3297 2255 3509 2325 quantis
3555 2253 3729 2309 modis

2145 2348 2379 2401 dicitur?
2413 2346 2707 2412 lieSpondit
2730 2363 2742 2398 :
2768 2345 3014 2413 Quinque
3048 2344 3282 2415 .jnstitia
3317 2346 3524 2400 Veteris
3544 2343 3730 2398 Testa-

2118 2439 2332 2505 'menti,
2363 2438 2567 2508 justitia
2601 2438 2731 2492 Novi
2781 2437 3134 2503 Testatncnti,
3162 2437 3365 2506 justitia
3397 2438 3462 2489 ad
3488 2435 3729 2505 judican-

2146 2537 2295 2601 dum,
2322 2534 2528 2603 justitia
2557 2533 2621 2587 ad
2672 2533 3119 2598 misericordiam,
3168 2533 3394 2601 justitia,
3436 2545 3554 2600 qua:
3584 2530 3731 2583 vide-

2151 2637 2237 2681 tttr
2265 2627 2331 2682 ab
2365 2626 2672 2682 hominibus
2700 2641 2842 2679 esse.

2670 2715 2989 2784 QU/ESTIO
3034 2714 3243 2770 xxvu.

2222 2810 2311 2867 52.
2355 2809 2450 2865 Dic
2489 2808 2644 2876 mihi,
2692 2818 2888 2876 quanta
2937 2808 3176 2863 continet
3206 2806 3341 2875 ignis
3373 2806 3423 2859 in
3453 2804 3544 2859 se?
3572 2818 3645 2864 tv.
3678 2804 3730 2857 id

2150 2913 2254 2970 est,
2302 2902 2427 2965 urit,
2461 2902 2746 2966 illuminat,
2778 2900 3027 2955 calefacit
3051 2912 3105 2955 et
3132 2899 3445 2953 sanctiﬁcat.
3477 2896 3735 2952 Sanctili-

2150 3008 2275 3049 care
2323 3002 2500 3047 autem
2543 2991 2755 3063 proprie
2805 2993 2855 3045 in
2907 3007 3002 3045 sua
3043 2999 3230 3045 natura
3262 3005 3367 3045 non
3399 2989 3575 3055 habet,
3612 2988 3737 3042 licet

2074 3114 2118 3175 c
2154 3085 2377 3155 ﬁguram
2424 3084 2654 3154 Spiritus
2699 3086 2868 3139 sancti
2924 3092 3121 3145 teneat,
3164 3083 3251 3151 qui
3280 3083 3383 3135 urit
3422 3080 3737 3147 vitia,cale-

2155 3179 2281 3234 facit
2324 3178 2567 3247 frigidam
2615 3177 2869 3243 animam,
2900 3176 3200 3229 sanctiﬁcat
3229 3181 3582 3242 peccatorem,
3609 3171 3735 3226 illu-

2154 3272 2321 3325 minat
2341 3285 2456 3335 cor,
2482 3270 2622 3324 unde
2654 3270 2899 3323 tenebras
2948 3266 3258 3335 ignorantiae
3287 3266 3451 3335 fugat.

2650 3358 2970 3426 QUA‘ISTIO
3002 3357 3237 3413 XXVIII.

2226 3451 2313 3509 33.
2356 3454 2450 3506 Dic
2500 3453 2651 3517 mihi,
2702 3453 2827 3521 quid
2860 3452 3170 3521 intelligitur
3214 3454 3262 3505 in
3296 3450 3397 3503 hoc
3439 3448 3577 3517 quod
3607 3447 3741 3501 dici-

2158 3555 2280 3599 tur:
2315 3546 2395 3598 Da
2424 3556 2593 3615 partes
2618 3560 2712 3601 vtt.
2741 3560 2938 3597 necnon
2967 3553 3013 3597 et
3048 3558 3158 3597 vttt.
3195 3541 3491 3609 Respondit
3526 3542 3739 3595 :Judzei

2156 3654 2260 3691 non
2291 3636 2555 3691 dederunt
2581 3648 2759 3703 partes
2785 3651 2899 3699 vut,
2925 3635 3256 3704 denegantes
3288 3631 3737 3685 resurrectionem

2155 3730 2258 3784 diei
2294 3728 2618 3794 Dominicce;
2673 3729 2765 3782 sed
2812 3728 3069 3781 dederunt
3105 3734 3283 3794 partes
3330 3741 3419 3787 vn,
3458 3725 3742 3777 credentes

2155 3821 2411 3876 Sabbato.
2454 3819 2534 3875 Tu
2566 3835 2693 3873 vero
2722 3819 2881 3874 crede
2910 3828 2960 3872 et
2994 3819 3197 3871 honora
3230 3824 3533 3885 utrumque,
3560 3814 3609 3866 id
3632 3825 3741 3875 est,

2158 3926 2292 3965 nova
2342 3917 2397 3966 et
2424 3922 2603 3966 vetera
2636 3910 2792 3980 legis,
2826 3919 3014 3965 utnon
3045 3909 3117 3963 sis
3144 3908 3379 3971 Iudaeus,
3412 3919 3582 3976 neque
3608 3919 3739 3976 gen-

2159 4007 2284 4061 tilis.

2670 4074 2989 4143 QUAZSTIO
3028 4071 3224 4128 XXIX.

2228 4166 2315 4223 54.
2362 4166 2455 4220 Dic
2499 4166 2647 4230 mihi,
2696 4181 2791 4220 cur
2821 4174 2981 4233 caput
3011 4164 3348 4218 nominatur?
3395 4160 3740 4230 Respondit:

2157 4261 2235 4315 En
2264 4262 2401 4331 qttud
2435 4260 2559 4315 hinc
2608 4258 2819 4329 capiunt
2853 4258 3058 4311 iuitiurn
3093 4271 3285 4311 sensus
3312 4264 3366 4310 et
3397 4255 3563 4309 nervi.

2707 4347 3026 4417 QUA'ZSTIO
3070 4346 3238 4402 XXX.

2172 4494 2175 4497 .
2231 4447 2391 4518 255
2430 4445 2517 4498 53$.
2565 4446 2655 4499 Dic
2678 4444 2829 4509 mihi,
2860 4444 3174 4511 eleemosyna
3198 4454 3300 4509 qua
3329 4439 3501 4509 lingua
3525 4435 3745 4499 dicitur,

2158 4538 2240 4592 vel
2292 4538 2415 4606 quid
2449 4534 2867 4604 interpretatur?
2924 4530 3109 4585 Graece
3156 4530 3352 4584 dicitur
3399 4528 3744 4596 elemosyna,

2158 4630 2299 4698 quod
2348 4629 2533 4684 Latine
2564 4628 2759 4682 dicitur
2801 4626 2895 4679 Dei
2922 4626 3019 4680 mei
3047 4623 3353 4677 muneratio.
3391 4620 3747 4675 Misericordia

2160 4736 2189 4775 a
2222 4722 2403 4774 misero
2439 4720 2590 4774 corde
2634 4719 2771 4773 dicta
2820 4736 2833 4771 :
2869 4718 3009 4773 unde
3041 4716 3296 4771 Dominus
3325 4712 3629 4768 misericors
3657 4711 3745 4764 di-

2160 4814 2317 4876 citur,
2376 4822 2429 4867 et
2473 4813 2613 4882 quod
2673 4811 2923 4867 subvenit
2950 4810 3150 4866 homini
3200 4808 3396 4863 misero
3438 4805 3600 4862 corde
3636 4805 3745 4858 ha-

2161 4901 2329 4956 benti.

2163 5142 2193 5194 h
2230 5072 2320 5126 26.
2364 5071 2521 5129 Forte
2563 5072 2855 5127 circumcidi
2886 5088 2988 5124 tton
3025 5069 3205 5124 debent
3232 5084 3441 5134 omnes;
3471 5071 3616 5139 prius
3646 5063 3748 5122 fuit

2200 5157 2392 5194 omnes.

2200 5157 2392 5197 omnes.

2233 5212 2320 5267 50.
2364 5212 2524 5268 Forte
2553 5214 2705 5267 licere
2731 5229 2825 5281 pro
2866 5213 3059 5265 liceret.

2234 5282 2325 5338 52.
2368 5284 2423 5338 1η
2449 5286 2547 5339 Ms.
2579 5284 2696 5338 lecit
2723 5300 2817 5354 pro
2844 5284 3064 5354 licet,_et
3092 5283 3215 5334 lenit
3242 5295 3337 5350 pro
3374 5289 3559 5334 teneat.

2235 5355 2325 5409 55.
2365 5355 2491 5421 Ms.,
2537 5351 2933 5423 vetera—legem.
2984 5351 3143 5406 Forte
3195 5369 3374 5405 novam
3431 5362 3473 5405 et
3527 5359 3743 5423 veterem

2165 5423 2345 5496 legem.
2376 5426 2511 5491 Quid
2563 5426 2664 5478 sibi
2694 5422 2854 5479 velint
2875 5424 2972 5496 Im
3000 5434 3169 5496 partes
3198 5437 3390 5496 samem
3421 5430 3465 5496 et
3515 5431 3625 5475 octo
3662 5422 3752 5474 in-

2162 5494 2394 5549 dicatum
2430 5497 2529 5549 fuit-
2550 5498 2598 5548 in
2625 5496 2761 5549 libro
2782 5496 2849 5547 de
2872 5494 3141 5556 Numeris,
3172 5495 3236 5546 ad
3268 5509 3386 5559 cap.
3412 5494 3465 5547 9.

2232 5564 2321 5620 54.
2368 5565 2485 5620 Vel.
2514 5565 2670 5627 Cod..
2700 5568 2972 5628 capiuntur
3013 5566 3212 5617 initium
3233 5565 3386 5616 sensi.

2233 5636 2321 5693 '55.
2364 5637 2525 5694 Forte
2554 5653 2612 5692 eo
2638 5640 2774 5706 quod
2802 5639 3024 5691 subvenit
3048 5636 3237 5690 homini
3260 5635 3495 5688 miserum
3523 5646 3628 5688 cor.
