4034 6148
319 237 423 290 SUB

820 352 1142 419 QUJESTIU
1185 353 1377 407 XXXI.

381 447 465 504 36.
514 447 605 501 Dic
650 446 799 512 mibi,
849 456 1100 515 quantos,
1127 446 1210 498 vel
1243 446 1428 513 quales
1458 444 1677 513 Spiritus
1702 442 1903 497 creavit

314 540 648 608 omnipotens
692 537 873 591 Deus?
920 536 1217 605 Respondit
1258 553 1271 588 :
1322 536 1504 590 Tres:
1557 551 1718 589 unum
1746 576 1761 600 ,
1812 535 1903 605 qui

312 647 471 687 Carne
518 647 623 686 non
670 630 886 700 tegitur,
922 629 973 683 id
1022 639 1123 693 est,
1172 629 1523 697 angelorum;
1576 628 1763 692 alium,
1813 628 1902 696 qui

312 738 473 777 carne
522 722 739 791 tegitur,
800 730 983 774 etnon
1006 734 1126 773 cum
1182 733 1344 772 carne
1394 719 1671 783 morietur,
1702 719 1752 771 id
1795 729 1900 786 est,

314 814 613 877 hominum;
671 812 911 875 tertium,
957 808 1046 877 qui
1078 823 1242 861 carne
1266 808 1477 873 tegitur,
1508 815 1564 861 et
1592 821 1711 860 cum
1742 822 1904 862 carne

312 904 609 967 morietur,
644 901 695 955 id
727 911 828 966 est,
883 900 1247 968 iumentorum
1289 906 1346 953 et
1376 899 1649 952 brutorum
1696 900 1903 952 anima-

312 997 461 1058 lium.
508 996 685 1050 Homo
730 998 910 1064 itaque
956 995 1094 1046 sicut
1140 993 1192 1047 in
1236 993 1413 1046 medio
1455 1000 1665 1046 creatus
1709 1000 1814 1054 est,
1849 1001 1903 1044 ut

311 1097 454 1140 esset
519 1085 745 1141 inferior
798 1084 1153 1153 angelorum,
1210 1083 1459 1150 superior
1505 1081 1900 1142 iumentorum.

816 1194 1133 1263 quasue
1176 1194 1397 1251 XXXII.

379 1290 474 1341 37.
521 1287 617 1342 Dic
664 1289 816 1353 mihi,
862 1286 1077 1342 dilectio
1115 1289 1199 1342 vel
1231 1288 1465 1343 cbaritas
1522 1305 1575 1341 in
1606 1296 1737 1357 quot
1789 1306 1905 1346 mo—

311 1383 389 1434 dis
415 1384 757 1437 consistunt?
786 1384 837 1435 In
864 1398 937 1435 tv.
968 1382 1077 1436 Iloc
1091 1392 1195 1445 est,
1231 1384 1457 1449 primum
1484 1382 1534 1436 in
1553 1382 1644 1437 Dei
1673 1384 1864 1438 timore
1885 1423 1902 1449 ,

313 1473 391 1524 \el
437 1472 750 1525 dilectione.
799 1470 1148 1535 Secundum,
1181 1474 1319 1525 sicut
1373 1475 1771 1540 nosmetipsos,
1828 1476 1905 1527 sic

318 1561 484 1614 Deum
530 1577 793 1616 amemus.
841 1561 1080 1617 Tertium
1108 1563 1398 1630 proximos.
1450 1564 1708 1631 Quartum
1744 1565 1902 1619 etiam

390 1669 586 1707 "'II".SO

1071 234 1156 287 DE
1198 234 1448 288 \‘ETERI
1493 234 1579 287 ET
1619 232 1802 287 Νυνο
1842 230 2311 287 TESTAMENTU
2353 228 2825 295 QUIES'I‘IUNES.

3479 227 3585 280 206

1927 362 1969 412 Α
2070 349 2161 407 at.
2202 351 2433 416 Quartus
2464 346 2661 418 gradus
2689 347 2966 411 diaconus,
3000 344 3212 415 quando
3268 345 3458 400 laxavit
3488 362 3585 416 pec

2006 442 2102 497 des
2130 441 2510 510 discipulorum
2542 455 2781 493 suorum.

2077 535 2166 589 45.
2208 536 2435 601 Quintus
2478 532 2672 602 gradus
2711 528 3012 599 presbyter,
3054 528 3269 597 quando
3312 526 3591 583 benedixit

2008 641 2220 696 panem,
2258 634 2313 679 et
2337 625 2514 694 fregit,
2548 624 2694 678 dedit
2720 624 2999 690 discipulis
3030 624 3161 675 suis.
3198 623 3331 678 istos
3354 625 3592 693 quinque

2004 715 2200 784 gradus
2230 726 2353 769 ante
2390 716 2691 786 passionem
2737 714 2974 778 implevit
3002 713 3269 768 Christus.

2080 810 2168 863 46.
2212 809 2407 864 Sextus
2449 808 2644 879 gradus
2680 808 2951 872 ostiarius,
3001 807 3214 876 quando
3260 808 3385 860 dixit
3424 824 3437 859 :
3470 806 3606 863 Tot-

2005 899 2094 953 lite
2118 912 2313 969 portas,
2339 902 2617 969 principes,
2641 908 2853 963 vestras,
2882 908 2928 952 et
2947 898 3233 963 elevamini,
3250 909 3413 966 porta:
3439 911 3591 953 teter-

2005 990 2149 1044 nales
2179 990 2411 1060 (Psalm.
2446 1008 2605 1056 xxut,
2641 992 2725 1059 7).

2078 1081 2234 1150 257
2301 1083 2390 1135 47.
2434 1084 2704 1148 Septimus
2756 1081 2949 1149 gradus
2995 1084 3317 1148 episcopus,
3376 1080 3592 1148 quando

2007 1172 2201 1225 lcVaiut
2240 1188 2456 1224 manum
2486 1188 2637 1224 suam
2671 1187 2829 1239 super
2858 1174 3028 1240 capita
3060 1173 3110 1224 di
3144 1173 3441 1239 cipulorum
3468 1187 3593 1226 suo-

2005 1278 2146 1326 rum.
2178 1274 2228 1317 et
2256 1263 2528 1317 benedixit
2561 1279 2671 1316 cos.

2493 1358 2810 1427 ρυΑῆδτιο
2855 1357 3095 1411 xxxw.

2078 1450 2165 1503 48.
2211 1451 2304 1505 Dic
2344 1452 2494 1513 mihi,
2522 1452 2645 1519 qttid
2670 1462 2753 1505 est
2780 1453 2878 1505 hoc
2908 1453 3047 1519 quod
3076 1450 3212 1503 dixit
3259 1450 3512 1505 Dominus
3540 1452 3594 1506 in

2010 1545 2342 1613 Evangelia:
2394 1542 2626 1597 Facilius
2670 1554 2743 1597 est
2775 1544 3023 1597 camelum
3073 1559 3161 1610 per
3182 1543 3411 1613 foramen
3474 1558 3597 1595 acus

1986 1638 2266 1703 ,trauaire,
2338 1654 2489 1707 quant
2560 1638 2766 1691 divitem
2828 1639 2880 1689 in
2908 1654 3121 1708 regnum
3190 1637 3282 1689 Dei
3348 1636 3599 1690 introire?

380 1745 475 1799 ὅτι.
517 1746 687 1800 Deum
719 1762 848 1816 ergo
879 1748 997 1817 plus
1028 1763 1188 1818 quam
1231 1762 1328 1802 nos
1355 1748 1580 1817 diligere
1600 1748 1858 1803 debemus
1887 1766 1899 1801 :

2029 1735 2306 1802 {espondit
2332 1752 2346 1787 :
2378 1735 2513 1799 Quid
2564 1750 2657 1803 per
2685 1734 2946 1788 camelum
2972 1774 2986 1797 ,
3038 1732 3139 1786 nisi
3169 1733 3396 1801 gentiles
3427 1732 3599 1785 homi-

310 1837 616 1902 proximum
644 1878 659 1899 ,
698 1839 835 1892 sicut
866 1855 963 1893 nos
997 1854 1011 1891 :
1041 1840 1334 1904 inimicum,
1366 1850 1425 1892 ut
1467 1840 1788 1908 proximum.
1839 1840 1905 1894 Et

309 1928 411 1981 nisi
465 1927 632 1981 Deum
667 1932 895 1997 primum
928 1930 1293 1997 dilexerimus,
1345 1932 1705 2002 nosmetipsos
1750 1932 1905 1987 mini-

308 2034 391 2073 me
421 2021 653 2089 diligere
678 2026 993 2090 poterimus.

801 2137 1124 2203 QUIESTIO
1167 2139 1405 2195 XXXIII.

373 2226 473 2281 59.
518 2226 615 2282 Dic
641 2228 768 2282 mihi
796 2270 813 2296 ,
845 2246 1064 2299 regnum
1097 2229 1190 2284 Dei
1223 2232 1415 2299 quibus
1447 2232 1621 2287 modis
1650 2232 1907 2303 intelligi-

308 2322 433 2373 tur?
486 2318 783 2388 Respondit
816 2322 1142 2392 :Quinque:
1179 2324 1231 2376 id
1276 2335 1390 2391 est,
1430 2324 1696 2395 Christus,
1753 2326 1905 2392 fides,

310 2412 705 2481 Evangelium,
758 2414 997 2468 Ecclesia
1046 2430 1314 2483 praesens,
1362 2417 1635 2479 velipsum
1682 2433 1903 2487 regnum

306 2505 598 2557 ucturum.
643 2503 759 2557 Non
812 2506 908 2558 fuit
938 2506 1244 2573 pienitentia
1281 2507 1560 2574 prmdicata
1592 2518 1715 2562 ante
1743 2508 1911 2563 Joan-

216 2587 224 2595 ’
305 2610 460 2657 nem,
490 2596 615 2663 quia
647 2597 760 2665 ipse
801 2597 942 2650 dixit
978 2613 992 2652 :
1033 2596 1392 2651 Paenitentiam
1444 2599 1599 2667 agite;
1624 2600 1907 2671 apprOpin-

303 2690 482 2755 quavit
514 2689 648 2741 enim
678 2704 894 2759 regnum
921 2691 1166 2742 cistarum
1198 2690 1425 2760 (Matth.
1454 2707 1533 2757 tu,
1566 2692 1655 2760 2).

808 2803 1127 2870 QUAESTIO
1168 2805 1411 2860 XXXIV.

375 2894 550 2965 256
605 2894 700 2949 ιο.
744 2892 838 2950 Dic
885 2894 1036 2959 mihi,
1084 2912 1178 2966 pro
1203 2898 1397 2966 quibus
1437 2898 1614 2952 causis
1643 2914 1701 2953 se
1740 2900 1909 2955 voluit

309 2984 575 3041 Dominus
624 3002 653 3039 a
701 2986 909 3043 Joanne
960 2988 1262 3057 baptizari?
1300 2989 1632 3057 Respondit:
1675 2992 1778 3045 Pro
1807 3008 1902 3046 iv:

2009 1844 2106 1882 nes
2148 1830 2410 1898 signiﬁcat
2431 1830 2453 1880 ?
2474 1830 2595 1897 quia
2624 1837 2909 1894 antequam
2951 1826 3197 1879 Christus
3227 1827 3455 1889 veniret,
3490 1833 3599 1879 tor-

2006 1920 2165 1984 tuosi,
2192 1928 2245 1973 et
2271 1920 2538 1989 gembrosi
2562 1930 2735 1983 erant,
2764 1920 2901 1973 idola
2930 1917 3223 1981 adurando,
3243 1920 3323 1972 vel
3349 1920 3595 1975 colendo.

2076 2012 2167 2066 49.
2210 2013 2344 2080 Quid
2378 2028 2468 2080 per
2496 2012 2626 2065 illud
2657 2012 2912 2076 foramen,
2944 2012 3042 2065 nisi
3074 2013 3368 2089 IILCM‘DMIO
3398 2011 3596 2065 Christi

2009 2104 2060 2157 in
2100 2118 2250 2157 utero
2294 2112 2492 2156 sanitre
2537 2101 2714 2156 Mariae
2754 2101 3106 2171 describitur?
3159 2101 3293 2168 Quid
3326 2116 3419 2169 per
3449 2102 3597 2155 illum

2006 2195 2249 2257 divitem,
2298 2193 2396 2247 nisi
2433 2193 2626 2255 Judaei,
2670 2193 2758 2261 qui
2803 2194 2871 2247 de
2917 2193 3047 2262 legis
3090 2192 3265 2246 littera
3315 2209 3373 2247 se
3401 2192 3600 2248 divites

2014 2287 2337 2355 Sperabant?

2083 2379 2169 2431 :‘iH.
2211 2380 2331 2432 Tria
2356 2377 2558 2449 refugia
2593 2376 2801 2431 Domini
2834 2376 3119 2441 habebant,
3154 2378 3199 2431 id
3228 2389 3329 2443 εει,
3364 2380 3415 2433 in
3449 2393 3600 2433 mon-

2009 2479 2081 2534 te,
2116 2471 2164 2523 in
2190 2470 2424 2533 dc~erto,
2452 2482 2504 2522 et
2548 2470 2598 2521 in
2634 2484 2798 2523 mare.
2835 2469 3148 2538 Exemplum
3177 2471 3327 2524 nobis
3349 2473 3412 2524 ad
3440 2472 3599 2525 altio-

2013 2575 2123 2612 rem
2152 2557 2413 2627 justitiam
2447 2560 2738 2612 ascendere
2762 2568 3008 2625 tanquam
3043 2562 3092 2611 iu
3124 2570 3332 2625 monte;
3361 2570 3595 2615 contero-

2014 2652 2209 2721 plativa
2234 2651 2446 2717 sectari,
2475 2663 2723 2720 tanquam
2757 2650 2808 2703 in
2841 2651 3082 2715 deserto;
3119 2650 3319 2721 fugere,
3351 2660 3599 2722 tanquam

2015 2744 2062 2798 ir
2093 2758 2259 2798 mare.

2473 2831 2792 2902 QUASSTIO
2829 2832 3095 2890 xxxv”.

2082 2928 2170 2984 51.
2214 2928 2308 2983 Dic
2354 2927 2504 2991 mihi,
2554 2926 2750 2997 quibus
2796 2928 3104 2981 substantiis
3152 2939 3359 2984 constat
3406 2928 3602 2983 homo?

2008 3016 2307 3086 Respondit
2336 3035 2350 3071 :
2379 3018 2571 3072 Tribus
2597 3058 2611 3082 ,
2664 3016 2715 3070 id
2761 3026 2844 3071 est
2868 3058 2883 3082 ,
2930 3018 3103 3071 anima
3128 3028 3183 3072 et
3209 3035 3457 3089 corpore.
3489 3019 3604 3075 Una

311 3079 486 3179 prima
530 3088 589 3133 ut
618 3081 741 3179 quia
786 3084 947 3179 hoino
974 3092 1129 3137 natus
1149 3093 1261 3179 est,
1306 3093 1361 3179 ut
1393 3100 1607 3179 Olltllem
1645 3086 1904 3154 ,ἰιιδίίίίίηη
1935 3100 1981 3163 C
2013 3118 2096 3161 est
2118 3079 2295 3161 anima
2320 3122 2469 3176 quae,
2502 3079 2626 3161 dum
2656 3079 3064 3175 contemplatur,
3096 3079 3450 3179 spiritus-est;
3476 3112 3600 3165 dum

310 3171 564 3239 impleret
616 3181 670 3225 et
718 3173 1092 3227 humilitatem.
1144 3175 1389 3229 Secunda
1464 3176 1797 3247 baptismus,
1853 3190 1911 3234 ut

312 3278 469 3317 suum
522 3266 849 3332 baptismum
900 3266 1137 3321 Joannes
1185 3270 1553 3323 confirmaret.
1604 3272 1801 3335 Tertia,
1854 3284 1911 3325 ut

312 3370 483 3422 aquas
523 3356 763 3411 Joannes
789 3358 1169 3413 sanctilicaret.
1213 3360 1433 3427 Quarta,
1466 3372 1524 3416 ut
1551 3363 1725 3417 nullus
1756 3364 1910 3417 dedi-

313 3458 513 3511 guetur
551 3462 581 3499 a
632 3462 794 3500 servo
823 3464 922 3501 suo
954 3448 1234 3517 baptizari,
1278 3451 1401 3504 dum
1434 3449 1549 3520 ipse
1599 3452 1854 3507 Dominus
1881 3468 1911 3506 a

314 3551 473 3592 servo
501 3553 602 3592 suo
638 3538 937 3608 baptizatus
959 3550 1065 3595 est.

830 3652 1150 3719 QUASSTIO
1190 3653 1402 3710 XXXV.

386 3744 483 3797 41.
529 3742 625 3796 Dic
681 3744 849 3807 mihi,
905 3752 1207 3815 quomodo,
1265 3755 1343 3803 vel
1401 3750 1614 3820 quando
1670 3752 1915 3819 implevit

317 3829 566 3887 Christus
610 3846 815 3901 septem
844 3838 1079 3906 gradus?
1111 3840 1406 3908 Respondit
1434 3858 1447 3893 :
1480 3842 1689 3895 Primus
1718 3842 1913 3911 gradus

320 3923 516 3992 lector,
575 3928 792 3993 quando
847 3932 1055 3997 aperuit
1085 3930 1279 3986 librum
1329 3932 1479 3987 Isaia:
1526 3935 1817 4001 proiiltetm,
1859 3944 1915 3989 et

318 4017 456 4068 dixit
488 4034 500 4073 :
538 4017 771 4086 Spiritus
805 4018 1011 4075 Domini
1035 4039 1190 4090 super
1216 4041 1293 4078 me
1316 4024 1467 4095 (Luc.
1498 4042 1567 4090 tv,
1602 4023 1709 4089 18).

391 4105 483 4157 42.
522 4107 808 4162 Secundus
849 4113 1043 4179 gradus
1080 4115 1365 4181 exorcista,
1399 4116 1612 4185 quando
1657 4116 1813 4185 ejccit
1843 4132 1912 4170 vn

319 4197 589 4252 daemonia
629 4200 697 4253 de
720 4200 880 4255 Maria
914 4204 1245 4274 Magdalene.

390 4290 486 4343 45.
511 4291 730 4347 Tertius
770 4295 965 4363 gradus
1008 4299 1390 4367 subdiaconus,
1422 4302 1637 4371 quando
1670 4301 1794 4355 fecit
1836 4303 1917 4357 vi-

318 4398 445 4436 num
480 4383 548 4439 de
579 4399 716 4455 aqua
749 4385 802 4440 in
830 4387 1051 4443 Chanau
1085 4390 1343 4446 Galilaeae.

2014 3205 2200 3267 sentit,
2235 3217 2427 3257 sensus
2456 3213 2567 3265 est;
2592 3202 2717 3257 dum
2750 3205 2909 3269 sapit,
2944 3202 3118 3255 anima
3146 3214 3258 3267 est;
3291 3204 3414 3256 dum
3444 3204 3603 3257 intelo

2014 3296 2151 3363 ligit,
2200 3295 2354 3351 mens
2394 3307 2503 3361 eSt;
2536 3297 2661 3350 dum
2710 3296 2986 3359 discernit,
3012 3297 3283 3362 ratioest;
3318 3298 3441 3351 dum
3470 3314 3602 3351 con-

2013 3387 2192 3451 sentit,
2229 3386 2477 3443 voluntas
2504 3398 2618 3453 est;
2648 3387 2771 3441 (lum
2818 3387 3149 3452 recordatur,
3198 3388 3454 3442 memoria
3484 3398 3601 3453 est;

2016 3480 2141 3534 dum
2176 3480 2415 3533 membra
2462 3489 2693 3547 vegetat,
2728 3480 2902 3533 anima
2933 3490 3033 3532 est.

2494 3569 2812 3636 QUIESTIO
2851 3570 3135 3625 XXXVIII.

2090 3661 2176 3717 52.
2218 3666 2436 3731 beptem
2487 3670 2611 3716 sunt
2635 3663 2778 3716 modi
2829 3663 3244 3730 prardicatiouis,
3303 3663 3359 3718 id
3385 3667 3605 3729 est,do-

2017 3756 2211 3820 cendo,
2265 3757 2659 3822 persuadendo,
2693 3757 3037 3824 increpando,
3069 3757 3363 3826 arguendo,
3394 3768 3604 3812 terren-

2017 3849 2110 3910 do,
2157 3847 2440 3902 mulceudo
2492 3855 2547 3901 et
2596 3847 2953 3913 promittendo
2989 3864 3001 3897 :
3032 3846 3132 3901 hoc
3192 3857 3295 3911 est,
3361 3849 3604 3904 docendo

2017 3940 2354 4009 discipulos,
2399 3939 2772 4009 persuadendo
2814 3938 3092 4008 personis,
3143 3941 3469 4007 increpando
3512 3957 3603 3996 su-

2024 4034 2250 4103 perbos,
2307 4032 2579 4103 arguendo
2632 4032 2972 4097 contrarios,
3034 4031 3289 4088 terrendo
3345 4036 3605 4103 trepidos,

2020 4125 2301 4178 mulcenda
2358 4123 2663 4187 iracundos,
2716 4124 2880 4194 258
2928 4124 3290 4193 promittendo
3348 4129 3522 4195 pravis
3551 4138 3608 4181 et

2022 4216 2199 4281 houis,
2232 4216 2409 4285 pravis
2437 4224 2719 4277 tormenta,
2758 4217 2906 4269 bonis
2930 4218 3089 4269 vitam
3122 4225 3397 4273 :eternam.

2515 4307 2841 4373 QUAESTIO
2882 4307 3128 4364 XXXIX.

2094 4397 2181 4453 55.
2224 4396 2319 4453 Dic
2341 4397 2495 4464 mihi,
2527 4399 2615 4468 qui
2648 4400 2847 4465 primus
2877 4397 3246 4468 prophetavit?
3274 4399 3565 4468 Respondit
3591 4420 3603 4453 :

388 4568 481 4620 57.
524 4566 683 4629 Cod.,
740 4570 1010 4621 consistent
1058 4583 1155 4635 pro
1209 4570 1519 4636 consistunt,
1570 4579 1624 4623 et
1671 4573 1917 4640 secunda,
1945 4560 2240 4647 DChristo
2286 4573 2585 4624 institutum
2632 4571 2793 4623 fuisse
2823 4570 3155 4647 inchoativa,
3192 4579 3246 4647 et
3276 4571 3602 4647 denotative,

320 4650 527 4706 quarta,
553 4652 651 4707 pro
673 4644 969 4701 secinidum,
995 4650 1250 4708 quartum.

392 4709 486 4763 58.
532 4710 586 4762 lu
621 4708 743 4771 Ms.,
773 4718 1001 4774 potemus
1054 4726 1148 4779 pro
1180 4712 1482 4779 poterimus.
1598 4761 1603 4766 .

391 4782 485 4835 60.
530 4778 814 4852 Praestabit
852 4778 1065 4848 legere,
1089 4791 1324 4847 utaquas
1366 4782 1584 4837 Joannis
1614 4786 1912 4852 sancti/ica-

323 4860 438 4912 ret;
467 4864 588 4903 nam
617 4851 639 4903 ἱ
673 4850 828 4904 facile
860 4853 1077 4905 vertitur
1109 4855 1159 4905 in
1192 4869 1237 4904 ε.

399 4922 490 4974 41.
534 4923 752 4988 Septem
784 4923 1001 4995 gradus,
1027 4928 1141 4976 sive
1164 4923 1378 4976 ordines
1409 4923 1650 4992 plerique
1682 4926 1914 4995 theologi

325 4993 685 5061 distinguunt,
709 4992 803 5045 sed
827 4993 934 5045 alio
953 4995 1110 5048 modo
1140 5009 1233 5047 eos
1256 5006 1591 5060 percensent.

394 5062 488 5118 42.
534 5063 831 5116 Exorcista:
882 5065 1075 5129 gradus
1140 5064 1455 5128 inchoatus,
1504 5078 1557 5119 et
1630 5067 1914 5121 denotatus

324 5148 537 5203 «pioque
570 5135 688 5195 fuit,
719 5149 839 5187 cum
888 5134 1043 5188 Jesus
1071 5134 1317 5188 Christus
1360 5136 1529 5203 tetigit
1568 5152 1724 5190 aurea
1768 5140 1915 5192 surdi

327 5218 383 5260 et
410 5206 539 5275 muti
559 5246 573 5268 ,
604 5205 830 5257 dicens:
868 5204 1159 5275 Ephpheta,
1196 5208 1329 5272 quod
1359 5217 1431 5259 est
1454 5206 1743 5269 adaperire.

403 5274 489 5329 45.
533 5275 640 5329 Abi
667 5276 853 5329 dicunt
892 5278 1332 5332 subdiaconatum
1363 5279 1665 5331 institutum
1699 5294 1727 5331 ι
1758 5278 1916 5333 Chri-

327 5358 417 5401 sto
440 5348 493 5400 in
527 5347 712 5401 ultima
741 5362 917 5400 rcena.

400 5418 490 5473 44.
565 5419 645 5471 lix
696 5418 923 5473 aliorum
976 5419 1231 5489 opinione
1277 5417 1523 5472 Christus
1575 5418 1914 5476 diaconatum

328 5489 559 5543 instituit
587 5503 707 5543 cum
738 5492 790 5542 in
819 5493 999 5544 ultima
1036 5504 1190 5545 ccena
1213 5504 1409 5559 corpus
1440 5504 1593 5543 suum
1615 5500 1671 5544 et
1695 5494 1914 5561 sangui-

328 5577 455 5615 nem
477 5562 759 5627 discipulis
775 5561 1127 5627 dispensavit.

404 5632 492 5686 45.
538 5632 716 5696 Forte,
743 5632 978 5698 deditque
1003 5630 1271 5700 discipulis
1294 5634 1421 5685 suis.

405 5705 495 5758 to.
546 5703 782 5760 Censent
828 5706 917 5758 alii
968 5704 1300 5759 ostiariatum
1363 5713 1487 5763 ante
1538 5700 1838 5775 passionem
1883 5717 1916 5756 a

2019 4656 2074 4696 ut
2103 4646 2271 4704 aiunt,
2294 4658 2415 4695 cum
2444 4652 2761 4714 ementeset
2790 4642 3079 4695 vendentes
3101 4642 3257 4707 eiecit
3278 4643 3344 4696 de
3371 4642 3603 4714 templo';

2016 4714 2506 4777 conipletive,ctiui
2555 4714 2605 4763 iu
2656 4713 2838 4764 ultima
2870 4728 3021 4765 creua
3065 4716 3290 4780 primam
3319 4713 3607 4773 sacerdotii

2019 4790 2338 4854 pates‘taletu
2372 4783 2647 4851 discipulis
2676 4783 2789 4835 suis
2828 4782 3073 4836 contulit.

2090 4856 2179 4907 47.
2225 4849 2600 4922 Episcopaium
2648 4868 2835 4905 verum
2883 4868 3004 4907 esse
3033 4851 3275 4906 ordinem
3318 4867 3344 4903 a
3381 4849 3604 4922 presby-

2023 4936 2191 4979 teratu
2217 4921 2550 4987 disdncuun,
2571 4934 2754 4978 tenent
2771 4923 2883 4991 jam
2901 4938 3022 4977 cum
3047 4925 3342 4977 canonistis
3365 4921 3607 4991 plerique

2020 4998 2352 5049 recentiores
2384 4994 2636 5060 theologi.

2094 5065 2183 5119 «18.
2226 5067 2385 5120 Forte
2425 5074 2470 5118 et
2514 5059 2706 5136 gibtosi
2749 5073 2913 5119 eram.
2945 5063 3049 5119 Alii
3092 5063 3343 5116 camelum
3384 5059 3453 5117 de
3482 5059 3609 5119 fune

2023 5140 2315 5201 explicant.

2096 5207 2186 5260 50.
2232 5206 2453 5259 Videtur
2500 5205 2552 5258 id
2601 5207 2872 5275 pertinere
2913 5205 2978 5259 ad
3023 5205 3181 5259 aliam
3230 5203 3606 5272 quaestionem.

2023 5294 2178 5346 cupis
2196 5278 2336 5329 desit
2376 5276 2605 5328 initium.

2096 5342 2183 5402 51.
2218 5346 2601 5415 lii-ponendum
2627 5363 2821 5401 censeo
2850 5347 3048 5399 duabus
3084 5360 3182 5417 pro
3210 5346 3391 5398 tribus.
3425 5342 3607 5398 Mutila

2024 5420 2078 5472 in
2123 5420 2225 5472 line
2255 5430 2373 5471 erat
2419 5424 2532 5471 haec
2573 5420 2797 5485 quaasdo
2821 5422 2918 5481 sic,
2948 5418 3072 5470 dum
3116 5417 3339 5469 membra
3376 5423 3606 5485 vegetat,-

2023 5490 2264 5556 supplevi
2312 5506 2376 5543 ex
2418 5484 2599 5556 Opere
2636 5488 2950 5556 imperfecto
2997 5489 3060 5541 de
3102 5486 3349 5541 Numeri:
3380 5484 3609 5556 fortasse

2023 5555 2192 5613 sancti
2224 5560 2412 5613 Isidori
2442 5555 2492 5613 in
2520 5558 2617 5613 Ms.
2667 5555 2832 5612 vane.
2869 5559 3085 5625 Regina:
3117 5557 3239 5625 199,
3274 5557 3328 5610 in
3356 5572 3459 5624 quo
3491 5555 3607 5607 bzec

2024 5631 2138 5699 ipsa
2168 5640 2329 5696 sunt,
2373 5642 2427 5683 et
2454 5645 2612 5698 supra
2666 5631 2860 5697 legitur
2888 5630 3008 5683 dum
3028 5632 3161 5695 sapit
3185 5668 3201 5695 ,
3242 5629 3465 5693 animus,
3498 5637 3605 5681 etc.

2097 5699 2187 5759 52.
2214 5702 2371 5758 Deest
2398 5701 2605 5756 initium
2639 5701 2795 5772 hujus
2819 5702 3151 5774 quiestionis.
