4064 6170
415 301 519 358 ‘20?

415 521 460 561 et
489 524 608 563 caro
630 510 692 563 de
714 524 868 562 carne
897 526 1029 562 mea.

956 600 1278 665 QUAESTIO
1319 601 1428 657 Χι..

485 692 572 745 Eii.
616 692 712 747 Dic
753 691 880 747 mihi
907 733 922 758 ,
967 693 1139 746 infans
1192 695 1441 762 parvulus
1494 704 1719 763 quantas
1776 700 2003 752 virtutes

416 784 610 838 habet?
665 782 1006 848 Respondit:
1039 799 1088 837 tv
1138 784 1302 838 :Non
1350 785 1507 839 lassus
1563 787 1837 852 meminit;
1896 806 1999 842 nun

415 885 718 942 perseverat
766 877 952 941 inira;
1006 893 1110 931 non
1157 877 1453 931 delectatur
1500 877 1719 946 pulchra
1770 879 1998 947 femina;

413 982 517 1021 non
542 967 687 1022 aliud
716 970 913 1037 cogitat
938 968 1021 1023 vel
1047 968 1190 1022 aliud
1218 971 1488 1037 loquitur.

1442 304 1509 358 'S.
1538 300 1799 360 ἰετιιοιιι
1842 301 2293 361 ΙΙΙΞΡΑῌΞΝΞἹΞ
2336 305 2637 363 IE'PlSCOl’l

417 422 583 473 Adam
610 458 621 481 ,
673 416 883 484 quando
931 417 1059 472 dixit
1090 434 1102 470 :
1131 417 1247 472 Hoc
1277 436 1409 473 nunc
1437 437 1492 474 ot
1525 439 1586 475 ex
1616 423 1809 475 ossibus
1854 438 1997 489 mets,
2031 432 2080 488 Α

3583 316 3690 374 2⁸08

2658 423 2977 492 QUIESTIO
3018 424 3152 481 XLI.

2177 512 2265 566 55.
2312 513 2399 567 Dic
2449 514 2614 580 mibi,
2665 533 2830 587 quare
2884 520 2981 574 fuit
3013 520 3268 575 diluvium
3312 534 3479 590 super
3510 528 3695 580 terra?

2110 603 2445 671 Respondit:
2486 604 2601 659 Filii
2651 606 2742 661 Dei
2783 620 3106 677 acceperunt
3133 610 3268 664 ﬁlias
3311 612 3594 670 hominum
3620 632 3691 671 ex

2107 696 2356 749 omnibus
2402 713 2535 767 quas
2582 700 2684 754 sibi
2731 701 3035 771 elegerant;
3089 705 3305 774 natique
3353 717 3479 762 sunt
3518 724 3579 762 ex
3613 712 3696 762 eis

2111 787 2225 841 filii.
2256 788 2330 842 Illi
2363 788 2577 843 fuerunt
2604 792 2869 860 gigantes,
2927 804 2980 848 et
3011 796 3172 849 multa
3205 796 3341 849 mala
3376 795 3609 851 fecerunt
3642 802 3697 853 in

2109 888 2250 933 terra
2271 919 2286 943 ,
2316 889 2372 933 et
2394 898 2497 934 non
2530 881 2725 951 placuit
2758 884 3003 941 Domino.
3056 886 3343 955 Propterea
3371 886 3574 943 delevit
3602 905 3698 944 eos

2113 973 2369 1027 Dominus
2398 989 2491 1043 per
2518 990 2680 1043 aquas
2704 976 2910 1030 diluvii.

1344 1245 2029 1359 SANCTI
2103 1244 2802 1363 ISIDORI

1682 1471 2096 1526 HISPALENSIS
2130 1473 2421 1526 EPISCOPI

681 1626 1416 1781 MYS’I‘ICbRUM
1522 1626 2328 1785 EXPllslTIbNES
2409 1629 3417 1792 SAGRAMENTbRUM

732 2040 1595 2166 QUIESTIONES
1657 2038 1792 2145 IN
1843 2040 2275 2147 VETUS
2317 2043 3353 2154 TESTAMENTUM.

1696 2336 1809 2414 IN
1891 2331 2441 2415 GENESIN.

1960 2493 2121 2507 -——~o-‘

988 2581 1384 2639 'PRIEFATIO.

470 2681 634 2753 259
662 2677 711 2731 l.
743 2674 975 2732 Historia
1004 2690 1174 2732 sacrae
1206 2675 1339 2745 legis
1372 2689 1476 2729 non
1507 2675 1620 2728 sine
1650 2670 1824 2741 aliqua
1844 2686 1992 2740 prm-

400 2775 732 2830 nuntiatione
763 2772 1061 2826 futurorum
1086 2778 1234 2839 gesta
1250 2780 1407 2838 atque
1430 2769 1728 2837 conscripta
1743 2776 1843 2821 est.
1882 2767 1988 2820 Nisi

398 2866 690 2936 pertineret
709 2864 773 2918 ad
795 2863 1241 2933 przeligurationis
1253 2863 1565 2932 mysterium
1584 2870 1689 2913 tam
1714 2858 1990 2926 multiplex

398 2975 581 3014 rerum
614 2957 798 3012 umbra
830 2967 1123 3025 gestarum,
1160 2971 1258 3010 nec
1285 2957 1487 3009 dot-ens
1520 2956 1809 3021 Apostolus
1840 2954 1983 3009 dice-

396 3061 477 3107 ret
522 3070 534 3105 :
584 3049 692 3104 Lex
733 3050 968 3102 umbram
1023 3047 1173 3101 habet
1206 3049 1495 3116 futurorum
1548 3047 1836 3111 bonorum,
1888 3063 1990 3100 non

395 3147 560 3215 ipsum
580 3143 855 3212 imaginem
881 3158 1069 3195 rerum.

463 3238 515 3292 2.
572 3235 803 3291 Proinde
852 3234 1117 3304 quaedam,
1164 3251 1281 3302 qua:
1322 3236 1379 3287 in
1426 3247 1488 3287 ea
1543 3231 1806 3299 ﬁguratim
1847 3231 1987 3286 dit'ta

395 3328 474 3381 vel
520 3326 656 3382 facta
702 3336 846 3391 sunt,
883 3334 938 3380 et
971 3335 1095 3379 sunt
1136 3325 1289 3395 plena
1336 3323 1576 3395 mysticis
1616 3324 1986 3387 sacramentis,

393 3421 680 3491 adjuvante
707 3434 936 3488 superna
967 3418 1159 3486 gratia,
1190 3418 1243 3470 in
1272 3417 1374 3470 hoc
1401 3418 1662 3481 opusculo
1692 3430 1990 3485 exsequen-

393 3525 473 3567 tes
505 3513 853 3573 intcxuimus,
882 3520 1233 3579 veterumque
1260 3509 1744 3564 ecclesiasticorum
1773 3519 1990 3564 senten-

394 3603 497 3654 tias
549 3610 959 3669 congregantes,
1010 3601 1171 3654 veluti
1223 3615 1287 3653 ex
1334 3599 1561 3654 diversis
1612 3599 1779 3667 pratis
1829 3597 1989 3654 ﬂores

397 3695 566 3748 lectos
594 3692 658 3746 ad
692 3708 907 3746 manum
936 3691 1187 3755 fecimus,
1220 3700 1272 3745 et
1298 3705 1463 3759 pauca
1496 3691 1564 3746 de
1595 3692 1775 3745 multis
1802 3691 1988 3746 brevi-

395 3793 475 3836 ter
521 3783 966 3852 perstringentes,
1014 3782 1270 3850 pleraque
1315 3780 1476 3835 etiam
1515 3776 1850 3850 adjicientes,
1904 3782 1988 3837 vel

392 3879 567 3945 aliqua
594 3891 658 3931 ex
690 3887 842 3945 parte
872 3883 1160 3938 mutantes,
1196 3873 1471 3930 olTerimus
1512 3889 1618 3929 non
1663 3874 1838 3928 solum
1868 3883 1987 3930 stu-

2017 2581 2065 2641 B
2095 2579 2397 2647 prolixitate
2445 2579 2735 2635 fastidium.
2774 2582 2983 2638 Prolixa
3025 2582 3167 2638 enim
3195 2592 3249 2638 ct
3274 2587 3480 2641 occulta
3527 2588 3690 2646 ta‘det

2093 2673 2295 2736 oratio;
2330 2672 2505 2726 brevis
2531 2683 2583 2728 et
2613 2687 2794 2743 aperta
2820 2676 3070 2731 delectat.
3106 2677 3171 2731 Et
3199 2678 3321 2747 quia
3346 2680 3452 2749 jam
3483 2682 3685 2750 pridem

2089 2762 2241 2831 juxta
2293 2765 2521 2819 litteram
2569 2782 2597 2818 a
2648 2768 2799 2821 nobis
2842 2783 3022 2823 sermo
3070 2779 3213 2825 totus
3259 2783 3539 2828 contextus
3578 2786 3682 2839 est,

2095 2871 2317 2910 necesse
2356 2868 2436 2911 est
2493 2870 2569 2920 ut,
2625 2860 2963 2927 prmcedente
3017 2862 3256 2918 historiae
3313 2865 3682 2930 fundamento,

2093 2950 2411 3018 allegoricus
2438 2965 2631 3004 sonsus
2661 2966 2934 3022 sequatur.
2965 2954 3097 3009 Nam
3126 2955 3419 3026 figuraliter
3441 2959 3683 3026 quaedam

2092 3056 2155 3095 ex
2192 3040 2273 3094 his
2303 3042 2691 3110 intelliguntur,
2719 3060 2845 3100 vere
2873 3056 3123 3117 tanquam
3155 3050 3457 3119 prophetica
3490 3052 3683 3107 indicia

2094 3134 2443 3204 przecedentia
2467 3138 2785 3193 futurorum.

2161 3228 2215 3281 4.
2246 3227 2388 3282 Sane
2421 3244 2525 3283 non
2554 3230 2731 3284 omnia
2763 3246 2881 3300 quae
2913 3231 2963 3286 in
3007 3233 3128 3301 lege
3157 3244 3208 3287 et
3241 3234 3514 3304 prophetis
3547 3236 3689 3290 scri-

2095 3330 2183 3387 pta
2227 3328 2352 3373 sunt
2380 3323 2759 3391 mysteriorum
2791 3324 3165 3392 :euigmatibns
3201 3327 3553 3399 obteguntur;
3585 3329 3682 3384 sed

2093 3428 2189 3478 pro
2219 3413 2302 3466 bis
2341 3428 2460 3482 qua:
2502 3414 2702 3484 aliquid
2736 3415 3058 3485 significant,
3087 3421 3245 3472 etiam
3277 3436 3395 3488 quae
3424 3422 3553 3476 nihil
3599 3422 3684 3476 si-

2088 3505 2345 3575 gni-licant
2393 3516 2805 3563 connectuntur.
2852 3508 3001 3565 Sicut
3048 3511 3189 3565 enim
3233 3511 3285 3565 in
3331 3512 3578 3577 citharis,
3623 3524 3685 3568 et

2091 3595 2394 3664 hujusmodi
2429 3597 2647 3665 organis
2688 3597 2931 3663 musicis,
2976 3614 3083 3653 non
3110 3598 3321 3668 quidem
3352 3600 3528 3655 omnia
3558 3618 3681 3671 qua:

2092 3696 2398 3754 tanguntur,
2450 3702 2706 3742 canormn
2754 3690 2955 3760 aliquid
3010 3701 3285 3759 resonant,
3335 3693 3428 3748 sed
3473 3704 3681 3750 tantum

2089 3777 2329 3844 chordae,
2356 3788 2550 3834 cat-tera
2580 3790 2756 3836 tamen
2803 3783 2856 3837 in
2901 3792 3015 3838 tote
3058 3783 3275 3840 cithara
3304 3800 3529 3856 corpore
3558 3788 3681 3843 ideo

2088 3866 2226 3922 facta
2258 3880 2405 3935 sunt,
2436 3879 2492 3923 ut
2514 3879 2659 3926 esset
2681 3872 2768 3926 ubi
2824 3884 3271 3933 connecterentur
3313 3886 3368 3931 et
3397 3894 3501 3947 quo
3559 3889 3680 3937 ten-

390 3972 577 4034 .liosis,
631 3970 795 4041 260
842 3968 934 4022 sed
988 3968 1148 4023 etiam
1198 3966 1488 4021 tattidiosis
1531 3964 1841 4032 lectoribus,
1893 3964 1983 4035 qui
2013 3969 2058 4031 ρ
2089 3957 2344 4013 derentur
2371 3958 2459 4012 illa
2486 3974 2608 4029 qua:
2630 3961 2696 4014 ad
2727 3962 3008 4018 cantilenae
3031 3963 3344 4020 suavitatem
3376 3968 3679 4024 modulatu-

391 4062 610 4117 nimiam
646 4060 1028 4127 longitudinem
1058 4058 1321 4112 sermonis
1345 4057 1657 4112 abhorrent.

463 4152 516 4204 5.
543 4150 701 4205 Brevi
734 4151 878 4203 enim
902 4147 1236 4216 expositione
1262 4145 1529 4200 succincta
1557 4161 1663 4199 non
1694 4145 1891 4200 faciunt
1913 4142 1983 4199 de

457 4285 515 4341 Μ
518 4287 746 4357 ysticoru
755 4300 821 4334 m.
841 4284 878 4337 Α
890 4279 1194 4357 revalusbic
1212 4280 1503 4357 scripserat
1515 4277 1833 4357 ecretorum
1850 4278 1979 4357 ,‘scd

390 4359 440 4412 in
462 4348 580 4411 aliis
606 4355 764 4424 hujus
786 4354 963 4419 operis
996 4350 1187 4409 titulis.
1213 4349 1397 4402 Grialii
1421 4348 1711 4424 editionem
1738 4356 1976 4424 secutus,

391 4430 628 4494 reposuit
659 4420 1017 4495 Mysticorum,
1060 4441 1077 4472 ι
1112 4426 1378 4497 quamvis,
1424 4420 1519 4484 ait,
1555 4420 1978 4497 fortasse_tnagis

387 4489 675 4564 genuinum
696 4489 765 4550 sit
791 4496 1044 4550 Secretor.
1079 4511 1095 4541 ι
1122 4492 1458 4544 ltetinuimus
1483 4489 1977 4564 secundautlcctio-

386 4559 533 4624 nem.
556 4570 847 4625 caeterum,
878 4566 1003 4618 ltmc
1024 4565 1140 4617 loco
1168 4573 1346 4614 notam
1368 4571 1678 4627 sequentem
1706 4559 1978 4626 subjungit

386 4640 648 4695 Arevalus
678 4657 690 4691 :
719 4666 784 4678 -—
805 4655 823 4688 ι
865 4636 938 4689 De
961 4643 1315 4696 secretorum,
1347 4630 1483 4693 sive,
1517 4639 1574 4681 ut
1599 4629 1830 4683 Grialius
1856 4633 1975 4683 eili-

385 4712 481 4772 dit,
514 4710 862 4781 mysticorum
899 4703 1333 4781 Expositionibns
1359 4701 1974 4781 sacramentorumquid

385 4769 488 4837 lmc
517 4769 633 4834 loco
665 4794 884 4833 manere
913 4769 1212 4844 expediret,
1266 4773 1371 4841 peti
1419 4780 1591 4839 potest
1619 4785 1683 4823 ex
1735 4769 1977 4844 prolego-

384 4852 578 4916 menis,
601 4865 720 4920 cap.
753 4850 843 4916 65,
878 4850 965 4902 ubi
985 4842 1230 4920 ‘de_lt_oc_
1264 4858 1426 4911 opere
1469 4843 1633 4894 nmlta
1664 4842 1822 4894 verba
1853 4842 1973 4895 feci.

383 4926 525 4978 Satis
551 4914 690 4976 nunc
711 4922 782 4975 sit
806 4914 1040 4973 indicare
1066 4914 1326 4969 Grialimn
1357 4922 1628 4967 auctorem
1654 4926 1773 4965 esse
1792 4927 1973 4965 earum

383 5007 628 5048 notarum
660 4992 974 5061 quibuscum
1010 4997 1221 5041 nostras
1252 4999 1356 5037 non
1406 4986 1474 5036 ita
1503 4985 1725 5061 multas“
1751 4983 1975 5036 interse-

382 5078 583 5120 remus.
642 5052 824 5131 Neque
872 5073 998 5115 vero
1047 5067 1417 5131 argumentum
1466 5052 1728 5122 ejusmodi
1779 5063 1861 5105 est
1894 5064 1975 5131 _ut

386 5137 541 5203 longa
573 5152 633 5189 ex
646 5123 927 5201 plicatione
952 5143 1085 5198 opus
1113 5123 1217 5191 sit;
1249 5135 1303 5179 et
1328 5124 1415 5178 ubi
1443 5139 1636 5203 sensus
1659 5123 1973 5203 commodus

384 5222 447 5258 ex
480 5195 669 5259 Ῑείιιοι-’ἰ
716 5206 892 5259 verbis
935 5195 1160 5264 eruitur,
1196 5211 1298 5249 non
1340 5203 1422 5249 est
1453 5196 1609 5248 nimis
1646 5195 1801 5247 anxie
1828 5210 1973 5260 qum-

384 5277 629 5341 rt-ndum,
653 5292 719 5328 an
748 5276 966 5327 omnino
988 5286 1047 5326 ea
1073 5270 1182 5336 ipsa
1211 5265 1371 5320 verba
1398 5267 1537 5341 illius
1560 5267 1791 5341 auctoris
1814 5281 1968 5341 quem

383 5336 627 5412 sequitur
651 5344 998 5411 expresserit,
1030 5353 1119 5394 aut
1146 5341 1307 5394 etiam
1348 5337 1648 5406 exorimere
1677 5336 1923 5389 voluerit.
1946 5355 1964 5385 ι

383 5417 537 5469 Enn.

450 5486 504 5537 2.
657 5492 772 5557 sunt
811 5485 961 5557 plena
999 5481 1229 5557 mysticis
1277 5479 1624 5557 sacramentis.
1676 5474 1888 5557 εχλιιίβ
1915 5485 1967 5530 et

380 5554 551 5610 sancti
601 5546 849 5628 lldefonsi
870 5546 1078 5628 __verbi_s
1096 5592 1128 5628 ,_
1160 5566 1279 5620 qua:
1320 5549 1697 5628 subjictemus,
1728 5546 1963 5628 _titulum

382 5641 601 5687 plorans
620 5626 729 5693 jam
761 5624 1018 5676 abolitum
1044 5623 1165 5677 lmic
1180 5616 1333 5693 operi
1357 5616 1701 5693 res'tituitnus.
1727 5616 1963 5693 ltaenim

382 5688 676 5754 lldefoosus
707 5697 757 5747 in
790 5694 903 5747 Vita
944 5693 1125 5747 lsidori
1159 5710 1172 5744 :
1216 5692 1433 5760 Collegit
1480 5692 1629 5744 etiam
1657 5692 1720 5743 de
1757 5688 1965 5760 diversis

382 5766 667 5825 auctoribus
687 5767 823 5839 quod
852 5768 958 5834 ipse
986 5764 1307 5833 cognominat
1335 5758 1641 5816 secretorum
1690 5758 1957 5829 expositio.

2086 4064 2176 4103 rus
2207 4059 2289 4104 est
2317 4048 2509 4105 artifex
2540 4069 2552 4102 :
2585 4052 2655 4105 ita
2701 4053 2752 4107 in
2789 4054 2872 4107 bis
2903 4052 3228 4124 prOpbeticis
3273 4056 3677 4116 narrationibus

2084 4155 2309 4209 quaeque
2329 4140 2580 4196 dicuntur
2600 4153 2691 4198 aut
2710 4141 2909 4213 aliquid
2932 4156 3127 4199 sonant
3152 4146 3203 4200 in
3222 4148 3672 4217 significatiOnent

2083 4292 2171 4351 nes
2215 4287 2684 4351 sacramentorum;
2714 4278 2891 4346 quibus
2929 4284 2983 4332 in
3024 4295 3184 4333 unum
3227 4282 3493 4351 congestis,
3533 4284 3676 4337 idem

2082 4348 2210 4422 liber
2238 4349 2424 4422 dicitur
2453 4352 2820 4413 Quatttonum.
2854 4350 3008 4404 Plura
3042 4355 3092 4403 in
3140 4348 3348 4420 praefat.
3392 4351 3461 4405 ad
3489 4353 3671 4422 Opera

2082 4417 2289 4472 Isiduri.
2322 4418 2514 4473 GRIAL.

2152 4488 2291 4563 Ibid.
2326 4492 2426 4553 Qui
2447 4490 2655 4543 nimiam
2685 4490 3052 4563 longitudinem
3081 4491 3331 4563 sermonis
3357 4491 3673 4559 abhorrent;

2082 4558 2153 4613 ita
2186 4560 2470 4634 Palent._et
2496 4566 2600 4613 duo
2621 4558 2973 4634 UXttttiettses.
3003 4562 3196 4626 Quibus
3216 4564 3377 4615 nimia
3407 4558 3674 4634 longitudo

2079 4634 2323 4684 sermonis
2350 4632 2606 4693 abhorret,
2650 4634 2853 4690 Valent.
2897 4632 3036 4695 Quos
3076 4634 3231 4685 nimia
3259 4632 3523 4701 longitudo
3560 4652 3675 4687 ser-

2080 4704 2247 4753 monis
2285 4702 2543 4765 abhorret,
2583 4703 2874 4771 Guadalnp.
2923 4702 3156 4768 Quorum
3199 4704 3356 4757 nimia
3402 4706 3673 4773 longitudo

2079 4775 2329 4827 sermonis
2357 4775 2610 4839 abhorret,
2648 4774 2990 4843 Laurentian.
3019 4783 3073 4826 et
3099 4775 3362 4843 Cuniplut.
3392 4774 3534 4828 Idem
3566 4776 3671 4829 lsi-

2080 4846 2266 4905 dorus,
2299 4846 2350 4898 in
2381 4844 2563 4913 [ti-gul.
2587 4846 2832 4898 monach.
2864 4861 2879 4898 :
2904 4841 3247 4913 Philargyriai
3275 4847 3589 4913 contagium,
3612 4857 3671 4900 ut

2080 4915 2375 4985 letltiferatn
2410 4925 2598 4984 pestem
2627 4916 2965 4985 (manuchns)
3006 4917 3295 4969 alborreat.
3330 4915 3519 4970 CRM]...

2153 4984 2291 5039 Ibid.
2341 4986 2590 5040 Veterum
2632 4986 3115 5040 ecclesiasticarum
3162 4986 3401 5051 nomina,
3434 5002 3668 5052 quorum

2078 5058 2380 5111 sententias
2425 5069 2749 5127 congregat,
2798 5059 2957 5126 paulo
3000 5066 3129 5125 post.
3158 5073 3305 5111 num.
3339 5056 3372 5108 5
3417 5067 3673 5113 recenset

2080 5127 2330 5182 Isidorus.
2365 5129 2536 5182 Aaev.

2148 5196 2201 5250 5.
2237 5199 2302 5253 Et
2324 5216 2441 5267 quia
2457 5201 2581 5269 jant
2598 5199 2795 5265 pridem
2806 5202 2964 5269 juxta
2988 5199 3225 5251 litteram.
3261 5198 3331 5250 lla
3352 5196 3668 5266 Sigebortlts

2078 5268 2144 5321 de
2174 5284 2238 5321 eo
2270 5271 2495 5323 :Totum
2539 5268 2695 5322 Vetus
2741 5268 3118 5321 Testamentum
3164 5270 3463 5336 simpliciter
3502 5285 3665 5337 expo-

2084 5341 2249 5392 nendo
2275 5342 2542 5409 percurrit.
2570 5343 2679 5394 lloc
2707 5339 2857 5392 nobis
2882 5342 3074 5393 deesse
3095 5354 3298 5407 magna:
3319 5340 3527 5392 dividia:
3547 5348 3660 5406 est,

2081 5412 2182 5463 nisi
2216 5414 2352 5465 forte
2390 5412 2443 5465 id
2490 5411 2693 5465 Glossa:
2726 5421 2848 5463 sunt
2894 5424 3014 5479 qua:
3054 5420 3309 5464 vocantur
3337 5411 3664 5466 Ordinante.

2078 5480 2267 5535 GBIAL.

2145 5553 2198 5605 4.
2232 5552 2369 5607 Sane
2395 5568 2496 5604 non
2544 5551 2732 5612 omnia,
2766 5566 2934 5618 usque
2959 5549 3025 5603 ad
3069 5560 3450 5614 connectentur,
3492 5551 3667 5609 verba

2073 5632 2198 5677 sunt
2243 5622 2520 5691 Augustini
2551 5624 2758 5676 duobus
2797 5635 2861 5674 ex
2909 5621 3040 5676 locis
3068 5633 3269 5691 aptata,
3291 5635 3361 5677 ex
3394 5638 3458 5676 xv
3485 5621 3552 5678 de
3580 5622 3663 5677 tli-

2074 5700 2191 5763 vit.,
2216 5711 2265 5752 c.
2288 5690 2343 5762 2,
2374 5702 2428 5750 ct
2454 5708 2564 5749 nu
2586 5703 2772 5749 contra
2800 5692 3010 5759 Faust.,
3040 5709 3087 5747 σι.
3121 5690 3211 5747 94.
3246 5692 3434 5747 ϐιωι..
