4034 6148
326 308 448 366 209

1168 304 1626 374 QUIESTIUNES
1668 304 1732 359 IN
1781 306 1934 362 YET.
1981 304 2273 360 'l‘ES'l‘Ml.
2300 333 2368 347 —-—
2399 304 2462 360 1N
2502 302 2814 358 GENESIN.

3526 305 3629 363 Ξιυ

327 425 664 485 futurorum,
706 426 818 481 aut,
862 418 908 471 si
940 417 1071 470 nihil
1121 429 1337 482 sonant,
1378 419 1443 471 ad
1475 418 1575 473 hoc
1603 419 1937 488 interponun-
1964 430 2011 485 Α
2040 420 2371 477 credulitatis
2421 426 2694 487 appareat.
2750 417 2923 471 Prima
2968 415 3109 470 enim
3158 415 3245 472 dte
3281 417 3453 473 lucem
3508 420 3629 474 ﬁdei

330 527 446 579 tur,
482 525 542 568 ut
576 512 648 565 sit
674 510 817 564 unde
848 508 938 562 illa
993 509 1348 579 signiﬁcantia
1387 520 1637 578 tanquam
1693 512 1935 565 sonantia

327 612 749 662 conuectantur.

404 720 460 772 5.
494 716 600 770 llas
636 724 815 769 autem
845 729 1021 768 rerum
1051 722 1319 782 gestarum
1355 714 1548 784 figuras
1594 715 1659 769 de
1697 717 1936 786 mysticis

331 809 608 863 thesauris
651 807 994 875 sapientium,
1042 818 1099 860 ut
1132 807 1493 872 praediximus,
1537 808 1934 877 depromentes,

330 900 383 952 iu
418 915 580 953 unam
617 898 843 952 formam
876 898 1195 966 compendio
1226 899 1501 954 brevitatis
1530 903 1892 956 contraximus
1920 921 1934 968 ;

329 997 385 1046 in
429 996 628 1064 quibus
656 994 825 1050 lector
866 1009 969 1048 non
1005 1005 1184 1049 nostra
1219 996 1378 1064 leget,
1406 996 1498 1050 sed
1533 1009 1769 1052 veterum
1801 1000 1939 1053 rele-

327 1098 439 1152 get.
471 1086 627 1153 Quod
673 1088 815 1141 enim
845 1102 945 1157 ego
990 1088 1199 1157 loquor,
1228 1088 1302 1142 illi
1334 1089 1548 1155 dicunt;
1601 1100 1653 1144 et
1684 1108 1783 1145 vos
1821 1109 1936 1146 mea

327 1175 574 1240 ipsorum
606 1186 686 1229 est
716 1176 913 1244 lingua.
942 1174 1165 1245 Sumpta
1195 1176 1374 1247 itaque
1398 1189 1522 1231 sunt
1544 1179 1609 1232 ab
1633 1181 1938 1235 auctoribus

327 1266 900 1337 0rigene,\’ictorino,
930 1271 1086 1339 261
1121 1271 1427 1334 Ambrosio,
1459 1270 1803 1343 llieronymo,
1830 1277 1936 1327 Au-

323 1362 573 1428 gustino,
608 1361 911 1431 Fulgentio,
944 1362 1222 1425 Cassiano,
1266 1378 1329 1417 ac
1370 1364 1538 1415 nostri
1573 1374 1828 1431 temporis
1864 1366 1937 1417 in-

327 1450 563 1521 signiter
590 1453 867 1522 eloquenti
907 1452 1186 1523 Gregorio.

976 1563 1207 1620 CAPUT
1250 1563 1287 1618 l.

402 1652 702 1710 Prremissio
724 1655 892 1722 operis
920 1672 1076 1780 usage
1096 1659 1177 1780 at:
1187 1658 1537 1738 expulsionem
1562 1658 1780 1712 hominis
1802 1660 1865 1713 de

1046 1745 1139 1779 ara
1180 1743 1276 1780 rso.

1046 1743 1276 1784 araatso.

2041 512 2209 576 dedit,
2236 512 2355 580 quia
2398 511 2565 578 prima
2597 520 2679 563 est
2720 511 2771 561 in
2820 509 3170 562 conversione
3210 505 3359 563 ﬁdes.
3394 509 3546 564 Unde
3576 524 3629 563 et

2042 606 2181 659 istud
2214 607 2443 673 primum
2478 603 2529 655 in
2572 602 2661 655 Dei
2704 602 2986 671 prccceptis
3026 601 3335 654 mandatum
3363 611 3445 655 est
3480 618 3493 653 :
3527 602 3630 653 llu-

2041 699 2206 749 minus
2250 694 2384 745 Deus
2424 705 2542 745 tuus
2574 692 2707 745 Deus
2732 708 2863 744 unus
2894 702 2987 745 est.
3022 690 3245 760 Propter
3281 707 3437 759 quam
3472 692 3629 744 ﬁdem

2042 791 2153 855 ipse
2184 787 2439 841 Dominus
2463 786 2622 839 etiam
2651 785 2927 838 \l'lbllllt’l'
2952 784 3003 838 in
3031 784 3226 837 mundo
3246 799 3506 853 apparere
3535 800 3630 837 ro-

2042 881 2163 935 luit.

2109 972 2161 1027 5.
2195 972 2257 1024 Et
2288 974 2454 1025 divisit
2483 972 2646 1023 lucem
2672 987 2702 1022 a
2732 970 2985 1034 tenebris;
3019 985 3137 1022 nam
3168 979 3290 1022 tunc
3316 969 3455 1023 Dens
3480 970 3631 1035 juxta

2044 1064 2397 1131 prteseientize
2440 1078 2549 1115 sua:
2590 1062 2814 1131 gratiam
2846 1061 3024 1115 divisit
3052 1061 3250 1129 justus,
3282 1060 3332 1114 id
3365 1070 3466 1127 est,
3496 1060 3632 1114 ﬁlios

2044 1154 2135 1208 Dei
2186 1166 2239 1208 et
2280 1154 2433 1219 lueis,
2478 1168 2506 1205 a
2554 1152 2944 1221 peccatoribus,
2998 1164 3245 1221 tanquam
3290 1169 3317 1206 a
3364 1153 3629 1217 tenebris;

2037 1246 2212 1313 justus
2258 1260 2455 1299 vocans
2500 1245 2662 1311 diem,
2692 1255 2745 1298 ct
2780 1246 2900 1298 illos
2942 1255 3183 1307 noctem;
3228 1262 3347 1298 nam
3395 1246 3537 1316 quod
3580 1249 3630 1302 in

2043 1341 2275 1395 Ecclesia
2311 1342 2443 1396 lucis
2471 1342 2687 1395 nomine
2709 1341 2836 1409 justi
2866 1343 3222 1409 appellentur,
3257 1345 3379 1396 audi
3408 1348 3633 1411 Aposto-

2044 1434 2194 1487 lum:
2228 1432 2444 1499 Fuistis,
2478 1436 2668 1503 inquit,
2703 1435 2982 1502 aliquando
3019 1435 3255 1499 tenebra',
3289 1452 3423 1487 nunc
3464 1446 3632 1489 autem

2042 1526 2132 1577 lux
2159 1525 2209 1576 in
2243 1524 2464 1578 Domino
2505 1524 2718 1594 (Epltcs.
2756 1540 2807 1588 V,
2834 1522 2914 1592 8).

2110 1616 2164 1671 6.
2198 1618 2399 1673 Deinde
2421 1619 2652 1672 secunda
2672 1618 2758 1672 die
2782 1618 3018 1687 disponit
3046 1617 3188 1671 Deus
3214 1619 3645 1687 ﬁrmamentum,

2043 1712 2092 1764 id
2134 1720 2235 1774 est,
2274 1711 2691 1766 solidamentum
2735 1722 3039 1765 sanctarum
3074 1711 3507 1780 Seripturarmn;
3542 1712 3635 1766 ﬁr-

401 1820 454 1873 ί,
486 1815 747 1875 στεπη,
772 1817 894 1873 εαξη
924 1828 979 1873 ει
1008 1828 1166 1874 ιρι-ηε
1197 1819 1469 1886 quomodo
1500 1821 1848 1875 historiam”
1869 1822 1935 1875 al,
1971 1804 2013 1862 B
2043 1810 2372 1856 mamentum
2405 1802 2548 1857 enim
2582 1802 2635 1856 in
2670 1800 2904 1856 Ecclesia
2936 1802 3234 1870 Scriptura?
3258 1802 3452 1855 divina:
3481 1804 3636 1857 intel-

316 1910 559 1965 exordio
600 1910 847 1978 principii
898 1909 1111 1965 condita
1152 1911 1223 1964 sit
1262 1911 1519 1979 legimus;
1572 1914 1664 1965 sed
1710 1912 1936 1980 qualiter

318 2005 381 2058 iu
415 2003 656 2059 Ecclesia
697 2001 1049 2073 Spiritoaliter
1074 2018 1105 2057 a
1133 2001 1447 2058 doctoribus
1490 2002 1814 2073 accipiatur.
1856 2004 1935 2057 in—

326 2094 663 2166 teltigamus.

402 2188 460 2241 2.
492 2186 557 2241 In
590 2188 847 2255 principio
890 2187 1009 2257 fecit
1055 2186 1192 2241 Deus
1213 2188 1392 2242 mlum
1423 2196 1470 2240 et
1501 2196 1708 2241 terrant.
1737 2186 1937 2240 Princi-

321 2284 478 2349 pium
527 2279 780 2335 Christus
826 2289 930 2343 est,
974 2279 1112 2333 sicut
1142 2280 1256 2349 ipse
1304 2280 1356 2333 in
1409 2278 1699 2349 Evangelia
1736 2278 1937 2333 Judaeis

318 2374 794 2444 interrogantibus
844 2374 1119 2443 respondit
1170 2390 1184 2428 :
1230 2372 1344 2445 Ego
1393 2373 1723 2442 principium,
1756 2373 1844 2441 qui
1888 2384 1937 2426 et

320 2470 515 2533 loquor
539 2468 676 2521 vobis
707 2464 888 2535 (Joan.
944 2481 1056 2529 νιιι,
1103 2464 1220 2533 ἳὸ).
1257 2466 1310 2517 In
1344 2465 1445 2518 hoc
1477 2465 1637 2535 igitur
1678 2466 1937 2533 principio

318 2562 455 2613 tecit
510 2559 651 2614 Deus
690 2559 906 2623 coelum,
952 2559 1002 2610 id
1048 2566 1154 2624 est,
1202 2556 1529 2625 spirituales,
1561 2557 1649 2627 qui
1690 2558 1932 2611 caelestia

321 2651 664 2704 meditantur
688 2662 743 2705 et
771 2660 1047 2719 qumrunt;
1076 2650 1125 2703 in
1154 2651 1269 2718 ipso
1303 2648 1426 2703 fecit
1464 2657 1518 2704 et
1550 2650 1816 2710 carnales,
1846 2648 1935 2716 qui

323 2741 565 2795 necdum
599 2750 871 2795 terrenum
905 2739 1177 2794 hominem
1223 2739 1613 2807 deposuerunt.
1655 2738 1814 2793 Terra
1845 2754 1938 2791 au-

320 2842 429 2883 tem
459 2841 570 2883 erat
599 2832 769 2884 inanis
814 2842 861 2883 et
892 2848 1074 2884 racua.
1108 2831 1273 2884 Terra
1302 2830 1508 2884 scilicet
1535 2832 1710 2884 carnis
1740 2842 1938 2883 noslrce

321 2922 510 2976 inanis
535 2932 654 2977 erat
707 2931 760 2976 et
806 2926 991 2987 vacua,
1034 2926 1343 2992 priusquam
1381 2924 1639 2977 doctrina:
1670 2922 1938 2990 acciperet

323 3020 587 3073 turmam.
636 3016 705 3070 Et
751 3020 967 3072 tenebrae
1006 3027 1152 3071 erant
1184 3034 1338 3095 super
1373 3018 1557 3087 {aciem
1594 3018 1787 3087 abyssi,
1814 3016 1934 3085 quia

324 3108 654 3161 delictorum
686 3106 902 3162 caecitas
929 3118 982 3161 et
1010 3105 1329 3178 ignorantiae
1354 3107 1615 3178 profunda
1632 3105 1934 3162 obscuritas

324 3200 495 3251 corda
527 3206 708 3251 nostra
740 3198 970 3267 tegebat.

397 3288 458 3347 5.
491 3288 560 3341 Et
604 3289 819 3354 spiritus
866 3287 961 3342 Dei
1008 3290 1262 3357 ferebatur
1292 3306 1447 3358 super
1477 3305 1658 3358 aquas.
1702 3288 1934 3355 Spiritus

324 3390 510 3434 autem
544 3380 641 3436 Dei
672 3396 833 3444 super
854 3396 947 3434 cor
969 3391 1211 3435 nostrum
1243 3383 1586 3436 tenebrosum
1612 3391 1665 3435 et
1690 3381 1933 3445 ﬁttidum,

322 3475 483 3537 quasi
514 3489 677 3540 super
704 3489 889 3541 aquas,
922 3476 1029 3539 jam
1064 3476 1229 3546 262
1256 3474 1719 3544 superferebatur;
1752 3473 1802 3526 in
1831 3487 1936 3541 quo

326 3566 691 3619 Inbsislenles
722 3566 1209 3631 requiesceremns,
1240 3566 1501 3635 cujusque
1544 3564 1937 3619 \itilicaremur

326 3657 482 3722 ιιιιυ,
509 3666 563 3709 et
586 3656 741 3724 cujus
763 3657 901 3709 unda
928 3657 1292 3712 abluerenmr.

396 3749 457 3803 4.
488 3748 631 3802 Dixit
661 3766 858 3817 quoque
890 3748 1030 3804 Deus
1053 3767 1072 3803 :
1096 3751 1217 3805 Fiat
1246 3752 1360 3813 tua},
1392 3751 1445 3805 id
1483 3761 1587 3820 est,
1614 3747 1934 3804 illmuinatio

402 3889 541 3942 Ibid.
572 3889 799 3955 Quaeque
823 3889 1083 3942 dicuntur.
1100 3890 1171 3943 lta
1189 3891 1407 3951 Mss.o.,
1435 3890 1533 3941 hoc
1558 3897 1660 3951 est,
1680 3900 1931 3954 quatenu-

327 3978 439 4028 que.
469 3961 743 4027 dicuntur,
775 3959 1049 4027 quomodo
1084 3977 1187 4011 non
1227 3962 1399 4013 solum
1434 3959 1688 4019 Isidorus,
1728 3956 1819 4011 sed
1851 3956 1930 4007 itt-

324 4032 542 4083 terilum
573 4031 735 4084 etiam
765 4032 952 4094 optimi
984 4029 1288 4084 Latinitatis
1331 4041 1578 4083 auctores
1623 4030 1926 4096 loquuntur.

323 4101 447 4155 Hoc
472 4104 563 4167 qui
597 4116 702 4153 non
744 4101 1012 4167 viderunt,
1048 4101 1184 4154 haud
1216 4101 1369 4154 veriti
1416 4108 1541 4153 sunt
1570 4100 1789 4157 addere,
1820 4112 1933 4163 qua:

317 4173 661 4243 obtegutttur,
692 4180 749 4225 ιιι
785 4187 993 4243 queque
1021 4174 1262 4243 dicuntur
1302 4173 1703 4243 udum-teretur.
1739 4168 1929 4243 Gaiae.

396 4237 464 4298 5:
491 4240 765 4295 Cassiano.
800 4237 985 4310 'Aliqui
1033 4242 1148 4296 libri
1191 4241 1424 4295 Cassiani
1453 4242 1567 4293 loco
1598 4237 1933 4310 Fulgeintium

329 4312 562 4365 habent.
599 4310 654 4365 lo
686 4310 804 4365 aliis
838 4309 1063 4376 uterque
1098 4315 1336 4380 ponitur,
1363 4322 1416 4365 et
1447 4313 1722 4380 utriusque
1761 4309 1931 4363 Isido-

322 4398 449 4436 rum
495 4381 892 4451 perstudiosum
940 4382 1105 4436 fuisse
1153 4392 1382 4436 constat.
1435 4382 1540 4436 Sed
1587 4384 1638 4434 in
1688 4380 1933 4451 totnilioc

322 4450 791 4517 onere’Folgentii
816 4454 976 4521 tquod
1009 4456 1262 4519 sciamus)
1287 4453 1505 4521 uerbum
1538 4454 1772 4515 nullum;
1799 4450 1933 4504 Cas-

324 4514 468 4579 siani
497 4514 717 4575 exstant
748 4514 1006 4591 aliquotva
1040 4524 1194 4575 nobis
1222 4514 1435 4576 indicati
1477 4524 1599 4577 loci.
1635 4521 1826 4577 GRIAL.

406 4594 547 4647 Ibid.
604 4592 867 4661 Fulgentii
917 4608 1112 4646 nomen
1157 4608 1255 4647 cur
1300 4610 1402 4647 non
1445 4596 1509 4646 sit
1560 4593 1933 4655 oinittendnm,

324 4664 580 4732 quamvis
614 4661 850 4716 Grialius
881 4663 1006 4715 illud
1038 4666 1297 4727 omiserit,
1339 4665 1452 4717 dixi
1497 4664 1548 4716 in
1595 4665 1933 4732 prolegome-

329 4712 523 4798 ὶῖιξξὲζ
540 4712 648 4797 δὸξ
666 4712 847 4787 iiiis"
861 4712 1028 4788 an.
1044 4712 1224 4788 cui;
1242 4712 1547 4787 adoinoia;
1563 4712 1935 4787 ιῖὲέιὶιιὶιῖὐιὶι-
1964 4712 2017 4772 Ι)

327 4808 476 4870 enni,
506 4804 598 4870 qui
645 4805 695 4856 iu
746 4803 861 4856 Vita
894 4804 1065 4858 sancti
1112 4804 1351 4868 Gregorii
1394 4806 1502 4857 haec
1556 4803 1737 4859 lsidori
1774 4805 1931 4857 verba

330 4876 552 4943 protulit
578 4884 633 4928 et
660 4872 995 4940 Fulgentium
1029 4883 1147 4941 post
1174 4876 1309 4928 alios
1339 4878 1599 4939 nominat,
1643 4875 1772 4927 tanti
1803 4890 1933 4940 pon-

330 4948 482 4999 deris
532 4960 658 5000 esse
704 4946 865 4998 debet
914 4954 973 4998 ut
1024 4947 1091 4998 ab
1163 4961 1223 4998 ea
1276 4960 1380 4999 non

328 5024 511 5073 Ακεν.

404 5088 536 5143 (λιν.
560 5103 600 5141 ι.
633 5085 696 5141 Ν.
731 5086 780 5141 1.
815 5085 1060 5139 Creatnra
1079 5087 1193 5139 caeli
1221 5098 1269 5139 et
1295 5095 1463 5139 terra).
1496 5086 1739 5140 Veterem
1770 5085 1933 5138 inter-

326 5170 542 5229 pretem
572 5157 813 5212 imitatus
844 5168 958 5218 est;
988 5157 1627 5229 quotlrenimrVulgatus:
1663 5155 1793 5229 Isne
1808 5167 1932 5229 sunt

325 5227 687 5300 generationes
712 5230 826 5283 cali
854 5237 900 5280 et
926 5239 1091 5300 terra,
1116 5228 1207 5280 ille
1235 5228 1463 5280 reddens
1492 5228 1650 5280 verba
1684 5227 1817 5280 LXX
1854 5230 1933 5278 iu-

330 5298 633 5371 ierpretum
664 5316 677 5351 :
722 5302 859 5357 Αὕτη
889 5300 918 5355 ri
947 5298 1119 5369 βίϐλος.
1143 5302 1387 5370 γενέσεως
1416 5301 1634 5371 stipando
1673 5304 1759 5353 καὶ
1793 5305 1885 5370 γῆς
1916 5313 1929 5350 :

336 5369 441 5423 Πὶε
469 5379 545 5423 est
568 5370 696 5423 liber
721 5381 972 5421 creatura:
999 5372 1111 5421 caeli
1142 5368 1187 5422 et
1219 5380 1370 5423 terrm
1396 5368 1547 5422 dixit.
1574 5368 1767 5421 (ἰηιΑι.

402 5440 459 5493 2.
510 5440 578 5492 In
620 5441 872 5508 principio
895 5440 1037 5508 fecit,
1081 5455 1145 5493 ex
1196 5438 1355 5493 LXX.
1406 5439 1602 5493 Creavit
1634 5439 1840 5493 Valent.
1880 5447 1935 5492 et

330 5514 547 5578 Coma,
577 5527 642 5564 ex
680 5510 833 5580 Vulg.
866 5511 1057 5564 GutiL.

408 5583 546 5635 Ibzd.
583 5582 699 5650 Ego
719 5583 1047 5647 principium,
1077 5582 1162 5641 qui
1192 5590 1237 5631 et
1258 5580 1452 5645 loquor.
1481 5580 1629 5645 Quod
1658 5590 1703 5633 et
1730 5582 1928 5647 loquor,

333 5655 585 5714 August.,
617 5650 769 5719 cujus
813 5665 854 5704 se
880 5666 937 5704 nt
977 5651 1109 5713 lucc,
1145 5653 1234 5704 lib.
1283 5666 1295 5703 ι
1340 5651 1404 5704 de
1436 5650 1571 5705 Gen.
1605 5660 1790 5704 eontra
1834 5653 1931 5703 Ma-

336 5730 503 5780 ιιιιτιι..
530 5738 651 5789 cap.
682 5725 739 5782 ιε,
772 5724 1069 5787 eodemque
1098 5722 1256 5779 modo
1293 5722 1427 5792 apud
1463 5721 1802 5778 Ambrosium
1837 5722 1936 5777 iui-

336 5804 406 5848 tio
432 5795 615 5863 operis
647 5793 910 5849 llexaem.
947 5794 1140 5847 URIAL.

1435 4948 1503 5000 sit
1552 4946 1929 5000 recedendum.

2039 1892 2297 1963 lignntnr,
2324 1894 2462 1947 sicut
2500 1892 2758 1961 scriptum
2789 1901 2914 1948 est“:
2942 1892 3134 1946 leam
3166 1893 3462 1961 plicabitur,
3501 1896 3635 1948 sicut

2039 1988 2163 2040 liber
2194 1984 2349 2052 (ικαὶ.
2376 2000 2562 2048 xxxiv,
2592 1983 2672 2053 4).
2707 1984 3270 2054 Discrevitquesoper
3306 1987 3407 2039 hoc
3455 1985 3634 2040 ﬁrma-

2040 2090 2277 2135 mentum
2308 2095 2494 2148 aquas,
2526 2080 2575 2135 id
2612 2090 2714 2143 est,
2745 2086 2997 2133 cmtestes
3035 2078 3257 2145 pupulos
3296 2080 3632 2149 angelorum,

2039 2173 2128 2241 qui
2161 2188 2265 2226 non
2297 2188 2432 2242 opus
2463 2174 2658 2225 habent
2690 2177 2789 2225 hoc
2819 2173 3094 2241 suspicere
3124 2172 3545 2237 ﬁrmamentum,
3577 2182 3633 2226 ttt

2042 2264 2280 2336 legentes
2308 2263 2526 2317 audiant
2559 2262 2780 2319 verbum
2816 2262 2932 2319 Dei.

2113 2359 2166 2409 7.
2203 2355 2395 2409 Vident
2442 2355 2584 2408 enim
2632 2370 2755 2409 cum
2787 2369 3021 2422 semper,
3050 2363 3105 2409 et
3140 2354 3389 2422 diligunt,
3420 2355 3513 2409 sed
3542 2370 3633 2409 su-

2042 2447 2315 2516 perposuit
2347 2445 2520 2513 ipsum
2563 2446 2957 2499 ﬁrmamentum
2991 2446 3121 2515 legis
3149 2461 3259 2500 sua:
3287 2461 3446 2514 super
3486 2444 3633 2499 Inﬁr-

2042 2538 2279 2591 mitatem
2328 2535 2637 2588 inferiorum
2678 2535 3016 2603 populorum,
3064 2546 3121 2587 ιιι
3169 2535 3237 2587 ibi
3277 2535 3632 2602 suspicientes

2040 2638 2366 2697 cognoscant
2388 2626 2616 2696 qnaliter
2655 2627 2964 2680 discernant
2994 2626 3131 2679 inter
3160 2627 3393 2679 carnalia
3423 2634 3478 2679 et
3517 2627 3628 2695 spi-

2041 2721 2272 2789 ritualia,
2308 2722 2457 2791 quasi
2488 2722 2627 2775 inter
2652 2733 2818 2789 aquas
2840 2720 3146 2790 superiores
3176 2727 3228 2772 et
3257 2720 3557 2775 inferiores.

2111 2817 2165 2871 8.
2202 2816 2322 2869 Post
2355 2815 2468 2869 htec
2509 2815 2597 2868 die
2639 2814 2797 2867 tertio
2826 2812 3038 2880 collegit
3070 2813 3119 2865 in
3156 2828 3318 2865 unum
3360 2827 3525 2881 aquas
3555 2813 3633 2865 in-

2041 2909 2265 2963 Ieriores
2289 2908 2458 2960 $3.385
2484 2922 2497 2958 :
2525 2906 2623 2959 hoc
2651 2915 2756 2970 ρμι,
2791 2904 3035 2957 homines
3066 2901 3331 2964 inﬁdeles,
3364 2902 3454 2971 qui
3484 2902 3634 2973 cupi-

2039 3002 2264 3055 ditatum
2308 3007 2627 3066 tempestate
2657 3007 2709 3051 et
2744 2996 3099 3051 teutationum
3129 2998 3421 3050 carnalium
3454 2994 3631 3050 ﬂucti-

2040 3093 2141 3147 bus
2180 3092 2515 3161 quatiuntur,
2548 3099 2603 3143 et
2638 3089 2689 3141 in
2721 3102 2781 3142 se
2811 3088 2963 3157 ipsis,
2990 3087 3140 3155 quasi
3190 3088 3509 3153 amaritudo,
3552 3089 3634 3141 in-

1953 3175 2001 3237 C
2033 3186 2348 3241 cluduntur.
2384 3182 2800 3252 Segregavitque
2845 3180 2914 3234 ab
2965 3181 3045 3234 eis
3090 3180 3331 3244 aridam,
3375 3181 3630 3250 populum

2037 3278 2250 3333 scilicet
2272 3277 2474 3330 fontem
2500 3275 2622 3329 ﬁdei
2652 3274 2943 3334 sitientem.
2972 3272 3189 3341 ﬁxitque
3217 3272 3414 3327 dehinc
3443 3287 3632 3341 super-

2038 3370 2228 3425 borum
2269 3367 2490 3431 limites,
2530 3375 2586 3421 et
2630 3366 2869 3419 coercuit
2897 3380 3011 3429 eos,
3041 3380 3110 3419 ne
3158 3364 3479 3419 turbulentis
3529 3365 3631 3417 iui-

2040 3461 2305 3528 quitatum
2338 3472 2555 3510 suarum
2599 3456 2849 3509 ﬂuetibus
2882 3456 3109 3521 aridam,
3155 3456 3207 3510 id
3252 3464 3354 3519 est,
3397 3457 3630 3511 animum

2040 3551 2308 3606 sitientem
2342 3551 2532 3612 Deum,
2566 3548 2916 3613 coliturbent;
2947 3549 3211 3617 liceatque
3239 3549 3285 3601 ei
3327 3549 3632 3617 germinare

2043 3648 2302 3700 bonorum
2328 3658 2549 3712 operum
2581 3641 2783 3695 fructus
2815 3640 3107 3696 secundum
3140 3656 3306 3712 genus
3334 3657 3512 3699 suum.
3548 3641 3630 3695 di-

2045 3737 2255 3808 ﬁgendo
2294 3736 2597 3806 proximum
2638 3734 2689 3787 in
2736 3733 2989 3788 subsidiis
3021 3734 3400 3788 necessitatum
3442 3747 3634 3787 carna-

2113 3872 2252 3926 Ibid.
2300 3869 2677 3937 Spirituales...
2726 3866 2978 3921 carnales.
3035 3866 3109 3920 Ex
3160 3867 3477 3936 Augustino,
3537 3885 3637 3927 xut

2038 3942 2309 4002 Confess..
2343 3956 2389 3994 c.
2436 3940 2520 3992 12.
2550 3942 2741 3993 ϐιιιριι..

2116 4036 2251 4089 Ibid.
2287 4034 2445 4087 Terra
2474 4042 2645 4085 autent
2685 4040 2790 4084 erat
2819 4031 2984 4083 inanis
3014 4042 3059 4084 et
3090 4046 3268 4085 canta.
3318 4030 3391 4082 [1a
3416 4034 3631 4095 quidem

2042 4109 2159 4162 libri
2185 4120 2372 4159 omnes
2396 4102 2741 4169 manuscripti
2767 4111 2819 4154 et
2842 4103 3046 4163 esi-usi,
3081 4102 3237 4151 etiam
3263 4102 3400 4168 apud
3434 4099 3632 4159 Eur-he-

2046 4180 2184 4233 rinm
2214 4187 2267 4231 et
2317 4175 2511 4229 Beilam
2536 4191 2551 4239 ;
2581 4174 2673 4227 sed
2714 4172 3020 4238 explicatio.
3054 4172 3165 4225 sive
3205 4172 3480 4238 allegoria.
3527 4190 3631 4228 non

2042 4249 2327 4302 aduibetur
2370 4246 2452 4298 his
2505 4244 2703 4303 \erbis.
2753 4243 2845 4297 sed
2896 4241 2997 4295 illis
3032 4245 3205 4308 potius
3251 4257 3369 4310 quae
3412 4254 3633 4301 suntex

2042 4318 2181 4373 LXX
2216 4335 2229 4369 :
2262 4315 2424 4370 Terra
2444 4325 2615 4369 autem
2641 4325 2746 4367 erat
2772 4313 3043 4366 invisibilis
3065 4323 3111 4364 et
3141 4313 3499 4378 incomposita.
3524 4320 3634 4369 Au-

2038 4390 2282 4459 gustinus
2323 4389 2438 4459 loco
2470 4388 2716 4459 p-‘oitime
2744 4388 2907 4459 citan
2941 4401 2953 4435 :
2994 4383 3127 4449 Quia
3176 4394 3219 4435 et
3267 4384 3409 4459 apud
3459 4401 3551 4459 nos
3580 4388 3633 4439 in

2042 4456 2247 4512 Christo
2276 4474 2366 4509 suo
2399 4458 2518 4525 fecit
2565 4456 2698 4509 Deus
2728 4456 2913 4508 uelum
2950 4465 2997 4506 et
3028 4467 3234 4514 terram,
3263 4456 3562 4521 spirituales
3584 4468 3637 4508 et

2039 4532 2270 4584 carnales
2298 4527 2539 4581 Ecclesiae
2573 4542 2698 4587 suae,
2733 4537 2778 4579 ct
2808 4534 2943 4577 terra
2975 4533 3165 4585 nostra,
3200 4534 3472 4589 antequam
3497 4530 3635 4577 acci-

2043 4611 2181 4669 peret
2213 4602 2426 4669 formam
2462 4600 2726 4660 doctrinm,
2752 4595 3016 4669 invisibilis
3044 4604 3239 4669 eratet.
3272 4595 3632 4664 incomposita,

2042 4664 2088 4725 et
2111 4664 2413 4736 ignorantia:
2435 4669 2653 4721 tenebris
2681 4666 2994 4737 tegebantur,
3018 4676 3123 4718 etc.
3153 4664 3342 4737 GlttAL.

2113 4735 2251 4795 Ibid.
2302 4740 2532 4794 Sanctus
2562 4735 2887 4806 Augustinus
2920 4752 3064 4804 smpe.
3087 4736 3276 4789 eodem
3310 4735 3467 4789 modo
3508 4738 3582 4789 ait
3616 4754 3627 4788 :

2042 4813 2105 4867 In
2153 4811 2405 4878 principio
2436 4811 2573 4876 fecit,
2610 4820 2715 4861 etc.
2766 4806 2922 4874 Apud
2960 4806 3206 4859 emndein
3242 4816 3481 4878 sanctum
3527 4811 3630 4858 Au-

2036 4876 2302 4949 gustinum
2322 4876 2424 4933 alii
2460 4882 2639 4949 legunt
2672 4878 3013 4946 Principium,
3045 4878 3164 4945 quia
3184 4886 3230 4929 et
3262 4876 3442 4943 loquor
3473 4878 3631 4931 vobis.

2039 4962 2207 5009 Autzv.

2109 5027 2164 5079 4.
2203 5021 2381 5075 Prima
2411 5024 2513 5084 die,
2548 5034 2717 5080 usque
2742 5018 2805 5074 ad
2832 5033 3079 5088 apparere
3100 5016 3276 5078 uoluit,
3308 5016 3631 5086 Augustinus

2039 5096 2141 5149 Ide
2170 5092 2362 5147 Genes.
2399 5106 2581 5143 eontra
2618 5090 2869 5149 Manich..
2904 5087 2960 5141 'c.
2994 5087 3083 5142 23.
3116 5088 3307 5142 GRIAL.

2108 5166 2159 5220 5.
2195 5163 2481 5232 Apostolus
2512 5178 2526 5215 :
2562 5160 2894 5232 Eratisgenim
2920 5160 3220 5232 aliquando,
3255 5169 3357 5212 etc.
3393 5156 3448 5210 lu
3478 5158 3630 5212 Gria-

2040 5237 2092 5291 lii
2125 5228 2278 5288 testu.
2302 5232 2552 5285 memlmn
2580 5242 2693 5284 erat
2718 5230 2855 5297 ﬁlios
2909 5228 3000 5283 Dei
3032 5239 3078 5280 et
3107 5229 3264 5281 luces.
3301 5234 3470 5283 Anev.

2110 5306 2163 5360 6.
2195 5304 2392 5358 Deinde
2420 5302 2641 5355 secunda
2670 5304 2772 5365 die,
2805 5300 3059 5368 usquead
3088 5300 3395 5366 stiperiares,
3422 5311 3468 5353 et
3498 5301 3632 5369 infe-

2037 5380 2215 5438 riores,
2248 5374 2470 5440 carptim
2501 5388 2566 5426 ex
2592 5374 2763 5440 ejusd.
2799 5386 2888 5423 xm
2921 5368 3186 5432 Coul‘e~s.,
3219 5386 3338 5439 cap.
3372 5370 3460 5435 l5,
3484 5368 3631 5425 etex

2040 5465 2053 5502 ι
2079 5458 2262 5503 contra
2294 5445 2546 5504 Maulclt..
2579 5459 2626 5494 c.
2656 5446 2745 5495 cit.
2772 5442 2964 5495 GntaL.

2114 5516 2247 5569 Ibid.
2289 5515 2507 5584 Vulgata
2548 5532 2560 5568 :
2596 5511 3080 5580 Complicabunlur,
3134 5512 3264 5565 sicut
3302 5512 3459 5579 liber,
3499 5514 3629 5568 caeli.

2042 5589 2209 5644 Ausv.

2114 5660 2165 5711 8.
2204 5656 2325 5709 I’ost
2368 5658 2473 5708 lucc
2503 5655 2585 5707 die
2614 5654 2782 5715 tertio,
2814 5669 2981 5722 usque
3007 5653 3070 5705 atl
3103 5654 3272 5706 calido
3302 5654 3481 5709 robore
3497 5656 3630 5726 justi

2035 5730 2246 5801 judicii,
2275 5744 2335 5781 ex
2368 5728 2487 5787 eod.
2525 5727 2614 5780 ιιι).
2647 5726 2890 5783 Ουιιτιεεδ.
2926 5742 2974 5782 c.
3011 5726 3095 5779 17.
3127 5726 3318 5781 (λιιιιι.
