4064 6170
430 312 529 366 ‘le

1460 304 1517 359 S.
1565 302 1810 360 lSlDORl
1854 296 2290 355 lllSPALENSlS
2332 292 2632 351 EPISCOPI

3590 267 3696 341 eis

434 428 589 488 lium;
617 424 916 493 habeatque
942 426 990 477 in
1016 437 1074 476 se
1100 435 1281 475 semen
1314 420 1473 490 263
1513 419 1802 474 secundum
1830 414 2012 470 simili-
2042 422 2088 474 Α
2118 429 2268 468 suam
2301 431 2314 466 :
2345 412 2637 483 perfectum
2681 410 2886 467 scilicet
2926 409 3123 473 virum,
3147 405 3237 477 qui
3269 420 3374 461 non
3403 404 3697 474 quemlibct

432 518 692 585 tudinem,
725 528 779 570 ιιι
804 533 871 571 ex
899 531 991 570 sua
1018 515 1326 568 inﬁrmitate
1356 513 1708 577 compatiatur
1728 512 1792 565 ad
1822 511 2013 565 subve-

432 609 683 663 niendmn
713 607 1094 676 indigentibus.

501 699 557 756 9.
590 698 848 752 Producat
876 707 929 753 et
954 698 1153 767 lignum
1183 698 1317 750 forte
1346 698 1558 760 robore,
1580 704 1631 749 et
1661 695 2011 758 fructiferom,

428 789 480 843 id
514 797 614 849 est.
654 788 968 842 benelicimn
1018 788 1082 841 ad
1114 787 1446 855 eripiendum
1476 802 1599 840 eum
1639 786 1728 855 qui
1761 784 2011 853 injuriam

427 881 625 949 patitur
652 878 718 932 de
749 895 906 932 manu
944 879 1196 945 potentis.
1223 887 1275 931 et
1299 877 1639 943 praebendum
1665 874 2012 945 protectionis

430 972 797 1026 unbraculum
828 973 1006 1026 valido
1038 972 1231 1025 robore
1254 969 1383 1039 justi
1411 970 1619 1040 judicii.

500 1064 590 1118 10.
625 1065 823 1119 Deinde
851 1072 1038 1134 quarta
1084 1064 1171 1116 die
1212 1062 1548 1117 etnicuerunt
1594 1059 1876 1114 luminaria
1927 1059 2018 1112 lir-

430 1166 704 1213 mamento
731 1156 865 1226 legis
908 1155 1091 1217 inlisa,
1146 1153 1201 1208 id
1242 1163 1345 1217 est,
1377 1152 1715 1221 evangelistae
1752 1160 1808 1205 et
1835 1150 2021 1205 docto—

428 1266 540 1317 res,
587 1250 880 1316 Scriptura:
930 1258 1129 1303 sanctze
1184 1249 1519 1303 cohazrentes
1566 1244 1909 1313 disputando,
1966 1253 2021 1298 et

429 1342 679 1396 omnibus
710 1340 1058 1395 inferioribus
1104 1340 1286 1393 lumen
1325 1336 1604 1406 sapientia:
1632 1336 2017 1390 ministrantes.

431 1438 655 1492 Protulit
672 1437 831 1491 etiam
855 1445 910 1491 et
929 1447 1176 1490 caateram
1202 1434 1509 1489 micantium
1527 1433 1761 1486 siderum
1787 1430 2019 1494 turbam,

432 1533 484 1584 id
509 1542 614 1595 est,
645 1531 977 1584 diversarum
1007 1530 1263 1581 virtutum
1306 1528 1356 1579 in
1406 1525 1644 1580 Ecclesia
1674 1522 2023 1577 numerosita-

435 1634 561 1684 tem,
589 1636 706 1688 qua:
731 1619 781 1672 in
812 1616 968 1687 hujus
989 1620 1109 1671 vita:
1131 1616 1478 1681 obscuritate,
1506 1626 1753 1682 tanquam
1786 1614 1837 1667 in
1867 1624 2023 1667 noete

434 1710 783 1779 refulgentes,
827 1711 1067 1765 dividant
1119 1711 1172 1765 in
1222 1712 1323 1764 l.oc
1368 1710 1705 1762 ﬁrmamento
1735 1707 2024 1776 Scriptura;

2119 515 2425 561 sanctorum
2467 508 2702 559 virorum
2754 502 3029 562 imitando.
3088 499 3182 554 sed
3223 500 3390 567 ipsam
3422 497 3697 553 veritatem

2119 596 2603 664 contemplabiliter
2652 594 2937 661 intuendo,
2997 602 3250 662 operatur
3294 590 3585 657 justitiam,
3642 601 3700 643 ut

2120 688 2289 755 ipsam
2340 688 2630 755 intelligat,
2675 696 2728 743 et
2777 692 3057 753 sequatur,
3109 683 3175 735 ad
3218 681 3371 751 cujus
3419 680 3700 749 imaginem

2120 777 2293 833 factus
2321 787 2424 844 est,
2466 780 2763 834 veritatem.
2804 777 2906 831 Iste
2934 777 3091 831 etiam
3140 775 3345 842 accepit
3384 781 3700 842 potestatem

2120 872 2342 942 piscium
2371 873 2555 936 maris,
2589 883 2645 925 et
2665 870 2956 925 volatilium
2987 867 3130 935 coeli,
3164 880 3541 934 pecorumque,
3566 865 3705 919 lera-

2122 980 2240 1018 rum
2271 978 2503 1033 quoque,
2537 975 2697 1033 atque
2725 962 3049 1029 repentium,
3082 958 3199 1029 quia
3232 956 3517 1025 spiritualis
3547 956 3707 1025 quis-

2121 1069 2225 1123 que
2252 1056 2494 1120 elTectus,
2518 1065 2572 1109 et
2596 1055 2702 1107 Deo
2729 1052 2915 1108 similis
2943 1050 3130 1114 factus,
3156 1049 3441 1104 secundum
3472 1052 3707 1123 Aposto-

2123 1146 2254 1209 lum,
2281 1147 2485 1216 judicat
2526 1146 2729 1211 omnia,
2762 1146 2875 1216 ipse
2902 1157 3079 1199 autem
3124 1158 3155 1197 a
3206 1143 3417 1198 nemine
3442 1142 3700 1213 judicatus

2124 1236 2178 1309 (I
2204 1236 2322 1291 Cor.
2346 1253 2402 1305 ll,
2424 1239 2538 1303 15).

2197 1351 2286 1406 15.
2317 1350 2469 1416 Quod
2498 1367 2626 1404 vero
2652 1350 2894 1419 sequitur
2926 1366 2939 1401 :
2967 1347 3252 1402 Masculum
3283 1356 3328 1400 et
3357 1348 3600 1417 feminam
3627 1348 3709 1415 fe-

2125 1446 2192 1498 cit
2213 1462 2321 1511 eos,
2350 1444 2655 1513 spirituales
2683 1445 2735 1497 in
2765 1443 3028 1509 Ecclesia,
3052 1452 3106 1496 et
3125 1440 3435 1496 obedientes
3454 1440 3706 1505 ostendit,

2125 1540 2251 1610 quia
2296 1539 2435 1593 sicut
2482 1538 2597 1592 viro
2644 1538 2855 1592 subdita
2896 1544 2981 1591 est
3007 1536 3220 1598 mulier,
3254 1537 3331 1589 sic
3370 1532 3628 1602 spirituali
3657 1540 3713 1585 et

2128 1631 2366 1701 perfecto
2395 1631 2509 1686 viro
2538 1631 2794 1686 obedieus
2822 1640 2905 1684 est
2934 1630 2977 1684 is
2997 1629 3085 1699 qui
3116 1630 3290 1681 minus
3320 1626 3585 1695 perlectus
3604 1637 3709 1691 εει,

2128 1727 2267 1780 sicut
2296 1724 2582 1793 Apostolus
2612 1723 2689 1777 ait
2722 1741 2734 1776 :
2776 1723 3038 1793 Rogamus
3063 1738 3168 1787 vos,
3201 1721 3408 1791 fratres,
3442 1727 3495 1772 ut
3523 1734 3714 1787 cogno-

433 1803 705 1859 sensibilia
762 1810 816 1859 et
862 1802 1253 1872 intelligibilia,
1304 1801 1452 1869 quasi
1496 1800 1637 1853 inter
1677 1800 1845 1852 lucem
1902 1811 2022 1862 per-
2054 1797 2103 1857 B
2129 1820 2281 1871 “ah-8
2329 1834 2413 1872 eo,
2439 1818 2528 1887 qui
2556 1816 2771 1871 iuvabis
2803 1815 3035 1868 labora,“
3060 1854 3077 1880 ’
3121 1824 3169 1866 α
3216 1822 3446 1883 prmum
3482 1812 3620 1864 vobis
3660 1813 3713 1863 in

435 1897 693 1951 lectorum
738 1906 791 1951 et
833 1895 1082 1950 tenebras
1128 1896 1496 1963 parvulorum,
1527 1902 1580 1945 et
1620 1889 1725 1943 sint
1767 1891 1818 1942 in
1858 1888 2026 1956 signis

440 1991 694 2044 virtutum
731 1999 785 2044 et
837 1988 1245 2051 miraculorum,
1271 1988 1373 2040 sint
1403 1987 1566 2039 etiam
1610 1985 1663 2037 iu
1695 1993 1933 2051 tempora
1972 1992 2027 2035 et

435 2095 628 2146 annos,
656 2081 780 2149 quia
820 2080 1197 2148 pradicatores
1228 2076 1456 2147 propriis
1491 2075 1816 2142 temporibus
1844 2075 2028 2127 vivunt

434 2173 1055 2239 ettranseunt,verbum
1106 2180 1285 2225 autem
1334 2169 1543 2223 Domini
1588 2177 1768 2222 manet
1799 2168 2026 2221 inretor-

437 2279 585 2319 num.

510 2349 598 2404 11.
629 2349 805 2417 Quare
834 2358 1013 2411 autem
1057 2347 1231 2417 primo
1270 2356 1413 2402 terra
1456 2344 1799 2416 germinavit,
1832 2343 2029 2398 deinde

440 2441 580 2493 tacta
606 2448 733 2494 sunt
758 2438 1081 2499 luminaria?
1105 2439 1206 2495 nisi
1238 2437 1357 2505 quia
1393 2448 1510 2505 post
1538 2450 1699 2505 opera
1727 2436 1860 2488 bona
1886 2436 2029 2489 venit

440 2528 758 2583 illuminatio
790 2529 923 2584 lucis
944 2530 1010 2584 ad
1039 2529 1502 2598 contemplandum
1528 2528 1761 2596 Speciem
1782 2541 2027 2595 superate

440 2623 691 2677 virtutis?

520 2712 608 2767 12.
640 2713 782 2769 Inter
813 2714 926 2768 hinc
951 2714 1038 2769 die
1068 2715 1252 2783 quinta
1290 2714 1428 2767 facta
1460 2722 1585 2767 sunt
1613 2713 1664 2768 in
1687 2712 1839 2782 aquis
1870 2713 2032 2781 repti-

443 2805 510 2858 lia
549 2803 844 2859 animarum
892 2805 1154 2869 vivarum,
1200 2806 1462 2869 homines,
1512 2805 1738 2870 scilicet,
1790 2806 2030 2860 renovati

441 2901 496 2956 in
539 2900 701 2958 vitam
746 2915 844 2970 per
876 2900 1122 2969 baptismi
1168 2909 1583 2955 sacramentum.
1631 2900 1785 2954 Facta
1827 2910 1951 2955 sunt
1979 2910 2034 2956 et

446 2990 705 3056 volatilia,
738 2992 789 3047 id
816 3000 917 3055 est,
952 3003 1153 3047 sancta:
1182 2994 1377 3046 anima:
1407 2992 1471 3045 ad
1502 3008 1735 3061 superna
1766 2993 2029 3047 volantes.

515 3082 605 3139 l3.
636 3082 762 3137 Post
791 3083 905 3138 hinc
930 3096 1078 3138 sexui
1110 3084 1197 3137 die
1225 3084 1467 3150 produxit
1509 3092 1648 3136 terra
1688 3086 1916 3136 animam
1956 3085 2032 3136 vi-

443 3187 591 3241 vam,
617 3172 833 3241 quando
854 3189 982 3227 caro
1010 3184 1218 3239 nostra,
1247 3173 1521 3227 abstinens
1538 3173 1868 3242 aboperibus
1895 3187 2031 3226 mor—
2060 3163 2105 3225 C
2139 3137 2154 3190 1

446 3264 570 3330 tuis,
608 3264 724 3318 viva
754 3266 1001 3319 virtutum
1044 3266 1282 3334 germina
1331 3267 1574 3333 parturit,
1616 3265 1904 3319 secundum
1935 3280 2027 3333 ge-

446 3369 546 3408 nus
577 3355 783 3408 scilicet
810 3370 986 3420 smmi,
1009 3354 1062 3409 id
1091 3366 1191 3417 est,
1221 3357 1383 3410 vitam
1417 3355 1672 3408 imitando
1698 3366 2028 3420 sanctorum,

444 3447 584 3497 sicut
611 3446 900 3512 Apostolus
927 3448 999 3498 ait
1032 3463 1050 3500 :
1081 3446 1369 3500 lmitatores
1402 3447 1500 3499 mei
1519 3455 1693 3500 estote.
1723 3445 2031 3500 Secundum

452 3545 695 3590 nostrum
741 3537 943 3604 quippe
982 3553 1149 3607 genus
1201 3539 1447 3600 vivnnus,
1495 3538 1708 3606 quando
1762 3538 1814 3590 in
1872 3551 2035 3605 opere

452 3626 592 3677 lono
622 3634 837 3678 sanctos
867 3626 1031 3688 viros,
1052 3624 1214 3695 264
1234 3626 1382 3691 quasi
1417 3625 1708 3693 proximos,
1742 3623 2032 3676 imitamur.

456 3715 657 3769 Deinde
688 3716 940 3785 produxit
990 3726 1128 3769 terra
1179 3716 1397 3781 bestias,
1432 3715 1677 3767 homines
1711 3715 1760 3766 in
1803 3713 2036 3781 potentia

454 3822 654 3871 rerum,
684 3810 797 3861 sive
828 3808 1105 3860 ferocitate
1132 3807 1418 3873 superbiae.
1451 3804 1709 3860 Similiter
1731 3813 1785 3856 et
1815 3818 2035 3872 pecora;

453 3897 639 3957 ﬁdeles
687 3896 739 3951 iu
771 3896 1115 3966 simplicitate
1144 3895 1267 3948 vita:
1298 3897 1567 3957 viventes;
1601 3903 1878 3959 serpentes
1907 3907 2042 3962 quo-

453 4007 560 4059 que
588 3987 860 4057 innoxios,
884 4005 1098 4046 sanctos
1126 3992 1373 4047 videlicet
1409 3992 1576 4056 viros,
1604 3989 1819 4045 astutia:
1842 3990 2042 4042 vivaci-

457 4089 565 4132 tate
596 4080 793 4133 bonum
824 4096 851 4131 a
901 4083 1040 4133 malo
1070 4080 1463 4146 discernentes,
1490 4091 1565 4142 et,
1596 4082 1645 4133 in
1679 4091 1937 4150 quantum
1963 4078 2041 4132 fas

456 4179 559 4234 est,
593 4170 854 4238 reptando
879 4182 1181 4225 scrutantes
1209 4181 1447 4235 terrena,
1478 4185 1569 4238 per
1599 4186 1717 4237 quae
1745 4168 2045 4237 intelligant

450 4264 805 4327 sempiterna,
862 4279 966 4317 non
1014 4264 1133 4317 illos
1180 4277 1480 4317 venenosos
1527 4263 1620 4329 qui
1670 4276 1729 4316 se
1782 4262 1835 4316 in
1890 4262 2045 4328 huius

458 4352 641 4407 mundi
671 4354 1053 4421 cupiditatibus
1078 4355 1305 4408 terrenis
1326 4354 1613 4409 collocant.

524 4444 613 4499 M.
662 4445 789 4500 Post
824 4447 937 4500 bzec
980 4446 1108 4503 fecit
1158 4448 1295 4502 Deus
1341 4447 1614 4501 hominem
1652 4444 1718 4499 ad
1758 4432 2044 4514 imaginem

525 4580 579 4636 9.
613 4576 955 4634 Protectionis
985 4581 1357 4635 umbraculum.
1393 4579 1464 4633 Ita
1495 4578 1844 4649 Augustinus,
1877 4588 1931 4633 et
1960 4576 2040 4630 sic
2073 4579 2125 4638 D

456 4662 538 4706 est
570 4650 705 4718 apud
742 4650 958 4704 Bedani.
987 4653 1179 4706 GRIAL.

531 4722 620 4774 10.
654 4719 856 4773 Deinde
882 4732 1064 4790 quarta
1095 4724 1194 4775 die.
1240 4722 1315 4775 Ex
1348 4736 1435 4773 xm
1461 4720 1642 4783 Cant,
1671 4718 1910 4790 capsis,
1942 4724 1995 4771 et
2028 4732 2042 4770 ι

452 4800 520 4844 ite
551 4791 689 4844 Gen.
726 4802 872 4843 cont.
894 4788 1166 4857 ‘Maniebn
1198 4806 1245 4845 c.
1278 4792 1370 4858 25,
1411 4800 1466 4845 et
1522 4792 1772 4859 Origene,
1806 4788 1951 4842 hom.
2012 4790 2037 4842 1

456 4868 507 4914 in
538 4860 672 4914 Gen.
708 4858 896 4915 GBIAL.

531 4929 672 4984 Ibid.
726 4933 1007 4999 Scriptura:
1054 4939 1242 4985 sancta?
1289 4930 1616 4985 roltwrenles.
1670 4930 2039 4999 Appareamus,

459 5004 589 5053 sicut
607 5003 878 5054 luminaria
904 5006 953 5053 in
985 5003 1194 5068 mundo,
1215 5000 1521 5054 eoltwrentes
1539 5002 1859 5070 ﬁrmamento
1891 5000 2039 5052 Scri-

461 5082 766 5136 ptumtua'.
808 5073 1157 5141 Augustinus,
1199 5087 1289 5124 xm
1322 5071 1501 5135 Ennii,
1528 5088 1576 5123 c.
1610 5078 1694 5125 13.
1728 5071 1819 5123 Est
1862 5079 2038 5123 autem

461 5142 600 5222 apud
631 5143 948 5217 Eucherium
989 5152 1054 5222 et.
1076 5142 1267 5222 lledam
1300 5147 1722 5222 denmnstrantes,
1755 5141 1893 5211 apud
1936 5144 2043 5194 Au-

460 5212 726 5275 gustinum
760 5216 957 5275 tanien,
988 5214 1354 5265 ministrantes.
1389 5210 1579 5266 GBIAL.

531 5276 671 5359 Ibid.
714 5280 968 5359 Tenebras
1013 5284 1273 5359 parvulor.
1310 5282 1479 5337 Verba
1507 5282 1894 5359 smitejusdem
1924 5279 2043 5359 ,Αυ-

459 5350 678 5474 ﬁngitis},
712 5368 828 5419 cap.
874 5355 961 5407 19.
1008 5352 1296 5407 Pravorum
1343 5364 1517 5408 tamen
1560 5355 1759 5407 habent
1802 5351 2042 5420 plerique

577 5460 589 5471 .
674 5436 814 5473 ιιιΑι.

492 5418 589 5473 lss.
623 5420 814 5473 GltlAL.

532 5487 671 5544 Ibid.
725 5491 859 5556 Quia
889 5496 1266 5561 praedicatores.
1315 5494 1479 5554 hlem,
1525 5509 1572 5547 c.
1619 5493 1684 5547 16
1719 5510 1730 5544 ;
1763 5491 2044 5546 Transeunt

460 5562 822 5628 prtedicutores
850 5565 984 5615 verbi
1008 5568 1081 5616 tui
1110 5582 1172 5618 ea:
1199 5566 1295 5618 hac
1322 5570 1420 5617 vita
1446 5567 1496 5617 in
1519 5564 1673 5617 aliaat
1703 5565 1891 5627 vitam;
1923 5563 2048 5615 scri-

461 5646 610 5750 pltttl‘t!
638 5648 762 5755 per:
785 5643 875 5685 tua
907 5650 1061 5702 usque
1082 5636 1135 5687 in
1162 5637 1313 5703 ﬁnem
1339 5636 1512 5690 surculi
1536 5650 1690 5704 super
1719 5636 1932 5706 populos
1962 5648 2048 5685 ex—

464 5713 562 5754 trm
585 5714 701 5755 ttur.
752 5720 915 5755 .tttAL.

464 5713 701 5756 tifmlttttr.
727 5713 915 5758 (ilttAL.

545 5772 683 5827 Ibid.
716 5775 768 5829 ιιι
799 5787 911 5830 not.
934 5775 1027 5831 Gr.
1056 5786 1165 5830 erat
1190 5789 1368 5846 quarto
1397 5779 1495 5830 die.
1527 5778 1694 5831 AnILV.

2132 1910 2352 1963 Domino
2376 1907 2429 1977 (I
2456 1908 2631 1963 Thess.
2659 1924 2714 1972 v,
2740 1908 2851 1970 η).
2882 1906 3086 1961 Dicitur
3129 1915 3305 1958 autem
3336 1904 3415 1957 eis
3448 1920 3462 1957 :
3496 1902 3716 1957 Crescite

2131 2014 2178 2055 et
2208 2002 2644 2070 multiplicamini,
2672 2001 2784 2054 sive
2812 1999 2866 2053 in
2895 1998 3108 2065 linguis,
3133 1997 3245 2051 sive
3270 1999 3320 2049 in
3352 1995 3716 2063 spirituatihus

2130 2096 2495 2160 intelligentia:
2534 2094 2822 2164 gradibus,
2873 2101 2931 2146 ut
2967 2091 3307 2145 dominentur
3355 2104 3448 2157 per
3494 2088 3715 2141 rationis

2131 2190 2458 2243 intellectum
2481 2188 2722 2243 omnium
2746 2187 3037 2241 carnalium
3062 2183 3543 2254 perturbationum,
3565 2180 3717 2250 quasi

2131 2282 2518 2337 iusensibilium
2549 2280 2920 2335 animantium.

2206 2397 2293 2453 16.
2328 2398 2510 2451 Omnis
2535 2406 2709 2450 autem
2743 2394 2904 2447 herba
2934 2390 3228 2453 seminalis,
3254 2399 3308 2443 et
3326 2403 3484 2442 omne
3518 2388 3715 2454 lignum

2134 2492 2486 2553 fructuosmn,
2541 2487 2678 2555 quod
2731 2484 3037 2538 hominibus
3087 2484 3270 2535 datum
3320 2489 3402 2535 est
3433 2482 3482 2533 in
3513 2493 3716 2540 escam,

2134 2584 2319 2636 lidelcs
2347 2592 2469 2635 sunt
2494 2581 2559 2632 de
2588 2578 2944 2632 oblationibus
2973 2584 3278 2628 sanctorum
3312 2568 3720 2625 necessitatibus

2133 2675 2612 2729 communicantes.
2648 2668 2800 2723 Unde
2834 2677 2888 2721 et
2916 2664 3201 2735 Apostolus
3236 2664 3310 2716 ait
3360 2678 3374 2716 :
3422 2660 3563 2714 Nam
3597 2661 3640 2712 si
3669 2660 3722 2710 in

2132 2766 2483 2833 spiritualibus
2514 2763 2786 2835 participes
2818 2760 2940 2829 facti
2977 2768 3093 2811 sunt
3122 2754 3352 2826 gentiles,
3384 2753 3563 2805 debent
3591 2761 3637 2803 et
3668 2752 3723 2802 in

2133 2858 2423 2912 carnalibus
2452 2857 2742 2909 ministrare
2766 2854 2835 2906 eis
2859 2852 3031 2921 (Rom.
3054 2866 3142 2913 xv,
3166 2848 3281 2917 ‘27).
3314 2847 3437 2900 Haec
3466 2854 3588 2899 sunt
3617 2844 3724 2895 fru-

2135 2950 2323 3005 ctifera
2348 2948 2506 3016 ligna.
2532 2947 2586 3000 lu
2614 2946 2728 3000 istis
2758 2959 2884 3012 ergo
2902 2941 3064 3014 265
3091 2940 3363 3009 gradibus,
3389 2946 3636 3005 tanquam
3666 2935 3721 2989 in

2135 3040 2455 3111 quibusdam
2484 3037 2694 3103 diebus,
2727 3050 2951 3104 vespera
2984 3042 3068 3087 est
3099 3034 3207 3101 ipsa
3258 3029 3513 3100 perfectio
3542 3028 3723 3095 singu-

2161 3150 2310 3190 orum
2329 3146 2574 3200 cperam,
2591 3138 2646 3184 et
2672 3145 2825 3183 mane
2855 3126 3123 3181 inchoatio
3149 3125 3505 3195 sequentium.

2209 3246 2295 3299 17.
2327 3244 2454 3298 Post
2482 3244 2705 3297 istorum
2753 3243 2930 3308 itaque
2950 3237 3103 3307 quasi
3151 3252 3243 3290 sex
3296 3236 3505 3290 dierum
3555 3248 3724 3300 opera

2137 3338 2275 3391 bona
2306 3337 2461 3388 valde
2488 3342 2672 3401 sperat
2704 3332 2862 3384 homo
2886 3330 3120 3398 quietem
3149 3328 3365 3387 mentis,
3400 3327 3731 3380 constitutus

2136 3432 2188 3485 in
2216 3427 2480 3498 spirituali
2529 3424 2775 3495 paradiso
2805 3464 2818 3484 ,
2870 3436 2976 3490 quo
3027 3421 3357 3490 signiﬁcatur
3388 3419 3492 3469 vita
3542 3417 3724 3480 beata,

2138 3522 2226 3574 ubi
2282 3518 2401 3572 fons
2429 3527 2512 3570 est
2570 3514 2867 3581 sapientia},
2898 3511 3100 3563 divisus
3152 3511 3201 3561 in
3264 3514 3490 3577 quatuor
3547 3513 3728 3573 partes

2141 3612 2432 3674 virtutum;
2490 3607 2578 3660 ubi
2621 3606 2745 3659 edat
2790 3603 2919 3671 ligni
2968 3602 3091 3655 vitae
3145 3602 3392 3669 gratiam,
3449 3596 3536 3650 ubi
3569 3597 3728 3649 utiles

2140 3703 2450 3770 disciplinas
2502 3714 2735 3763 morum,
2786 3696 2938 3763 quasi
2973 3692 3174 3747 fruetus
3206 3694 3472 3761 lignorum
3517 3699 3727 3757 carpat.

2143 3799 2234 3851 list
2277 3810 2505 3865 namque
2535 3790 2812 3861 paradisus
2862 3789 2965 3841 vita
3014 3787 3311 3849 beatorum,
3347 3793 3577 3851 quatuor
3628 3780 3729 3834 ﬂu-

2144 3893 2287 3944 mina
2307 3897 2535 3958 quatuor
2556 3886 2803 3940 virtutes.
2837 3881 2976 3950 ligna
3020 3879 3138 3947 ejus
3184 3890 3368 3931 onmes
3402 3876 3558 3927 utiles
3578 3873 3731 3925 disci-

2144 3981 2322 4050 plinm,
2365 3980 2626 4045 lignorum
2652 3974 2854 4027 fructus
2884 3984 3065 4024 mores
3096 3967 3304 4037 piorum
3326 4005 3341 4029 ,
3385 3965 3583 4033 lignum
3609 3964 3732 4017 vita

2143 4076 2257 4141 ipsa
2300 4073 2559 4125 bonorum
2591 4068 2829 4119 omnium
2878 4074 3051 4116 mater
3100 4069 3184 4113 est
3211 4058 3493 4125 sapientia,
3537 4056 3603 4107 de
3628 4070 3730 4124 qua

2145 4167 2402 4231 scriptum
2451 4169 2552 4224 est,
2602 4160 2891 4215 Salomone
2943 4153 3201 4207 dicente:
3243 4150 3462 4218 Lignum
3508 4147 3620 4200 vita:
3656 4155 3733 4198 est

2146 4257 2226 4307 his
2248 4255 2334 4323 qui
2356 4251 2746 4321 appreltendunt
2764 4247 2927 4309 illam,
2960 4253 3008 4298 el
3036 4243 3119 4312 qui
3146 4241 3356 4294 tenuerit
3380 4255 3489 4292 eam
3512 4281 3526 4304 ,
3562 4240 3733 4290 beatus

2150 4348 2419 4419 (Proverb.
2474 4361 2551 4408 tu,
2588 4344 2709 4410 l8).
2763 4341 2987 4407 Lignum
3036 4334 3280 4390 scientia:
3334 4329 3458 4387 boni
3504 4339 3559 4385 et
3608 4329 3732 4383 mali

2152 4439 2504 4509 transgressio
2526 4446 2607 4491 cst
2634 4432 2891 4488 mandati.

2221 4574 2307 4627 14.
2335 4570 2707 4639 Perorumque,
2742 4571 3217 4639 ferarumquoque,
3245 4568 3291 4612 et
3322 4558 3625 4639 repentium.
3659 4558 3731 4611 Ita

2149 4643 2288 4698 Beda
2328 4653 2382 4695 et
2428 4628 2704 4709 Impress.,
2731 4628 2797 4690 ex
2825 4635 2993 4689 veteri
3013 4628 3322 4693 tralatione,
3362 4630 3449 4682 alii
3480 4628 3636 4682 aliter
3665 4645 3734 4685 ex

2150 4713 2516 4777 Vulg.Gnm..
2901 4775 2911 4779 _
3008 4774 3016 4779 _
3095 4772 3107 4779 ,
3358 4767 3424 4779 ,,

2219 4772 2358 4838 Ibid.
2390 4782 2531 4834 Multi
2564 4785 2849 4831 versantur
2878 4772 3107 4841 theologi
3140 4785 3201 4824 ac
3234 4772 3373 4823 sacri
3414 4772 3735 4837 interpretes

2146 4855 2197 4907 in
2256 4855 2352 4907 hac
2396 4852 2657 4907 sententia
2715 4846 2939 4900 Genesis
2990 4840 3325 4909 exponenda,
3382 4840 3523 4907 quod
3575 4844 3733 4893 homo

2145 4927 2311 4978 lactus
2341 4923 2407 4977 sit
2452 4923 2517 4973 ad
2566 4918 2846 4987 imagini-tu
2887 4926 2940 4969 et
2969 4908 3369 4987 Sillliiillltil'llelll
3396 4911 3521 4987 _Dei.
3548 4908 3737 4987 Varias

2145 4997 2211 5048 de
2234 4997 2333 5046 hoc
2358 4979 2970 5059 argmncnto‘opiniones
2993 4983 3206 5059 collegit
3229 4981 3475 5034 i'ererius
3500 4979 3562 5059 ad
3589 4980 3735 5035 hunc

2150 5066 2344 5118 locum.
2373 5050 2503 5115 Vide
2530 5061 2690 5114 etiam
2721 5050 3019 5111 Editionem
3071 5050 3281 5108 Patrum
3313 5050 3734 5121 apostolicorutn

2148 5150 2266 5187 cum
2300 5132 2439 5185 notis
2469 5130 2741 5191 Cotelerii,
2778 5144 2895 5196 pag.
2925 5128 3011 5179 6t).
3047 5125 3213 5196 Anev.

2222 5204 2308 5258 15.
2344 5204 2396 5256 In
2433 5203 2649 5270 Vulgata
2684 5190 2868 5253 nunc?
2903 5196 2970 5251 Ut
3003 5194 3239 5247 noveritis
3276 5207 3364 5247 eos
3388 5192 3475 5261 qui
3500 5190 3736 5249 laborant

2149 5276 2280 5328 inter
2301 5290 2403 5326 vos.
2436 5275 2604 5325 ABEV.

2228 5346 2313 5397 l6.
2350 5343 2570 5412 Vulgata
2607 5358 2620 5393 :
2657 5340 2795 5412 Nam
2818 5337 2861 5389 si
2885 5334 3228 5412 spiritualium
3257 5348 3430 5386 eorum
3452 5330 3735 5401 participes

2152 5418 2272 5488 [acti
2301 5405 2602 5488 sunjt,'etc.,
2629 5409 2920 5461 ministrare
2956 5406 3080 5488 illis.
3112 5405 3282 5457 Alli-2V.

2228 5488 2313 5539 17.
2370 5471 2489 5536 l’ost
2522 5471 2757 5541 istorum,
2798 5491 2965 5544 usque
2993 5477 3057 5526 ad
3104 5485 3271 5541 sperat
3312 5471 3734 5544 lwmqguietem,

2153 5559 2316 5612 verba
2369 5564 2492 5607 sunt
2535 5548 2851 5620 Augustini,
2882 5541 2914 5600 ἰ
2942 5546 3007 5600 de
3034 5544 3170 5601 Gen.
3219 5555 3407 5599 contra
3452 5541 3682 5595 Manicb.
3712 5580 3732 5607 ,

2155 5645 2205 5684 c.
2229 5625 2317 5678 25.
2351 5626 2540 5679 (imas.

2232 5696 2369 5750 Ibid.
2401 5698 2513 5757 Quo
2534 5692 2849 5764 signiﬁcatur
2878 5692 2977 5742 vita
3021 5688 3181 5743 beata.
3215 5682 3489 5755 Ejusdem,
3521 5682 3615 5740 lib.
3666 5697 3733 5750 ιι,

2162 5786 2209 5824 c.
2241 5772 2295 5824 9.
2317 5767 2513 5821 (Ξιιιλιη
2628 5772 2633 5776 ’
