4034 6148
910 382 1137 439 CAPUT
1177 384 1241 439 ll.

702 496 779 550 De
824 496 1060 563 aperibus
1101 510 1190 548 sea:
1227 494 1450 549 dierum.

359 616 407 670 l.
443 612 669 679 Expleta
701 609 962 665 hactenus
993 624 1089 664 sex
1134 606 1343 662 dierum
1399 617 1588 673 opera,
1637 602 1867 671 qualiter

287 709 333 761 in
403 705 648 762 Ecclesia
708 701 1061 772 spiritualiter
1120 698 1528 768 intelligantur,
1599 694 1863 762 explicata

285 807 431 862 sunt;
485 794 707 861 deinde,
758 794 883 864 quid
942 793 992 845 in
1036 791 1262 861 ligurem
1303 787 1488 843 szeculi
1543 786 1862 853 signiticent,

283 886 675 958 subjiciendum
726 895 829 939 est.
875 882 982 939 Sex
1033 880 1223 937 diebus
1279 874 1674 935 consummavit
1728 874 1868 929 Deus

283 981 461 1035 munia
487 994 655 1049 opera
686 992 805 1039 sua.
832 988 886 1031 et
935 975 1168 1044 septimo
1197 973 1486 1043 requievit.
1539 975 1645 1030 Sex
1697 974 1866 1030 uitati-

284 1072 377 1126 hus
421 1072 717 1125 humanum
760 1068 921 1138 266
954 1080 1124 1137 genus
1155 1065 1206 1119 itt
1231 1063 1336 1119 hoc
1381 1065 1579 1120 saeculo
1609 1081 1703 1134 per
1742 1080 1867 1119 suc-

283 1165 555 1220 cessiones
615 1173 918 1231 temporum
950 1160 1042 1213 Dei
1082 1172 1245 1227 opera
1289 1156 1601 1227 insigniunt.
1632 1158 1865 1224 Quarum

283 1261 452 1328 prima
481 1268 565 1313 est
608 1255 678 1310 ab
712 1254 881 1309 Adam
923 1267 1092 1320 usque
1130 1251 1196 1304 ad
1248 1250 1390 1315 Noe;
1442 1250 1675 1305 secunda
1700 1266 1728 1303 a
1757 1249 1868 1305 Noe

284 1367 450 1422 usque
471 1351 538 1406 ad
568 1349 872 1409 Abraham;
906 1345 1061 1399 tertia
1083 1343 1152 1398 ab
1184 1342 1450 1397 Abraham
1481 1358 1648 1409 usque
1677 1342 1742 1395 ad
1769 1342 1869 1394 Da-

283 1446 402 1511 vid;
436 1454 632 1513 quarta
656 1458 682 1496 a
718 1441 882 1496 David
921 1451 1090 1507 usque
1133 1436 1201 1491 ad
1234 1436 1758 1505 transmigrationem
1814 1434 1865 1488 in

286 1538 670 1609 Babyloniam;
710 1536 892 1603 quinta
925 1530 1121 1586 deinde
1152 1544 1320 1598 usque
1365 1530 1429 1582 ad
1476 1529 1726 1582 humilem
1769 1527 1865 1579 ad-

282 1638 501 1686 ventum
563 1624 773 1680 Domini
821 1623 989 1679 nostri
1035 1620 1163 1676 Jesu
1211 1618 1449 1684 Christi;
1505 1630 1693 1684 sexta,
1744 1633 1863 1686 quae

285 1733 422 1773 nunc
481 1717 703 1788 agitur,
763 1728 1042 1783 usquequo
1096 1711 1327 1765 mundus
1384 1708 1640 1775 finiatur,
1696 1709 1866 1762 donec

286 1810 550 1865 Excelsus
582 1806 759 1861 veniat
783 1806 848 1859 ad
873 1805 1158 1875 judicium.

348 1924 403 1976 2.
442 1924 686 1991 Septima
730 1935 862 1974 vero
893 1918 1207 1986 intelligitur
1233 1916 1285 1970 in
1327 1915 1509 1984 requie
1540 1924 1870 1977 sanetorum,

280 2028 397 2083 qua
426 1998 649 2069 scilicet
677 2028 783 2066 non
821 2010 981 2065 habet
1008 2023 1313 2078 veSperam,
1334 2007 1454 2076 quia
1478 2022 1592 2061 eam
1614 2006 1723 2075 jam
1755 2007 1873 2058 nul-

287 2111 365 2161 las
388 2106 661 2162 terminus
693 2104 931 2158 claudet.
988 2102 1283 2171 Pergamus
1312 2116 1442 2171 ergo
1496 2100 1729 2153 breviter
1781 2112 1873 2165 per

277 2214 371 2253 eas
414 2212 615 2253 omnes
641 2197 827 2251 mundi
858 2204 1064 2261 aetates,
1100 2195 1420 2262 replicantes
1462 2191 1703 2246 ordinem
1736 2200 1872 2245 tern-

280 2306 473 2360 porum
501 2304 719 2353 eorum,
753 2300 806 2344 et
834 2288 1059 2359 mystice
1102 2286 1433 2341 differentias
1462 2284 1872 2353 distinguamus.

342 2403 397 2455 3.
430 2399 621 2454 Primo
661 2400 805 2453 cnim
852 2398 1052 2455 sarculo
1109 2399 1278 2453 factus
1307 2406 1419 2460 est,
1469 2404 1719 2464 tanquam
1763 2396 1869 2458 lux,

281 2495 449 2547 homo
480 2494 532 2547 in
578 2493 848 2561 paradiso.
903 2491 959 2544 ln
993 2506 1095 2559 qua
1144 2500 1302 2544 atate
1335 2488 1471 2542 illius
1525 2488 1613 2542 Dei
1657 2488 1707 2541 in
1742 2488 1876 2542 lucis

281 2586 507 2640 nomine
537 2584 721 2640 divisit
774 2582 974 2638 Densa
1005 2583 1129 2636 filiis
1177 2582 1476 2645 hominutu,
1531 2581 1681 2649 quasi
1721 2594 1748 2633 a
1797 2589 1876 2635 te-

279 2678 497 2743 nebris;
534 2678 702 2745 fitque
746 2675 903 2743 hujus
930 2674 1034 2729 diei
1064 2688 1284 2741 vestiera
1326 2672 1604 2726 diluvium.

346 2771 398 2827 4.
439 2770 750 2825 Secundum
801 2768 1058 2823 smculum
1092 2769 1286 2820 factum
1339 2774 1454 2825 est.
1482 2766 1632 2835 quasi
1692 2766 1874 2821 firma-

280 2876 526 2919 mentum
574 2863 715 2917 inter
760 2876 953 2930 aquam
1005 2869 1060 2913 et
1105 2874 1332 2927 aquam;
1387 2873 1509 2913 arca
1559 2858 1741 2929 utique
1788 2859 1874 2915 illa

282 2973 404 3023 qua:
457 2957 671 3011 natavit
712 2955 851 3008 inter
881 2952 1109 3022 pluviam
1134 2962 1188 3008 et
1226 2950 1421 3018 maria;
1466 2951 1622 3021 hujus
1652 2966 1875 3022 vespera

280 3049 377 3104 iuit
401 3047 659 3103 confusio
684 3044 1005 3114 linguarum.

1087 266 1549 335 QUIESTIONES
1589 264 1650 320 lN
1697 263 1852 318 VET.
1896 262 2191 319 TESTAM.
2219 295 2285 305 —
2317 262 2382 318 IN
2424 260 2739 320 GENESIN.

3442 259 3550 315 ‘2”

1896 383 1947 443 Α
1979 391 2205 445 vespera
2234 379 2286 431 in
2316 376 2549 447 peccatis
2584 390 2803 445 regum,
2836 373 3029 443 quibus
3069 389 3201 445 gens
3246 374 3335 429 illa
3362 377 3553 431 meruit

1970 470 2249 538 Captivari.

2041 562 2095 618 7.
2132 561 2298 616 Porro
2328 560 2512 630 quinto
2539 560 2759 626 smculo,
2788 559 2839 613 id
2862 567 2964 622 est,
3002 559 3052 612 in
3086 559 3555 629 transmigratioue

1973 653 2302 724 Babyloniae,
2332 655 2464 707 facta
2491 662 2615 707 sunt
2645 652 2796 721 quasi
2826 652 3077 706 animalia
3103 652 3154 706 in
3184 652 3356 723 aquis,
3378 665 3430 707 et
3459 668 3549 706 vu-

1972 742 2137 797 latilia
2162 744 2306 813 cmli,
2332 744 2450 814 quia
2489 752 2620 797 tunc
2664 742 2832 797 Judaei
2882 743 3021 796 inter
3050 752 3262 811 gentes,
3299 754 3553 813 tanquam

1972 832 2023 887 in
2072 834 2226 899 mari,
2277 835 2456 889 vivere
2493 842 2795 901 coeperunt,
2833 847 2931 886 nec
2979 833 3249 887 habebant
3307 834 3555 889 stabilem

1973 923 2170 986 locum,
2229 934 2479 991 tanquam
2530 923 2773 978 volantes
2824 938 2973 977 aves.
3029 923 3193 995 Ilujtts
3246 924 3351 978 diei
3403 926 3555 993 quasi

1972 1032 2191 1087 vespera
2236 1026 2320 1072 est
2365 1017 2737 1087 multiplicatio
2769 1028 3107 1085 peceatorutn
3142 1019 3192 1070 in
3235 1019 3433 1088 populo
3459 1018 3555 1073 Ju-

1971 1108 2237 1175 daeorum,
2262 1109 2479 1179 quando
2520 1110 2599 1162 sic
2630 1108 2885 1162 excaecati
2907 1116 3055 1175 sunt,
3087 1118 3139 1163 ut
3171 1108 3333 1164 etiam
3383 1108 3556 1164 Domi-

1973 1217 2098 1255 num
2120 1202 2299 1256 lesum
2336 1216 2440 1255 non
2474 1201 2679 1270 possint
2718 1214 3029 1270 agnoscere.

2041 1295 2199 1366 267
2233 1294 2286 1347 8.
2320 1292 2434 1347 Jam
2466 1304 2674 1346 sextum
2716 1292 2969 1345 saeculum
3002 1292 3136 1345 litin
3186 1293 3415 1347 adventu
3448 1292 3554 1347 Do-

1973 1386 2100 1441 mini
2132 1386 2295 1439 nostri
2326 1385 2454 1439 Jesu
2483 1383 2703 1438 Cltristi.
2733 1383 2862 1437 Nam
2893 1385 3032 1437 sicut
3064 1384 3116 1437 itt
3165 1384 3253 1438 illa
3292 1394 3440 1439 sexta
3466 1384 3558 1440 die

1974 1477 2176 1545 primus
2208 1475 2368 1529 homo
2409 1476 2578 1528 Adam
2608 1474 2676 1527 de
2707 1475 2832 1527 limo
2862 1482 3019 1527 terra:
3049 1473 3113 1526 ad
3144 1473 3427 1542 imaginem
3461 1473 3554 1528 Dei

1974 1570 2229 1625 formatus
2252 1579 2352 1636 est,
2391 1568 2541 1621 sicin
2570 1567 2668 1621 ista
2701 1576 2849 1621 sexta
2877 1574 3038 1619 aetate
3082 1566 3261 1620 smculi
3291 1567 3558 1621 secundus

1974 1657 2163 1728 Adam,
2185 1660 2235 1715 id
2255 1669 2358 1726 est,
2374 1660 2639 1721 Christus,
2658 1659 2707 1711 in
2726 1673 2887 1712 carne
2914 1660 2978 1713 de
2996 1658 3156 1711 Maria
3172 1658 3375 1726 virgine
3404 1669 3560 1713 natus

1900 1758 1945 1816 Β
1972 1761 2082 1807 est:
2103 1753 2191 1805 ille
2214 1751 2264 1803 itt
2291 1752 2520 1803 animam
2540 1749 2827 1813 viventem,
2855 1749 2937 1803 hic
2959 1750 3011 1803 in
3030 1751 3270 1819 spiritum
3289 1748 3561 1803 vivifican-

1978 1854 2107 1898 tem.
2140 1845 2209 1898 Et
2237 1844 2374 1898 sicut
2404 1843 2457 1896 in
2490 1843 2574 1895 illa
2605 1843 2691 1896 die
2737 1842 2795 1896 fit
2842 1844 3020 1897 anima
3073 1845 3213 1910 viva,
3248 1844 3326 1900 sic
3377 1844 3427 1897 in
3460 1845 3561 1899 isto

1975 1937 2170 1991 su‘culo
2202 1937 2362 1988 vitam
2395 1934 2766 1988 desiderantes
2796 1946 3074 1988 aeternam.

2048 2028 2102 2082 9.
2134 2028 2195 2082 Et
2217 2028 2358 2081 sicut
2382 2028 2433 2080 in
2466 2027 2551 2079 illa
2578 2036 2727 2079 sexta
2766 2026 2853 2080 die
2875 2025 3206 2095 serpentium
3249 2036 3301 2082 et
3328 2026 3554 2082 ferarum

1974 2133 2170 2189 genera
2204 2128 2343 2173 terra
2381 2117 2651 2183 produxit,
2676 2117 2744 2169 ita
2776 2127 2829 2172 ct
2858 2116 2913 2170 in
2954 2117 3052 2171 hac
3078 2126 3225 2170 sexta
3256 2126 3415 2173 actate
3454 2132 3556 2172 sae-

1976 2211 2081 2264 cttli
2103 2221 2291 2279 gentes
2317 2209 2481 2263 vitam
2510 2217 2824 2279 appetentes
2854 2216 3107 2263 aeternam
3141 2208 3377 2264 Ecclesia
3400 2226 3559 2279 gene-

1977 2305 2137 2357 ravit.
2170 2304 2337 2368 Quem
2368 2305 2525 2356 etiam
2568 2316 2782 2356 sensum
2815 2318 2905 2354 vas
2940 2304 3095 2355 Petro
3135 2312 3409 2356 ostensum
3439 2319 3553 2357 ma-

1978 2394 2249 2449 ni'estavit
2279 2394 2414 2465 (Act.
2442 2392 2519 2462 κ).
2546 2392 2611 2446 Et
2635 2393 3083 2463 quemadmodum
3114 2394 3201 2447 die
3229 2404 3383 2448 sexta
3406 2409 3558 2451 crea-

1979 2499 2064 2543 tur
2094 2491 2364 2543 masculus
2394 2497 2447 2542 et
2472 2487 2688 2551 femina,
2725 2487 2802 2540 sic
2830 2488 2882 2540 in
2923 2491 3022 2540 ista
3048 2488 3229 2542 steculi
3262 2498 3416 2542 rotate
3446 2506 3558 2543 nta-

1978 2583 2261 2637 nift-statur
2279 2581 2526 2636 Christus
2549 2590 2600 2635 et
2635 2580 2893 2635 Ecclesia.

2051 2675 2138 2730 -l0.
2173 2675 2237 2729 Et
2262 2674 2402 2730 sicut
2423 2675 2754 2744 praeponitur
2782 2675 2940 2729 horno
2960 2676 3011 2728 in
3035 2675 3121 2730 die
3140 2675 3226 2730 illa
3252 2679 3556 2747 pecoribus,

1976 2770 2316 2839 serpentibus
2336 2778 2389 2825 et
2418 2769 2540 2825 caeli
2566 2770 2894 2834 volatilibus,
2920 2773 2990 2825 ita
3022 2781 3078 2826 et
3104 2772 3349 2828 Christus
3376 2775 3425 2829 in
3458 2776 3558 2831 hac

1978 2874 2133 2918 relate
2157 2863 2339 2919 saeculi
2360 2865 2629 2934 gentibus,
2656 2865 2862 2934 populis
2890 2875 2941 2919 et
2970 2865 3292 2934 nationibus,
3322 2876 3379 2922 ut
3401 2869 3470 2923 ab
3489 2882 3557 2923 eo

1978 2968 2251 3029 regantur,
2282 2959 2363 3011 vel
2413 2958 2615 3011 carnali
2665 2957 3111 3024 concupiscentiae
3140 2957 3343 3023 dediti,
3401 2959 3555 3013 sicuti

1983 3063 2197 3117 pecora,
2229 3048 2312 3102 vel
2340 3055 2548 3101 terrena
2573 3045 2885 3101 curiositate
2925 3047 3218 3113 obscurati,
3242 3048 3393 3118 quasi
3437 3064 3552 3102 ser-

349 3141 403 3195 5.
435 3138 689 3193 Tertium
735 3135 991 3189 sreculutn
1027 3134 1220 3187 factum
1252 3141 1335 3187 est
1364 3133 1576 3201 quando
1605 3136 1874 3201 separavit
1900 3125 1943 3188 C
1982 3151 2190 3209 pentes,
2223 3137 2306 3193 vel
2332 3137 2458 3192 elati
2488 3136 2756 3205 superbia,
2786 3139 2931 3205 quasi
2954 3152 3104 3194 aves.

278 3230 421 3284 Deus
447 3228 716 3299 populum
742 3242 895 3280 suum
922 3238 951 3276 a
974 3224 1221 3293 gentibus
1249 3238 1344 3293 per
1367 3223 1654 3289 Abraham,
1671 3224 1873 3279 discer-

280 3338 410 3376 nens
452 3336 613 3386 ettm,
661 3319 813 3388 quasi
844 3318 1045 3371 aridam
1071 3317 1133 3369 ab
1157 3317 1329 3386 aquis,
1357 3328 1413 3371 ut
1451 3316 1712 3387 proferret
1756 3333 1874 3388 ger-

281 3435 399 3472 men
431 3418 731 3471 herbarum
770 3424 929 3483 atque
970 3414 1257 3482 lignormn,
1292 3415 1342 3467 id
1368 3426 1468 3478 est,
1506 3414 1707 3469 fructus
1752 3431 1874 3468 san-

283 3523 491 3565 ctarum
522 3510 945 3579 Scripturarum.
983 3508 1151 3577 llujus
1194 3524 1413 3577 veSpera
1448 3510 1546 3563 fuit
1576 3518 1872 3578 peccatum,

281 3614 333 3658 et
357 3604 570 3658 malitia
596 3602 816 3672 pessimi
844 3599 987 3669 regis
1027 3599 1173 3657 Saul.

350 3691 407 3746 6.
440 3691 579 3747 inde
605 3700 852 3759 quartum
889 3687 1149 3741 saeculum
1181 3688 1345 3757 erepit
1371 3704 1397 3741 a
1435 3688 1619 3753 David,
1663 3690 1877 3757 quando

283 3785 572 3838 constituit
603 3783 745 3838 Deus
768 3783 1050 3836 luminaria
1084 3782 1138 3836 in
1164 3780 1497 3836 firmamento
1526 3783 1669 3848 cmli,
1699 3783 1874 3849 idest,

284 3878 637 3942 splendorem
667 3873 841 3943 regni,
876 3883 1127 3942 tanquam
1156 3874 1287 3927 solis
1316 3874 1718 3937 excellentiam,
1749 3883 1801 3928 et
1824 3875 1883 3929 in

288 3967 429 4021 luna:
460 3967 645 4036 specie
674 3966 1132 4034 obtemperantem
1158 3976 1406 4037 tanquam
1439 3965 1618 4019 lunam
1642 3966 1880 4036 Synagn-

286 4076 454 4129 gam,
508 4070 566 4115 et
620 4060 808 4115 stellas
853 4059 1131 4129 principes
1185 4059 1325 4128 ejus.
1375 4057 1539 4129 Cujus
1589 4057 1763 4113 artatis
1820 4060 1878 4113 fit

358 4190 509 4247 Ibid.
554 4191 833 4245 Divlsusin
875 4200 1097 4261 quatuor
1137 4198 1310 4259 partes
1349 4190 1467 4245 virt.
1496 4187 1780 4260 Ejusdem,
1823 4202 1877 4244 c.

289 4263 376 4317 10.
409 4264 610 4316 GBIAL.

364 4331 512 4388 Ibid.
571 4332 813 4386 Breulius
858 4340 976 4397 post
1015 4339 1230 4397 quatuor
1270 4330 1476 4382 virtutes
1532 4329 1647 4384 lure
1685 4329 1874 4383 addit:

295 4404 480 4457 Virtus
509 4412 582 4456 est
630 4405 791 4455 animi
834 4403 1055 4463 habitus,
1102 4411 1299 4453 natura:
1327 4402 1509 4460 decus,
1557 4401 1675 4453 vita:
1720 4400 1873 4463 ratio,

288 4491 495 4528 morum
517 4476 701 4542 pietas,
727 4475 894 4526 cultus
932 4471 1243 4542 Divinitatis,
1268 4470 1431 4542 honor
1458 4470 1697 4533 hominis,
1726 4481 1871 4524 teter-

288 4562 369 4598 ua:
416 4540 751 4598 beatitudinis
803 4544 1057 4595 meritam.
1104 4541 1263 4609 Cujus
1304 4540 1493 4593 scilicet
1547 4551 1720 4610 partes
1754 4558 1872 4611 qua-

289 4625 409 4675 tuor
439 4614 777 4683 principales,
809 4629 923 4679 quia
950 4614 1282 4683 designantur
1312 4626 1421 4683 per,
1448 4622 1666 4681 quatuor
1722 4628 1873 4678 para-

289 4688 390 4739 disi
439 4682 688 4752 flumina,
740 4685 1033 4752 prudentia,
1066 4682 1349 4752 fortitudo,
1391 4682 1634 4753 justitia,
1688 4693 1876 4749 tempe-

286 4757 483 4809 rentia.
504 4754 792 4807 Prudentia
821 4765 891 4806 est
912 4770 1087 4807 rerum
1108 4754 1394 4805 divinarum
1417 4758 1873 4816 humanarumque,

289 4837 449 4894 prout
476 4826 675 4877 honuni
704 4827 880 4877 datum
901 4835 994 4887 est,
1018 4826 1261 4877 scientia:
1286 4840 1375 4890 per
1390 4840 1553 4894 quam
1575 4824 1877 4894 intelligitur

288 4892 417 4960 quid
443 4898 728 4949 cavendum
758 4898 819 4947 sit
844 4905 888 4946 et
914 4897 1033 4958 quid
1062 4895 1337 4964 agendam.
1380 4892 1444 4945 Et
1487 4894 1582 4945 Iroc
1619 4903 1712 4952 est.
1744 4892 1880 4957 quod

288 4968 342 5017 in
372 4968 581 5032 psalmo
605 4966 812 5034 (cxvttt)
840 4967 1023 5034 legitur
1053 4982 1071 5019 :
1096 4966 1378 5031 Mutamus
1401 4978 1721 5017 resrtuoau
1750 4979 1876 5017 'rtra.

291 5036 581 5090 Fortitudo
611 5046 683 5089 est
712 5038 874 5088 animi
908 5037 1171 5102 patientia,
1202 5045 1247 5089 et
1280 5036 1662 5102 langanimitas,
1698 5044 1743 5086 et
1765 5050 1882 5103 per-

289 5108 583 5159 m'erantia
633 5107 685 5159 in
733 5109 877 5160 bonis
914 5107 1181 5173 aperibus,
1234 5115 1283 5157 et
1337 5108 1545 5159 victoria
1578 5115 1756 5158 contra
1809 5104 1881 5157 vi.

290 5188 488 5229 narunt
538 5192 748 5247 genera.
794 5176 1008 5247 Justitia
1051 5186 1121 5230 est
1164 5176 1325 5228 animi
1374 5178 1651 5247 nobilitas,
1677 5176 1880 5247 unicui-

289 5262 398 5313 que
452 5244 847 5317 rei'propriam
902 5245 1126 5299 tribuens
1174 5247 1489 5313 dignitatem.
1538 5244 1605 5300 In
1633 5246 1739 5317 hac,
1788 5245 1880 5299 Ili-

287 5316 526 5369 vinitatis
579 5316 767 5381 cultus,
826 5326 873 5371 et
946 5317 1276 5369 Itanmnitatis
1303 5318 1452 5386 jura_.
1486 5331 1601 5367 vero
1642 5316 1877 5384 judicia,

289 5397 339 5439 et
390 5390 614 5455 aquilas
656 5392 812 5443 totius
861 5389 977 5440 ritw
1019 5383 1363 5440 conservatur.
1407 5383 1765 5452 Temperantia
1805 5397 1879 5440 est

291 5458 416 5528 rita:
470 5462 672 5523 modus,
707 5477 769 5514 ne
805 5460 927 5528 quid
957 5458 1105 5510 nimis
1156 5459 1306 5510 homo
1335 5454 1412 5509 vel
1448 5465 1607 5515 amet.
1642 5456 1733 5528 vel
1762 5457 1877 5511 odio

290 5526 517 5589 habeat;
548 5534 637 5583 sed
665 5526 834 5582 omnes
878 5531 1033 5596 Itltj-rs
1086 5529 1198 5579 rita:
1248 5530 1513 5580 varietates
1559 5527 1877 5596 considerata

291 5609 547 5661 temper-tt
576 5601 861 5669 diligemia.
891 5595 1013 5651 flicc
1050 5608 1167 5650 sunt
1196 5610 1413 5664 quatuor
1440 5598 1685 5666 ﬂumina.
1714 5595 1878 5669 Ligna

294 5668 915 5733 namesutilesvirtutes,
948 5679 1049 5721 t'lC.
1102 5670 1222 5721 lianc
1272 5670 1321 5721 in
1375 5669 1693 5737 quibusdam
1747 5668 1871 5721 M38.

297 5753 413 5793 non
440 5750 647 5796 exstare
667 5741 1039 5797 animadvertit
1065 5739 1325 5795 Breulius.
1345 5738 1398 5795 in
1430 5739 1605 5795 verbis
1634 5739 1873 5796 Salomo~

1901 4515 1953 4575 Ι)

2050 3232 2138 3286 ll.
2170 3234 2234 3285 Et
2255 3232 2394 3285 sicut
2416 3232 2469 3285 in
2502 3230 2586 3285 illa
2628 3230 2715 3285 die
2744 3233 2977 3299 pascitur
3006 3230 3188 3299 homo,
3223 3240 3277 3285 et
3303 3231 3550 3286 animalia

1976 3339 2096 3393 qum
2140 3338 2258 3376 cum
2307 3323 2396 3377 illo
2437 3332 2585 3387 sunt,
2639 3322 2821 3377 herbis
2864 3323 3253 3390 seminalibus,
3304 3334 3357 3378 et
3396 3324 3554 3391 lignis

1978 3413 2280 3479 lructileris,
2330 3424 2384 3468 et
2440 3412 2616 3467 herbis
2648 3413 2925 3480 viridibus,
2986 3415 3063 3469 sic
3118 3424 3172 3470 et
3226 3417 3323 3470 ista
3372 3420 3553 3473 saacuii

1978 3520 2132 3561 aetate
2157 3506 2449 3575 spiritualis
2480 3506 2660 3570 homo,
2692 3506 2781 3575 qui
2831 3507 3003 3562 bonus
3035 3509 3279 3565 minister
3305 3519 3386 3567 est
3424 3511 3552 3568 Jestt

1977 3600 2198 3666 Christi,
2230 3615 2350 3654 cum
2382 3600 2497 3668 ipso
2539 3599 2734 3670 populo
2762 3600 3105 3669 spiritualiter
3160 3603 3392 3670 pascitur
3437 3620 3558 3661 san-

1977 3703 2180 3746 ctarum
2213 3692 2607 3761 Scripturarum
2659 3692 2962 3757 alimentis,
3020 3703 3074 3748 et
3127 3694 3243 3763 lege
3285 3695 3465 3750 divina
3492 3699 3557 3750 ad

1977 3784 2385 3850 Concipiendam
2432 3782 2815 3839 fecunditatem
2877 3786 3180 3849 rationum,
3225 3797 3385 3856 atque
3444 3804 3558 3844 ser-

1980 3889 2220 3939 monum,
2251 3884 2500 3942 tanquam
2530 3873 2711 3927 herbis
2735 3874 3105 3941 seminalibus,
3147 3878 3338 3945 partim
3367 3878 3431 3933 ad
3459 3882 3559 3933 nti-

1981 3963 2180 4018 litatem
2246 3978 2452 4017 morum
2508 3964 2934 4019 conversationis
2988 3966 3261 4031 humanm,
3312 3978 3556 4037 tanquam

1980 4054 2137 4125 lignis
2178 4054 2497 4120 fructiferis,
2530 4055 2723 4124 partim
2764 4055 2831 4109 ad
2886 4056 3119 4125 vigorem
3164 4059 3317 4125 lidei,
3348 4061 3459 4130 spei
3504 4072 3563 4119 ct

1979 4188 2061 4242 nis
2090 4186 2310 4257 Vulgata
2342 4186 2574 4258 exhibet
2611 4189 2699 4257 qui
2744 4189 3169 4258 apprehenderint
3206 4207 3337 4244 eam.
3384 4193 3552 4248 Anvv.

2050 4261 2179 4312 (ἶΑι).
2223 4273 2282 4311 tt.
2311 4257 2376 4315 N.
2414 4258 2467 4313 1.
2498 4258 2692 4312 Deinde
2725 4262 2847 4325 quid
2886 4260 2939 4312 in
2984 4260 3203 4329 ﬁguram
3227 4262 3425 4327 sreculi,
3449 4274 3555 4318 etc.

1978 4329 2201 4397 Reliqua
2225 4329 2579 4400 hujuscapitis
2608 4341 2854 4383 contexta
2886 4343 3009 4383 sunt
3052 4347 3113 4385 ex
3147 4333 3388 4400 ejusdem
3435 4351 3554 4388 ver—

1980 4402 2058 4454 bis
2082 4400 2175 4453 lih.
2208 4415 2223 4452 t
2270 4402 2336 4452 de
2366 4398 2787 4469 Genestcontra
2827 4401 3055 4455 Manich.
3081 4445 3094 4469 ,
3148 4398 3197 4456 (ί.
3247 4402 3340 4468 25,
3369 4406 3555 4459 ordine

1980 4481 2182 4525 tantum
2212 4472 2509 4523 immutate.
2550 4466 2740 4524 GRIAL.

2047 4540 2187 4597 Ibid.
2220 4541 2327 4594 Sex
2378 4540 2556 4593 diebus
2582 4581 2595 4601 ,
2661 4556 2827 4608 usque
2856 4542 2921 4593 ad
2955 4557 3058 4594 non
3087 4540 3237 4594 habet
3272 4559 3552 4608 vespvram,

1978 4614 2139 4681 verba
2170 4621 2293 4664 sunt
2320 4611 2621 4681 Augustini,
2655 4624 2728 4665 xu
2759 4624 2939 4665 contra
2976 4613 3182 4677 Faust.,
3208 4627 3259 4666 c.
3284 4612 3337 4665 8.
3364 4612 3554 4670 GRIAL.

2052 4680 2189 4753 Ibid.
2220 4681 2297 4734 De
2318 4680 2621 4753 seximnndi
2655 4684 2900 4735 attatibus
2932 4684 2981 4736 iu
3012 4684 3335 4753 Etymulog.,
3376 4685 3468 4740 lib.
3501 4703 3551 4751 ν,

1980 4767 2097 4818 cap.
2120 4750 2212 4815 58,
2241 4769 2293 4804 n.
2320 4752 2373 4805 5.
2404 4751 2573 4805 Λιιεν.

2052 4825 2105 4875 2.
2143 4821 2470 4885 Sanctorum,
2492 4838 2603 4889 qua:
2626 4822 2839 4877 scilicet.
2870 4823 3117 4877 Nonnulli
3142 4822 3344 4877 addunt
3374 4843 3387 4879 :
3422 4825 3559 4878 San-

1984 4902 2200 4951 ctorum,
2233 4910 2335 4947 nan
2368 4894 2421 4945 in
2448 4893 2541 4943 hac
2558 4896 2679 4957 vita,
2707 4896 2794 4945 sed
2816 4896 2866 4945 in
2893 4895 2997 4947 alia
3016 4935 3031 4957 ,
3060 4895 3146 4946 ubi
3177 4895 3302 4946 vidit
3332 4898 3555 4962 requiem

1986 4970 2279 5034 pra'sentem
2308 4963 2445 5016 dives
2492 4962 2600 5026 ille,
2626 4978 2739 5014 cum
2793 4962 2929 5031 apud
2971 4966 3164 5034 inferos
3210 4974 3553 5033 torqueretur,

1984 5049 2097 5103 (μίαν
2116 5034 2331 5086 scilicet.
2363 5037 2535 5086 Anev.

2056 5103 2111 5156 4.
2145 5104 2198 5156 ln
2230 5103 2477 5158 Editioue
2524 5102 2703 5157 Grialii
2731 5102 2984 5158 mendose
3012 5107 3140 5157 inter
3169 5104 3395 5172 pluviam
3446 5122 3558 5161 ma-

1985 5175 2083 5228 ria.
2111 5180 2279 5229 Ansv.

2061 5247 2144 5299 l0.
2186 5245 2406 5299 Terrena
2450 5244 2759 5298 curiositate.
2794 5243 3077 5298 Tenebrosa
3100 5244 3413 5313 curiositate,
3442 5246 3554 5304 Au-

1984 5317 2255 5385 gustinus.
2295 5314 2489 5371 GRIAL.

2062 5386 2144 5457 ll.
2176 5384 2594 5457 concipiendam,
2625 5400 2688 5438 ex
2724 5389 3036 5452 Augustino.
3064 5384 3551 5457 Concupiscendam,

1984 5456 2275 5512 Eucherius
2297 5468 2351 5509 et
2379 5456 2744 5521 Manuscripti,
2776 5460 3048 5510 mendose.
3078 5456 3268 5511 Genu.

2056 5527 2190 5579 Ibid.
2251 5526 2366 5579 Non
2421 5529 2876 5593 prmtertntttenda
2935 5530 3160 5581 varietas
3209 5529 3455 5582 lectionis
3500 5531 3549 5581 it:

1980 5597 2111 5650 Cod.
2148 5598 2472 5656 Alburnoz.,
2522 5597 2714 5662 homo,
2756 5599 2839 5649 cui
2902 5598 3130 5651 minister
3175 5614 3247 5652 est
3292 5598 3551 5657 Christus,

1978 5668 2130 5733 ρυυιι
2164 5668 2394 5734 pertinet
2415 5666 2478 5739 ad
2510 5666 2697 5724 Matth.
2730 5666 2900 5736 χι,ἓὸ
2928 5667 3078 5723 :Non
3109 5671 3219 5723 veni
3252 5669 3552 5739 ministrari,

1978 5741 2065 5793 scd
2096 5739 2400 5793 tttittistrare.
2425 5738 2593 5793 Altav.
