4064 6170
460 310 562 367 215

1445 306 1501 361 S.
1542 306 1791 363 lSlDOlll
1834 302 2280 361 lllSl‘ALENSlS
2327 303 2634 360 EPISCUPI

3628 302 3735 356 216

458 422 732 480 charitatis
765 424 816 476 in
849 424 1006 477 vitam
1057 430 1311 476 arternnm
1339 461 1352 484 ,
1390 435 1643 491 tanquam
1694 421 1872 475 herbis
1917 420 2045 474 viri-
2075 422 2123 477 Δ
2152 432 2536 488 assumpserat,
2570 436 2664 490 per
2694 435 2851 490 quam
2874 418 3102 475 imbrem
3127 419 3296 475 sancti
3330 416 3603 485 Evangelii
3630 418 3739 473 lar-

458 517 636 581 dibus,
667 530 785 585 qua:
818 517 964 569 nullo
989 522 1121 567 testu
1155 512 1557 566 tribulationum
1588 523 1859 567 arescunt.

533 609 622 665 1&2.
656 609 759 661 Sed
790 605 1087 676 spiritualis
1114 608 1193 657 sic
1238 604 1355 659 iStis
1383 604 1750 673 Spiritualibus
1781 606 1911 659 cibis
1948 605 2046 658 ali-

460 700 765 767 mentisque
824 696 1078 765 pascitur,
1135 704 1195 748 ιιι
1250 695 1418 749 multa
1470 694 1750 763 intelligat.
1806 694 2045 750 Carnalis

460 805 663 859 autem,
693 791 743 846 id
789 800 895 856 est,
926 790 1177 856 parvulus
1221 790 1272 842 in
1321 789 1555 853 Christo,
1587 799 1836 858 tanquam
1886 803 2048 855 pecus

461 886 577 951 Dei,
605 894 661 937 ut
688 882 855 937 multa
877 884 1082 947 credat,
1114 898 1233 952 qua:
1282 882 1509 936 necdum
1556 880 1852 949 intelligere
1885 880 2048 949 268

463 984 661 1045 potest,
717 980 895 1028 tamen
938 973 1157 1028 eosdem
1208 972 1359 1029 cibos
1388 988 1574 1027 omnes
1625 973 1844 1026 habent.
1882 972 2049 1041 llujus

461 1076 639 1122 autem
670 1066 843 1121 aetatis
865 1066 1018 1136 quasi
1048 1080 1269 1135 vespera
1294 1064 1496 1118 utinam
1521 1079 1615 1120 nos
1642 1080 1747 1118 non
1780 1064 2045 1119 inveniat!

462 1161 557 1216 llla
608 1169 691 1215 est
737 1159 880 1215 enim
914 1159 981 1213 de
1029 1173 1133 1228 qua
1183 1158 1439 1212 Dominus
1482 1156 1655 1211 dicit:
1694 1156 1920 1210 Putasne
1966 1172 2047 1209 ne-

460 1256 604 1307 niens
659 1249 829 1305 Filius
897 1250 1119 1305 hominis
1174 1249 1388 1303 inveniet
1454 1250 1605 1317 ﬁdem
1654 1263 1807 1320 super
1860 1259 2051 1301 terram

460 1345 614 1415 (Luc.
656 1358 804 1409 xvztt,
836 1339 933 1411 8)?

534 1459 621 1511 15.
664 1456 790 1509 l‘ost
838 1454 981 1507 illam
1014 1466 1292 1519 vesperam
1324 1450 1417 1504 liet
1464 1465 1642 1514 mane,
1687 1448 1899 1518 quando
1939 1446 2053 1516 ipse

471 1547 727 1601 Dominus
756 1544 808 1599 in
834 1545 1076 1597 claritate
1102 1552 1354 1598 venturus
1383 1550 1485 1595 est.
1528 1540 1678 1594 Tunc
1716 1542 2054 1607 requie-cent

465 1654 587 1691 eum
635 1636 852 1691 Christo
906 1634 975 1688 ab
1013 1636 1262 1687 omnibus
1314 1633 1568 1702 operibus
1620 1632 1735 1686 suis
1784 1631 1818 1685 ii
1860 1630 2055 1701 quibus

462 1731 662 1784 dictum
694 1737 811 1783 est:
844 1724 1021 1781 Estotc
1050 1726 1282 1797 perfecti,
1312 1726 1442 1778 sicut
1472 1724 1629 1778 Pater
1673 1732 1833 1778 vester
1862 1725 1951 1794 qui
1999 1724 2051 1776 in

463 1821 601 1875 neiis
632 1830 703 1873 est
734 1817 949 1889 (Mati-Ii.
979 1834 1035 1883 v,
1084 1815 1203 1886 48).
1234 1817 1391 1871 Tales
1441 1817 1584 1871 enim
1640 1817 1839 1871 iaciunt
1890 1831 2049 1885 Opera
2088 1801 2130 1861 Β

466 1912 604 1965 bona
634 1910 808 1965 valde.
845 1907 975 1963 Post
1006 1909 1129 1963 talia
1162 1908 1306 1963 enim
1337 1923 1498 1976 Opera
1547 1907 1809 1975 speranda
1840 1918 1920 1962 est
1967 1922 2053 1962 re-

465 2004 617 2074 quies
648 2006 699 2059 in
727 2004 815 2059 die
844 2002 1097 2073 septimo,
1132 2006 1219 2072 qui
1254 2017 1531 2070 vesperam
1574 2017 1677 2054 non
1710 2001 1890 2057 habet.

534 2117 621 2172 14.
668 2117 956 2185 Sequitur:
1017 2115 1142 2171 Istat
1196 2116 1547 2184 generationes
1594 2115 1708 2167 cwli
1763 2121 1811 2168 et
1862 2122 2052 2175 teme,

460 2210 668 2279 quando
714 2218 897 2263 creata
926 2218 1064 2270 sunt,
1097 2209 1151 2260 in
1201 2206 1286 2258 die
1314 2223 1416 2271 qua
1446 2205 1563 2273 fecit
1598 2205 1737 2258 Deus
1780 2202 1964 2257 caelum
2006 2212 2056 2257 et

464 2314 674 2364 terram,
722 2311 768 2354 et
825 2316 973 2354 omne
1010 2297 1293 2368 virgultum
1320 2300 1453 2366 agri,
1501 2312 1797 2365 omnemque
1845 2295 2055 2349 herbam

462 2395 728 2462 regionis,
779 2402 1054 2458 antequam
1125 2398 1250 2443 esset
1301 2404 1451 2458 super
1531 2398 1742 2442 terram.
1804 2386 2058 2455 Superius

465 2495 674 2556 septem
708 2484 825 2539 dies
856 2482 1120 2537 numerati
1151 2492 1307 2545 sunt;
1343 2496 1486 2536 nunc
1529 2496 1664 2536 unus
1693 2481 1810 2535 dies
1838 2481 2052 2542 dicitur,

467 2595 573 2645 quo
604 2578 726 2630 fecit
762 2575 901 2629 Deus
930 2576 1125 2627 cwlutu
1153 2583 1205 2627 et
1234 2582 1455 2633 terram,
1482 2588 1539 2627 et
1583 2587 1743 2626 omne
1765 2571 2056 2642 virgultum

471 2673 607 2741 agri,
639 2682 692 2725 et
715 2685 928 2723 onmem
963 2671 1179 2723 herbam
1210 2670 1466 2737 regionis.

563 2784 653 2841 15.
714 2785 878 2852 lluth
930 2784 1035 2839 diei
1090 2786 1307 2840 nomine
1358 2784 1650 2838 secundum
1724 2784 2059 2853 prophetiam

472 2892 633 2930 omne
684 2890 892 2943 tempus
934 2877 1094 2948 hujus
1144 2880 1267 2931 vita:
1316 2880 1666 2949 signiﬁcatur,
1712 2880 1901 2947 inquo
1949 2893 2061 2933 rte—

476 2970 585 3022 lutn
615 2980 665 3022 et
695 2979 833 3023 terra
868 2971 1085 3035 factum,
1118 2970 1167 3022 id
1201 2980 1304 3031 est,
1337 2972 1385 3022 in
1412 2985 1517 3036 quo
1536 2978 1796 3023 creatura:
1825 2970 2061 3025 visibiles

474 3061 853 3130 disponuntur.
890 3064 995 3119 Sed
1039 3062 1165 3131 quid
1209 3063 1309 3116 sibi
1344 3064 1472 3124 vult,
1504 3064 1642 3132 quod
1696 3078 1853 3129 nunc,
1886 3064 2058 3117 nomi-

2146 515 2424 585 gissimum
2456 515 2672 569 infudit.

2220 606 2305 661 18.
2347 607 2497 675 Quod
2531 621 2657 661 vero
2687 606 2995 675 subjunxit:
3033 604 3097 658 Et
3127 607 3277 657 homo
3309 618 3413 657 non
3455 612 3597 668 erat,
3637 604 3738 672 qui

2148 710 2446 768 operaretur
2486 710 2705 765 terram,
2734 699 2853 767 quia
2886 698 3059 753 nullus
3086 695 3251 752 homo
3282 705 3532 765 operatus
3569 706 3653 752 est
3682 698 3735 751 in

2148 791 2438 860 virginem,
2486 790 2627 844 uncle
2673 798 2827 843 natus
2875 798 2953 842 est
2993 788 3260 843 Christus.
3309 788 3424 857 Ipse
3465 797 3549 842 est
3590 788 3735 843 enim

2150 884 2283 952 lapis
2314 882 2381 936 de
2410 891 2595 936 monte
2625 880 2898 934 abscissus
2927 879 3047 934 sine
3075 880 3320 934 manibus
3352 878 3515 947 (Dan.
3551 884 3653 946 tt),
3687 878 3739 933 id

2150 984 2262 1039 est,
2318 976 2519 1044 absque
2574 974 2720 1028 coitu
2762 980 2818 1027 et
2858 972 3093 1025 humano
3131 971 3337 1025 semine
3381 971 3448 1025 de
3491 971 3738 1040 virginali

2152 1080 2336 1128 utero,
2367 1067 2515 1136 quasi
2547 1066 2612 1118 de
2646 1073 2828 1118 monte
2859 1065 3105 1117 humana:
3137 1073 3373 1127 naturas,
3404 1071 3459 1116 et
3485 1060 3741 1115 substan-

2153 1168 2240 1212 ιω
2270 1158 2450 1213 carnis
2479 1157 2773 1213 abscissus.
2810 1155 2915 1212 Sed
2957 1156 3074 1224 fons
3111 1154 3415 1208 ascendebat
3459 1153 3522 1207 de
3566 1163 3741 1217 terra,

2152 1251 2373 1319 irrigans
2428 1252 2715 1304 universam
2765 1248 3087 1316 superﬁciem
3132 1255 3300 1301 terrae.
3358 1246 3525 1301 Terra
3574 1255 3745 1299 mater

2158 1345 2309 1411 virgo
2356 1342 2568 1397 Domini
2626 1341 2789 1396 Maria
2847 1339 3145 1393 rectissime
3194 1336 3472 1406 accipitur,
3521 1336 3591 1391 de
3637 1350 3744 1405 qua

2155 1438 2408 1503 scriptum
2453 1445 2535 1488 est
2575 1452 2590 1490 :
2634 1434 2901 1503 Aperiatur
2944 1443 3115 1497 terra,
3168 1439 3215 1485 et
3269 1432 3511 1499 germinet
3553 1429 3743 1484 Salva-

2157 1536 2319 1580 torem
2350 1524 2504 1594 (Isai.
2542 1541 2673 1594 xcv,
2706 1525 2784 1597 8).
2818 1527 2985 1592 Quam
3017 1532 3213 1576 terram
3248 1522 3487 1589 irrigavit
3512 1520 3746 1591 Spiritus

2156 1630 2409 1683 satietus,
2456 1620 2545 1688 qui
2594 1619 2754 1674 fontis
2800 1627 2854 1674 et
2899 1631 3051 1684 aqua:
3093 1613 3313 1669 nomine
3354 1613 3408 1668 in
3456 1612 3745 1684 Erangelio

2159 1712 2511 1780 s‘guillcatur.

2770 1800 2995 1858 CAPUT
3033 1799 3117 1856 111.

2400 1890 2474 1945 De
2510 1892 2731 1963 paridisi
2771 1892 3102 1953 conditione,
3146 1890 3222 1943 vel
3264 1888 3503 1942 hominis.

2231 1986 2279 2039 1.
2329 1982 2589 2037 Formavit
2622 1985 2776 2054 igitur
2806 1982 2945 2036 Deus
2969 1983 3227 2036 hominem
3256 1983 3319 2035 de
3341 1980 3463 2031 limo
3492 1990 3660 2042 tet-rte,
3693 1979 3749 2032 id

2157 2087 2276 2141 est,
2309 2074 2483 2129 factus
2509 2084 2590 2129 est
2626 2074 2904 2141 Christus,
2934 2074 3083 2143 juxta
3116 2072 3255 2142 quod
3299 2074 3374 2125 ait
3414 2072 3703 2142 Apostolus
3726 2112 3751 2138 γ

2160 2181 2225 2219 ex
2260 2164 2469 2218 semine
2502 2164 2665 2217 David
2698 2167 2992 2219 secundum
3025 2178 3242 2217 carnem
3275 2164 3292 2233 (
3322 2162 3470 2216 Boni.
3502 2164 3597 2230 I),
3632 2170 3749 2215 tau-

2159 2273 2318 2328 quam
2350 2258 2417 2310 de
2446 2258 2573 2310 limo
2604 2266 2780 2310 terrae.
2818 2256 2883 2309 Et
2910 2257 3179 2324 inspiravit
3206 2256 3260 2309 in
3291 2261 3474 2324 [aciem
3500 2260 3613 2326 ejus
3635 2253 3748 2321 spi-

2158 2351 2391 2404 raculum
2419 2350 2534 2402 vita:
2554 2390 2569 2410 ,
2603 2349 2784 2416 utique
2816 2348 3134 2402 inlusionem
3165 2349 3336 2403 sancti
3364 2347 3623 2417 Spiritus,
3658 2345 3749 2416 qui

2159 2450 2413 2509 operatus
2458 2449 2541 2494 est
2572 2440 2840 2494 hominem
2875 2441 3167 2494 Christum.
3202 2440 3267 2493 Et
3301 2440 3465 2507 [actus
3492 2450 3564 2492 est
3597 2439 3750 2493 homo

2160 2536 2215 2585 in
2245 2536 2472 2586 animant
2501 2534 2780 2599 viventem,
2816 2534 3061 2601 scilicet,
3096 2546 3151 2589 ut
3191 2533 3281 2601 qui
3324 2533 3592 2602 perlectus
3633 2541 3753 2585 erat

2160 2624 2302 2679 Dens
2331 2666 2344 2687 ,
2377 2624 2644 2693 perfectus
2675 2626 2943 2679 videretur
2976 2633 3031 2677 et
3064 2624 3244 2677 homo.

2230 2720 2285 2774 ἓ.
2330 2718 2657 2773 Plantaverat
2685 2728 2853 2770 autem
2883 2716 3137 2769 Dominus
3169 2715 3302 2768 Dens
3330 2712 3633 2784 paradisum
3659 2727 3750 2765 vo-

2162 2808 2377 2879 luptatis
2405 2828 2435 2862 a
2469 2811 2736 2879 principio.
2778 2808 3068 2861 Par-adisus
3099 2806 3334 2860 Ecclesia
3367 2816 3478 2863 est;
3506 2804 3582 2858 sic
3604 2804 3748 2859 enim

2160 2900 2229 2954 de
2271 2901 2359 2953 illa
2405 2900 2597 2969 legitur
2637 2904 2688 2952 in
2731 2898 2967 2952 Canticis
2990 2898 3317 2951 canticorum
3350 2913 3363 2949 :
3393 2895 3589 2949 Ilortus
3630 2908 3754 2947 con-

2163 2992 2335 3045 clusus
2365 3006 2511 3043 soror
2540 3006 2651 3042 mea
2684 2985 2872 3060 (Cant.
2906 3003 2983 3049 tv,
3022 2988 3142 3055 l2).
3178 2992 3216 3041 A
3263 2986 3524 3055 principio
3569 2997 3749 3036 autem

2169 3083 2447 3150 paradisus
2480 3083 2769 3150 platttatur,
2802 3086 2923 3149 quia
2959 3080 3196 3134 Ecclesia
3228 3078 3491 3132 Catholica
3518 3091 3548 3130 a
3589 3075 3753 3130 Chri-

476 3161 601 3203 nato
624 3154 760 3207 casio
789 3163 843 3208 ct
877 3165 1035 3216 terra,
1080 3153 1273 3222 adjecit
1305 3153 1575 3222 virgultum
1619 3154 1750 3222 agri,
1775 3164 1822 3206 et
1853 3154 2057 3206 herbam

2170 3188 2278 3238 sto,
2311 3174 2510 3242 quiest
2556 3171 2877 3243 principium
2921 3176 3194 3239 omnium,
3238 3170 3454 3225 condita
3500 3184 3621 3225 esse
3659 3183 3756 3224 co-

471 3243 717 3314 regiom's,
749 3253 801 3297 et
847 3244 1010 3298 taenit
1038 3255 1231 3298 caetera
1262 3259 1382 3313 quas
1405 3253 1529 3297 sunt
1570 3244 1620 3297 in
1651 3244 1789 3299 cmlo
1815 3255 1867 3299 et
1893 3256 2055 3310 terra,

470 3336 558 3390 vel
577 3333 737 3390 etiam
771 3338 822 3389 in
856 3336 1021 3399 mari,
1049 3335 1151 3389 nisi
1177 3335 1297 3405 quia
1327 3352 1422 3404 per
1451 3336 1737 3404 virgultum
1782 3339 1892 3407 agri
1926 3340 2060 3391 invi-

473 3426 685 3480 sibilcm
741 3438 1041 3482 creaturam
1074 3427 1407 3483 detnonstrat
1447 3430 1712 3499 intelligi,
1790 3431 1929 3485 sicut
1976 3439 2061 3483 est

476 3521 690 3573 annua?

548 3627 636 3682 lli.
675 3628 821 3682 Dicta
872 3639 1046 3684 autem
1082 3641 1165 3684 est
1190 3631 1509 3701 virgultum,
1553 3644 1772 3703 propter
1819 3638 2056 3704 vigorem

478 3723 634 3786 sine;
670 3721 858 3787 herha,
890 3731 1106 3791 propter
1129 3724 1372 3779 eamdem
1412 3726 1573 3778 vitam
1619 3742 1886 3797 nunquam
1920 3744 2060 3782 mar-

476 3825 804 3870 cesceutem.
850 3814 1053 3871 Deinde
1103 3818 1243 3886 quod
1288 3816 1529 3883 addidit,
1584 3827 1866 3889 antequam
1918 3832 2061 3875 esset

479 3924 643 3977 super
675 3920 898 3974 tetram,
932 3909 1247 3981 intelligitur
1275 3922 1561 3981 antequam
1591 3912 1767 3967 anima
1791 3921 2058 3981 peccaret.

479 4002 733 4056 Terrenis
764 4002 907 4056 enim
938 4001 1321 4071 cupiditatibus
1352 4003 1646 4070 sordidata,
1676 4011 1927 4073 tanquam
1970 4021 2059 4058 su-

475 4107 569 4157 per
597 4104 795 4145 terraut
829 4105 978 4157 nata,
1010 4093 1091 4147 vel
1144 4110 1307 4162 super
1338 4105 1533 4147 terram
1584 4110 1727 4161 esse,
1778 4109 1926 4153 recte
1978 4098 2062 4153 di-

474 4184 632 4238 citur.

552 4272 639 4325 17.
676 4269 827 4326 Unde
842 4281 895 4327 et
924 4273 1113 4342 adjecit
1143 4289 1157 4328 :
1191 4274 1435 4329 Nondum
1477 4278 1625 4331 enim
1657 4277 1864 4347 pluerat
1889 4280 2062 4335 Domi-

476 4376 578 4415 nus
610 4363 750 4418 Deus
771 4380 970 4431 super:
999 4374 1215 4433 terrain,
1251 4367 1400 4436 quasi
1428 4377 1611 4434 aperte
1641 4370 1836 4423 diceret
1862 4388 1873 4422 :
1900 4376 2065 4426 Ante-

481 4471 640 4520 quam
711 4466 961 4526 peccaret
1013 4457 1229 4523 anima,
1305 4460 1537 4513 nondum
1596 4461 1759 4532 269
1827 4463 2060 4517 nubibus

2162 3268 2452 3336 gnoscitur.
2486 3264 2703 3319 Fluvios
2728 3265 2796 3319 de
2823 3265 3071 3333 paradiso
3098 3265 3283 3318 exiens
3313 3263 3598 3333 imaginem
3630 3276 3757 3332 por-

2166 3368 2240 3412 tat
2266 3358 2497 3423 Christi,
2528 3358 2594 3412 de
2625 3370 2849 3427 paterno
2881 3356 3029 3411 fonte
3060 3356 3295 3421 liuentis,
3325 3358 3413 3424 qui
3445 3354 3625 3426 irrigat
3656 3355 3757 3410 Ec-

2162 3451 2378 3507 clesiam
2416 3468 2565 3506 suam
2593 3453 2761 3507 verbo
2792 3452 3205 3522 prmilicatiunis,
3230 3463 3283 3507 et
3308 3453 3450 3505 dono
3483 3449 3755 3519 baptismi.

2233 3542 2287 3597 5.
2334 3545 2409 3598 De
2439 3559 2545 3614 quo
2577 3544 2714 3599 bene
2748 3558 2841 3613 per
2878 3543 3194 3613 prophetam
3225 3542 3422 3596 dicitur
3453 3558 3467 3595 :
3504 3540 3759 3596 Dominus

2165 3634 2304 3689 Deus
2334 3645 2505 3690 noster
2532 3637 2693 3706 270
2720 3637 2906 3706 ﬂuvius
2936 3637 3192 3707 gloriosus
3223 3634 3461 3687 exsiliens
3486 3635 3538 3687 in
3567 3644 3758 3687 terram

2162 3728 2434 3780 sitientem.
2479 3726 2720 3791 Quatuor
2766 3735 2946 3778 autem
2991 3725 3220 3794 paradisi
3266 3725 3485 3778 ﬂumina
3522 3734 3755 3793 quatuor

2163 3826 2289 3872 sunt
2330 3817 2620 3888 Evangelia
2661 3817 2727 3870 ad
2772 3816 3207 3886 prtedicatiouem
3251 3817 3455 3872 eunetis
3497 3816 3755 3887 gentibus

2166 3913 2351 3968 missa.

2236 4002 2289 4057 4.
2331 4002 2497 4073 Ligna
2542 4001 2847 4065 fructifera,
2892 4017 3081 4057 omnes
3119 4002 3289 4057 sancti
3331 4011 3500 4067 sunt;
3554 4001 3760 4056 fructus

2167 4110 2355 4151 eorum
2377 4134 2395 4160 ,
2439 4109 2601 4164 opera
2645 4110 2829 4148 eorum
2858 4111 2872 4159 ;
2904 4094 3101 4161 lignum
3132 4102 3308 4147 autem
3349 4094 3496 4156 vitas,
3534 4093 3763 4146 Sanctus

2167 4196 2506 4252 sanctorum,
2545 4186 2827 4251 Christus,
2866 4186 3110 4248 scilicet,
3153 4185 3219 4239 ad
3260 4200 3417 4255 quem
3459 4183 3682 4253 quisque
3710 4187 3759 4238 si

2168 4280 2466 4349 porrexerit
2489 4294 2737 4343 manum,
2768 4280 2915 4332 vivet
2936 4277 2989 4332 in
3012 4288 3293 4332 aeternum.
3323 4276 3546 4347 Lignnm
3576 4286 3762 4331 autem

2166 4372 2404 4430 scientia:
2451 4372 2574 4427 boui
2616 4383 2671 4427 ct
2713 4372 2868 4436 mali,
2900 4372 3176 4442 proprium
3218 4382 3301 4426 est
3346 4370 3636 4424 voluntatis
3673 4385 3765 4423 ar-

2171 4466 2384 4520 bitrium
2428 4464 2567 4533 quod
2613 4465 2663 4516 in
2708 4462 2886 4516 medio
2916 4460 3081 4516 nostri
3112 4471 3194 4516 est
3221 4461 3452 4530 positurus
3482 4459 3547 4512 ad
3575 4459 3765 4529 digno-

478 4548 875 4618 Seiipturarum
901 4550 1129 4619 pluviam
1160 4550 1418 4605 doctrina:
1448 4552 1702 4607 Dominus
1731 4554 1794 4607 ad
1826 4556 2062 4609 animam
2097 4547 2150 4607 D
2174 4556 2426 4612 scendum
2461 4557 2657 4610 bonum
2688 4564 2743 4609 et
2773 4554 2994 4608 malum.
3042 4552 3120 4608 De
3158 4568 3262 4623 quo
3304 4551 3396 4623 qui
3436 4550 3622 4606 relicta
3669 4550 3765 4605 Dei

480 4641 807 4706 iurigandam
838 4652 1214 4704 concesserat;
1250 4642 1483 4696 nondum
1519 4656 1736 4711 pr0pter
1767 4644 2059 4713 hominem,

481 4732 576 4801 qui
602 4741 685 4786 est
716 4743 878 4800 terra,
924 4732 1183 4787 Dominus
1209 4742 1392 4788 noster
1423 4736 1620 4790 nubem
1656 4737 1833 4792 carnis
1865 4749 2063 4793 nostra:

556 4892 641 4965 i2.
672 4891 777 4948 Sed
802 4893 1109 4962 spiritualis,
1143 4911 1310 4965 usque
1332 4896 1397 4949 ad
1423 4905 1606 4962 potest,
1634 4896 1956 4953 emendatus
1980 4908 2065 4954 est

486 4964 583 5033 hic;
613 4963 763 5017 locus
794 4981 855 5019 ex
887 4968 1183 5033 AnguStino
1223 4963 1276 5019 et
1309 4967 1473 5020 Beda.
1509 4968 1702 5022 ιὶιιιλι..

556 5031 694 5107 Ibid.
750 5034 804 5088 lu
836 5031 1101 5105 Vulgata:
1153 5035 1321 5089 Filius
1379 5038 1598 5090 hominis
1653 5038 1875 5100 veniens,
1910 5049 2065 5107 putas

482 5104 697 5175 inveniet
736 5107 890 5169 ﬁdem
914 5104 1068 5175 super
1107 5109 1340 5160 terram?
1390 5110 1560 5161 Anev.

560 5172 645 5227 15.
696 5172 1265 5250 ln_nustra'_\’ul_gata:
1315 5177 1486 5230 Estote
1513 5194 1632 5247 ergo
1678 5194 1766 5232 ros
1810 5183 2060 5250 perfecti,

482 5245 614 5295 sicut
651 5253 710 5314 et
733 5244 888 5299 Pater
918 5248 1132 5301 caelestis
1162 5250 1418 5314 perfectus
1443 5257 1535 5302 est.
1570 5244 1743 5303 Anev.

494 5382 504 5393 .
677 5313 895 5393 Vulgata
934 5313 1250 5393 :Isttesunt
1270 5324 1690 5393 generationes...
1732 5331 1902 5372 creata
1947 5332 2066 5373 sunt

486 5384 542 5433 in
574 5384 654 5436 die
670 5400 770 5449 quo
802 5388 916 5452 fecit
962 5384 1215 5441 Dominus
1258 5386 1463 5442 Deus...
1496 5389 1768 5457 virgultum
1817 5393 1947 5457 agri,
1982 5409 2070 5443 un-

484 5467 694 5533 sequam
722 5456 940 5508 oriretur
960 5460 1022 5533 in
1070 5470 1223 5520 terra,
1257 5474 1554 5528 carnemque
1577 5456 1799 5513 herbam
1825 5456 2070 5531 regionis,

494 5528 788 5594 priusquam
812 5528 1137 5594 germinaret.
1169 5534 1338 5583 Anzv.

574 5592 657 5647 l5.
687 5592 861 5667 Ilitjus
906 5599 1017 5670 diei
1046 5601 1250 5652 nomine
1283 5599 1560 5653 secundum
1588 5598 1929 5670 praphetiam.
1979 5601 2070 5656 liae

496 5662 806 5740 tlutevoce's
831 5668 1107 5721 secundum
1138 5671 1451 5739 prophetiam
1482 5662 1741 5724 non'sunt
1787 5672 1922 5740 apud
1955 5674 2067 5724 Ao-

494 5736 787 5804 gnstinum,
819 5756 845 5791 a
870 5755 973 5809 quo
1002 5736 1145 5794 sunt
1177 5736 1397 5810 reliqua,
1442 5740 1533 5797 lib.
1566 5755 1604 5794 tt
1635 5744 1701 5797 de
1750 5736 1885 5797 Gen.
1922 5750 2067 5797 eoat.

2170 4650 2337 4720 gratia
2367 4645 2660 4717 gustaverit
2703 4652 2875 4697 mutte
2910 4644 3188 4698 morietur.

2242 4740 2293 4794 5.
2337 4738 2477 4793 Tulit
2503 4738 2658 4809 igitur
2690 4734 2825 4789 Deus
2853 4734 3137 4800 hominem,
3165 4745 3212 4788 et
3242 4735 3409 4805 posuit
3440 4748 3554 4787 eam
3583 4732 3636 4785 in
3668 4746 3769 4800 pa-

2169 4900 2422 4963 Maoich.,
2463 4914 2511 4952 c.
2546 4899 2612 4961 5;
2644 4897 2889 4966 leguntur
2919 4904 3092 4949 tamen
3138 4894 3189 4946 in
3221 4893 3469 4947 omnibus
3497 4891 3671 4960 libris,
3707 4902 3770 4950 et

2173 4974 2312 5043 apud
2349 4970 2675 5043 E_t_tcherium
2707 4979 2760 5043 et
2784 4967 3004 5020 Bellum.
3030 4966 3224 5043 (inlita.
3463 5033 3475 5043 .
3510 4984 3518 4993 -

2248 5044 2335 5097 l7.
2367 5040 2569 5093 Nubem
2596 5039 2765 5090 carnis
2795 5047 3001 5091 nostris.
3039 5035 3290 5088 Nubilum
3330 5033 3501 5086 carnis
3544 5041 3766 5099 nostra,

2172 5114 2537 5177 Augustinus:
2571 5109 2838 5171 nebulam,
2883 5107 3019 5161 anud
3057 5105 3275 5177 Bedam.
3306 5104 3502 5157 ϐιιιΑι..

2248 5182 2387 5235 Ibid.
2423 5180 2646 5247 Vulgata
2674 5178 2831 5232 :Non
2858 5178 2992 5231 enim
3022 5176 3240 5244 pluerat,
3269 5178 3440 5247 ᾼιιειι.

2246 5251 2335 5305 18.
2382 5242 2553 5304 11οηιό
2596 5265 2698 5301 non
2742 5258 2886 5310 erat,
2930 5242 3095 5313 usque
3133 5247 3199 5297 ad
3244 5242 3655 5314 signiﬁcabatur,
3698 5258 3771 5298 ex

2174 5322 2295 5377 eod.
2335 5322 2428 5375 lib.
2463 5319 2777 5387 Augustini,
2810 5332 2929 5385 cap.
2964 5316 3058 5387 ’ἐξ
3092 5316 3285 5387 (inut.

2244 5391 2373 5445 CAP.
2407 5406 2482 5445 ιιι.
2515 5383 2578 5442 Ν.
2607 5387 2662 5441 2.
2693 5383 2979 5440 Paradisus
3008 5384 3238 5441 Ecclesia
3266 5393 3370 5453 est,
3398 5399 3464 5440 ex
3491 5383 3614 5438 eod.
3645 5383 3772 5453 lib.,

2174 5478 2296 5530 cap.
2329 5462 2414 5514 M.
2447 5462 2634 5516 GBIAL.

2247 5524 2299 5585 3.
2348 5533 2613 5599 Propheta
2666 5528 2893 5583 fortasse
2940 5536 3023 5582 est
3076 5528 3271 5590 Isaias,
3322 5540 3441 5595 cap.
3494 5540 3653 5587 thv,
3685 5524 3767 5579 3:

2177 5602 2463 5671 Effundam
2507 5602 2642 5653 enim
2687 5616 2847 5664 aquas
2889 5616 3039 5669 super
3068 5600 3352 5661 sitientem,
3385 5607 3432 5651 et
3457 5599 3652 5671 ﬂuenta
3679 5610 3774 5671 gu-

2177 5666 2267 5743 per
2294 5676 2516 5726 aridam.
2548 5673 2787 5739 Quatuor
2830 5666 3119 5741 Evangelia
3146 5679 3376 5740 quatuor
3400 5666 3641 5743 paradisi
3673 5666 3773 5722 llu-

2180 5742 2412 5801 tninibus
2446 5743 2566 5799 alibi
2598 5748 2756 5797 etiam
2787 5754 3063 5812 comparat
3095 5743 3344 5798 lsidorus.
3384 5742 3556 5795 Aauv.
