4034 6148
268 276 373 331 217

1097 278 1555 345 ΟυιίΕὸΤΙυΝΕΒ
1594 278 1659 333 IN
1704 277 1856 333 \‘ET.
1899 278 2193 336 TESTAM.
2221 313 2287 321 —
2320 282 2382 336 ΙΝ
2423 280 2739 338 CENESlN.

3450 288 3553 347 9H

264 394 467 448 rudiso.
500 391 809 460 Assiitnpsit
860 392 1002 449 Deus
1033 410 1281 460 carnem,
1314 405 1366 449 et
1398 394 1567 451 facins
1597 408 1678 451 eat
1708 404 1867 463 caput
1898 400 1940 453 Α
1972 409 2098 447 tium
2119 436 2133 459 ,
2163 411 2281 463 quae
2312 397 2377 449 de
2407 395 2523 463 ejus
2559 397 2726 449 latere
2756 406 2964 465 sumpti
2996 408 3098 451 est.
3134 398 3257 454 time
3283 415 3412 469 ergo
3439 419 3559 458 om-

268 486 553 547 Ecclesia},
589 494 645 537 ut
674 495 994 547 oreraretur
1032 497 1085 540 et
1130 487 1424 540 custodire:
1460 486 1638 549 illum,
1671 486 1722 539 id
1752 498 1864 550 est,

265 579 547 631 voluntate
582 576 756 631 Patris
785 592 849 631 ex
881 578 1134 632 omnibus
1163 580 1409 647 gentibus
1435 580 1734 634 iEcclcsEam
1769 581 1867 632 ini-

268 671 463 741 plcret.
500 670 639 724 Dixit
679 685 896 739 quoque
940 670 1119 725 Deus:
1155 672 1205 726 Ν
1211 690 1277 726 ou
1310 682 1382 727 est
1413 676 1601 727 bonum
1630 689 1739 727 esse
1767 673 1863 726 ho-

268 763 459 816 minem
488 763 677 816 solum.
704 764 1018 831 Arguuntur
1045 763 1284 818 haeretici
1309 804 1324 828 ,
1352 765 1438 834 qui
1473 767 1741 820 Christum
1773 780 1861 821 so-

262 856 374 910 lum
409 856 684 909 hominem
717 866 932 923 putant,
964 866 1016 909 et
1047 872 1149 910 non
1179 855 1340 910 etiam
1376 857 1562 911 Deum.

338 949 396 999 6.
443 943 724 1000 Faciamus
750 948 795 1001 ei
822 947 1144 1017 adjutorium
1174 948 1339 1001 simile
1365 948 1483 1015 sui,
1515 948 1635 1016 quia
1666 948 1716 1002 in
1748 948 1866 1015 ipso

268 1036 499 1091 homine
525 1046 783 1103 suscepto
814 1038 1049 1091 Ecclesia
1084 1038 1192 1092 Deo
1222 1040 1469 1107 copulata
1514 1050 1617 1095 est.
1666 1044 1860 1109 Appel-

261 1128 392 1182 laeit
420 1141 595 1183 autem
626 1128 791 1181 Adam
821 1130 1105 1183 nominibus
1131 1130 1239 1183 suis
1265 1141 1445 1183 cuncta
1473 1133 1754 1185 animantia
1777 1174 1789 1194 ,
1817 1141 1866 1185 et

261 1219 507 1274 volatilia
532 1220 666 1286 ccli,
696 1230 745 1274 et
775 1221 961 1274 bestias
987 1231 1155 1287 terrte,
1173 1220 1478 1290 signiﬁcans
1506 1231 1715 1291 gentes,
1744 1238 1866 1292 qua:

262 1312 434 1365 salva:
476 1310 665 1365 tierent
710 1314 762 1364 in
806 1311 1080 1378 Ecclesia,
1123 1321 1177 1365 et
1226 1326 1321 1380 per
1358 1312 1630 1366 Christum
1672 1328 1865 1369 nomen

260 1403 695 1457 Christianitatis
725 1413 881 1457 erant
908 1416 1214 1473 acceptura
1236 1444 1251 1467 .
1281 1404 1421 1473 quod
1453 1407 1602 1475 prius
1633 1421 1739 1461 non
1774 1408 1869 1459 ha-

263 1495 541 1561 buerant,
573 1496 717 1550 siciit
761 1497 1020 1565 scriptum
1061 1508 1181 1551 est:
1229 1496 1293 1550 Et
1323 1500 1510 1550 vocabo
1537 1512 1706 1551 servos
1732 1515 1866 1552 ineas

262 1587 478 1639 nomine
506 1586 611 1639 alio
641 1584 804 1653 (lsai.
835 1602 971 1649 st,
1005 1586 1131 1655 15).

335 1680 393 1731 7.
437 1680 568 1732 Adit:
597 1695 713 1732 vero
741 1695 839 1732 non
872 1668 1222 1732 inveniebatur
1250 1680 1460 1751 atljutor
1496 1679 1680 1734 similis
1722 1682 1858 1751 ejus.

1968 486 2052 543 nia
2087 489 2223 540 facta
2253 498 2375 540 sunt
2410 488 2461 541 in
2495 490 2695 557 ligura,
2728 505 2845 558 qua)
2875 500 3030 543 erant
3062 492 3112 543 iii
3146 492 3380 548 Ecclesia
3426 512 3553 561 pro-

1969 577 2166 631 dituia.
2218 578 2557 643 Quamobrem
2606 580 2858 645 relinquet
2910 583 3063 635 homo
3108 596 3304 653 patrem
3356 596 3403 640 et
3440 605 3555 641 ma-

1968 677 2096 722 trem
2117 710 2131 733 ,
2160 679 2207 722 et
2234 672 2509 725 adhtcrebit
2538 674 2687 726 uxori
2712 688 2821 726 sua:
2846 690 2862 737 ;
2892 684 2940 726 et
2981 685 3126 729 erunt
3169 679 3273 730 duo
3313 679 3366 731 in
3406 694 3561 733 carne

1966 778 2091 815 una.
2127 762 2236 817 lloc
2266 764 2624 833 interpretans
2666 769 2953 834 Apostolus
2992 771 3067 823 ait
3118 787 3130 821 :
3164 771 3557 827 Sacramentum

1968 857 2064 909 hoc
2091 874 2337 925 magnum
2365 870 2436 912 est
2457 900 2474 925 ,
2503 876 2596 930 ego
2624 870 2791 913 autem
2820 861 2937 915 dico
2964 864 3015 916 in
3049 863 3249 918 Christo
3277 876 3321 919 et
3374 868 3427 919 in
3458 865 3558 923 Ec—

1968 950 2122 1000 clesia
2152 950 2170 1017 (
2180 948 2367 1010 Ephes.
2396 950 2472 1020 v).
3380 1020 3411 1033 Α

2041 1038 2128 1093 Η.
2172 1040 2311 1107 Ergo
2352 1042 2492 1107 quod
2540 1058 2635 1111 per
2681 1042 2959 1099 historiam
3004 1048 3332 1116 completum
3374 1060 3458 1105 est
3502 1052 3553 1105 in

1969 1133 2170 1198 Atiam,
2203 1149 2297 1202 per
2329 1138 2660 1204 preplietiain
2694 1137 3028 1205 significatur
3072 1140 3122 1193 in
3163 1141 3413 1208 Christo,
3459 1145 3550 1213 qui

1969 1228 2187 1297 reliquit
2216 1227 2462 1293 Patrem,
2493 1246 2614 1283 cuni
2660 1231 2789 1284 dicit
2821 1249 2832 1283 :
2880 1231 2995 1303 Ego
3038 1250 3070 1286 a
3110 1232 3271 1288 Patre
3309 1235 3477 1297 exivi,
3508 1245 3558 1290 et

1973 1318 2085 1372 veni
2127 1318 2179 1371 in
2227 1320 2475 1373 mundum
2528 1318 2759 1390 (Joann.
2795 1324 2955 1391 xw).
3009 1323 3108 1387 Qui
3139 1341 3256 1378 cum
3294 1326 3347 1378 in
3390 1326 3558 1395 forma

1970 1406 2069 1461 Dei
2096 1418 2257 1471 estet,
2288 1425 2389 1463 non
2418 1411 2655 1482 rapinam
2683 1413 2964 1466 arbitratus
2991 1423 3064 1466 est
3090 1432 3195 1469 esse
3233 1432 3287 1469 se
3308 1417 3557 1486 cqualein

1969 1495 2081 1551 Deo
2120 1497 2375 1568 (Philipp.
2410 1502 2493 1568 ll).
2541 1500 2776 1570 lleliquit
2805 1512 2861 1554 et
2892 1513 3154 1569 matrem,
3189 1504 3238 1558 id
3270 1513 3384 1568 est,
3414 1506 3557 1577 Syn-

1969 1603 2187 1657 agogain
2206 1588 2538 1656 .ludieoruin,
2562 1591 2735 1645 Veteri
2770 1592 3120 1648 Testamento
3149 1595 3442 1651 carnaliter
3468 1598 3555 1650 iii-

1971 1677 2300 1744 haerentem,
2332 1694 2452 1749 quin
2483 1681 2561 1735 illi
2590 1691 2707 1735 erat
2736 1695 2911 1738 mater
2939 1699 3006 1738 ex
3036 1686 3243 1739 scniiiie
3276 1686 3438 1740 David
3472 1700 3557 1742 se-

263 1770 467 1839 Utiqne
495 1773 751 1839 anniam
780 1771 1022 1836 quamvis
1054 1768 1228 1824 fidelis
1258 1781 1350 1824 aut
1388 1770 1567 1841 justus
1604 1771 1674 1827 sit
1717 1770 1866 1839 quis-
1900 1782 1946 1841 Β
1972 1770 2204 1824 cundum
2237 1787 2490 1839 carnem,
2523 1781 2577 1826 et
2603 1774 2831 1827 adhiesit
2858 1775 3007 1829 uxori
3037 1790 3179 1840 Siue,
3213 1776 3263 1831 id
3295 1788 3407 1843 est,
3434 1792 3564 1833 san-

260 1877 406 1929 que.
437 1862 655 1915 Christo
696 1872 874 1914 tamen
917 1862 1115 1929 teqiiari
1155 1876 1260 1914 niin
1306 1870 1497 1930 potest.
1543 1863 1668 1927 Quis
1698 1862 1864 1923 enim,

263 1953 446 2020 inquit
482 1951 730 2022 Moyses,
764 1953 949 2005 similis
978 1952 1068 2005 tibi
1098 1953 1148 2004 in
1195 1953 1323 2019 diis,
1371 1951 1587 2006 Domine
1626 1952 1871 2023 (Psalm.

261 2046 518 2111 uxxv)?
549 2060 672 2097 nam
701 2054 755 2099 et
786 2044 945 2098 David
975 2045 1047 2096 ait
1074 2062 1087 2095 :
1116 2043 1389 2113 Speciosus
1418 2045 1584 2111 forma
1614 2062 1720 2113 pra:
1750 2046 1872 2109 ﬁliis

259 2136 537 2190 hominum
568 2134 802 2205 (Psalm.
830 2135 1005 2202 mw).
1029 2134 1196 2190 Nemo
1225 2136 1367 2188 enini
1402 2145 1606 2203 poterat
1639 2152 1666 2187 ιι
1700 2145 1870 2189 morte

260 2242 437 2299 genus
483 2231 777 2280 humanum
821 2226 1087 2291 liberare,
1128 2236 1181 2279 et
1226 2225 1394 2292 ipsam
1442 2236 1665 2278 mortem
1708 2240 1870 2289 snpe-

261 2335 386 2377 rare
410 2364 428 2387 ,
477 2320 580 2375 nisi
611 2317 892 2382 Clirisnis,
922 2319 1061 2373 sicut
1090 2328 1146 2373 et
1173 2318 1223 2372 in
1258 2318 1580 2388 Apocalypsi
1623 2319 1819 2372 dicitur
1849 2336 1863 2373 :

260 2410 441 2464 Nemo
486 2412 722 2463 inventus
763 2418 837 2461 est
870 2410 1086 2479 dignus,
1114 2425 1274 2478 neque
1313 2410 1365 2461 in
1409 2410 1565 2471 calo,
1614 2425 1774 2475 neque
1817 2406 1872 2461 in

262 2514 442 2567 lena,
480 2518 641 2570 neque
669 2504 808 2559 infra
838 2514 1026 2557 terram
1048 2542 1065 2567 ,
1094 2501 1293 2574 aperire
1324 2501 1510 2555 librum
1529 2542 1544 2567 ,
1574 2503 1671 2556 nisi
1701 2502 1779 2554 leo
1808 2502 1873 2555 de

258 2598 396 2650 tribu
424 2593 597 2649 Iuda.

329 2690 389 2742 8.
441 2686 669 2741 Immisit
702 2703 829 2757 ergo
859 2685 1109 2740 Dominus
1141 2683 1284 2740 Deus
1314 2700 1548 2756 saporem
1576 2685 1631 2738 in
1660 2684 1826 2737 Adam
1854 2699 1873 2749 ,-

262 2797 493 2848 cumque
547 2780 911 2841 obdormisset,
969 2780 1085 2831 tulit
1135 2794 1287 2831 unam
1334 2779 1398 2831 de
1442 2782 1597 2831 costis
1634 2779 1777 2849 ejus,
1820 2787 1869 2831 et

258 2872 549 2941 cdiﬁcaoit
573 2881 789 2936 costam,
821 2887 974 2937 quam
1002 2870 1182 2923 tulerat
1210 2871 1365 2939 271
1382 2868 1445 2921 de
1470 2870 1654 2934 Adam,
1683 2870 1735 2921 in
1762 2885 1871 2921 mu-

259 2968 470 3021 lierem.
522 2966 733 3020 Dormit.
780 2965 988 3028 Adam,
1033 2976 1088 3020 et
1129 2966 1186 3019 fit
1225 2966 1297 3017 illi
1341 2966 1532 3019 mulier
1572 2965 1639 3017 de
1681 2966 1868 3019 latere.

262 3056 489 3111 l'atitur
519 3057 768 3110 Christus
812 3054 865 3109 in
895 3069 1055 3108 cruce
1075 3095 1089 3118 ,
1128 3056 1377 3123 pungitur
1408 3056 1544 3108 latus
1575 3054 1753 3109 lancea
1773 3097 1788 3121 ,
1817 3064 1871 3109 et

1974 1870 2074 1914 cta:
2106 1861 2394 1928 Ecclesiae,
2429 1872 2487 1917 ut
2516 1879 2649 1930 pace
2678 1864 2815 1919 Νυνὶ
2854 1864 3185 1922 Testainenti
3229 1879 3415 1924 essent
3456 1870 3563 1923 duo

1972 1952 2025 2005 in
2054 1968 2216 2007 carne
2245 1968 2345 2007 una
2370 1995 2386 2021 ,
2420 1955 2541 2021 quia
2572 1971 2694 2009 cum
2726 1957 2796 2010 sit
2826 1956 2967 2012 Deus
2994 1958 3132 2028 apud
3174 1958 3385 2015 Patrem
3405 2001 3423 2027 ,
3468 1976 3566 2031 per

1971 2059 2128 2112 quem
2162 2044 2285 2099 facti
2316 2062 2534 2109 sumus,
2570 2048 2740 2101 lacius
2781 2059 2863 2103 est
2907 2065 3001 2119 per
3040 2066 3256 2105 carnem
3299 2053 3568 2123 particeps

1973 2144 2177 2201 noster,
2212 2144 2267 2189 ut
2298 2136 2441 2190 illius
2467 2137 2659 2204 capitis
2688 2154 2881 2207 corpus
2915 2154 3039 2194 esse
3069 2140 3360 2209 possimus.

2591 2227 2817 2284 CAPUT
2860 2230 2946 2285 IV.

2110 2317 2186 2371 Dc
2225 2322 2492 2387 praeceptis
2535 2320 2668 2386 Dei,
2709 2332 2756 2374 et
2793 2322 3125 2376 consensione
3160 2326 3429 2392 serpentis.

2046 2414 2207 2482 272
2248 2412 2298 2466 i.
2340 2415 2457 2467 Jam
2508 2414 2704 2468 dehinc
2754 2427 3117 2483 prteceptiini,
3169 2418 3308 2484 quiid
3359 2420 3567 2489 accepit

1978 2501 2274 2563 ﬁgtll‘alllef
2322 2506 2531 2567 Adam,
2576 2520 2673 2559 nos
2713 2509 3020 2576 accepimus
3066 2510 3117 2560 iii
3160 2490 3399 2573 Christo,
3441 2508 3570 2578 quia

1978 2596 2346 2664 unusquisque
2376 2598 2717 2651 Christianus
2749 2613 2852 2652 ii0n
2895 2602 3188 2667 incongrue
3229 2611 3398 2671 gestat
3445 2616 3566 2670 per-

1972 2699 2160 2737 sonam
2191 2686 2390 2739 Christi
2414 2726 2428 2747 ,
2475 2687 2685 2741 dicente
2734 2688 2852 2755 ipso
2886 2688 3149 2743 Domino:
3186 2692 3337 2755 Quod
3377 2693 3567 2760 fecistis

1974 2778 2062 2827 uni
2094 2793 2156 2829 ea:
2186 2778 2411 2830 minimis
2439 2781 2560 2831 meis
2584 2820 2596 2839 ,
2629 2780 2752 2832 mihi
2783 2780 2973 2848 fecistis
3006 2783 3020 2850 (
3047 2781 3236 2835 Matth.
3271 2800 3399 2849 xxv,
3429 2784 3496 2838 l0
3522 2784 3564 2853 ).

1975 2870 2177 2925 Dicitur
2207 2887 2335 2940 ergo
2368 2872 2442 2924 illi
2475 2890 2487 2924 :
2526 2871 2607 2925 Ea:
2636 2874 2774 2925 omni
2804 2875 2945 2942 ligno
2975 2877 3203 2944 paradisi
3230 2878 3459 2930 comede.
3488 2875 3568 2931 De

1975 2965 2116 3034 ligno
2160 2976 2327 3017 autem
2356 2964 2581 3017 scientia:
2611 2963 2729 3017 boni
2756 2977 2799 3018 et
2832 2966 2955 3018 ntali
2985 2981 3047 3018 ne
3076 2967 3330 3021 comedas.

2046 3054 2101 3108 2.
2144 3054 2458 3122 Prmcipitur
2504 3056 2644 3108 enim
2678 3056 2831 3110 nobis
2860 3068 2914 3109 ut
2959 3057 3201 3112 fruantur
3241 3061 3384 3111 omni
3417 3059 3564 3129 ligno

262 3145 556 3213 proﬂuunt
582 3157 924 3199 sacramenta
956 3144 1267 3213 sanguinis,
1297 3160 1359 3197 ex
1391 3145 1583 3213 quibus
1614 3145 1871 3199 formetur
1901 3157 1945 3219 ρ
1982 3146 2254 3215 paradisi,
2307 3161 2414 3214 quo
2459 3145 2829 3214 significantur
2874 3146 3183 3213 Spiriiuales
3224 3148 3429 3202 deliciae
3451 3189 3466 3214 ,
3497 3150 3566 3204 de

266 3237 544 3291 Ecclesia.
596 3236 745 3289 lianc
787 3235 1167 3290 dormitionem
1212 3247 1391 3289 cantat
1439 3235 1742 3304 Pr0plieta,
1784 3236 1864 3290 di-

262 3343 399 3383 cens
430 3346 442 3381 :
479 3328 595 3397 Ego
621 3329 870 3393 dormivi,
913 3337 960 3381 et
990 3329 1189 3393 quievi,
1218 3339 1263 3382 et
1291 3331 1551 3383 resuri-ezi
1574 3369 1590 3395 ,
1634 3330 1873 3399 quoniam

262 3420 533 3475 Dominus
562 3419 825 3472 suscitavit
852 3435 929 3471 me
961 3417 1185 3487 (Psalin.
1216 3432 1274 3471 ιιι
1298 3459 1314 3482 ,
1341 3420 1419 3487 6).

336 3514 400 3569 9.
445 3512 741 3581 Sequitur:
776 3510 843 3563 Et
873 3512 1042 3579 posuit
1064 3526 1268 3563 carnem
1309 3525 1401 3576 pro
1445 3526 1525 3564 ea.
1576 3508 1667 3567 Sic
1712 3511 1873 3567 Cliri-

268 3616 392 3661 stus
424 3619 645 3658 cariiein
688 3618 839 3656 suam
891 3602 1170 3655 moriendo
1200 3606 1376 3671 posuit
1409 3603 1459 3655 in
1493 3604 1727 3669 patibulo
1753 3619 1875 3659 cru-

267 3698 348 3751 cis
381 3710 485 3765 pro
513 3692 774 3749 Ecclesia.
808 3692 951 3747 Dixit
978 3708 1175 3763 quoque
1200 3693 1365 3746 Adam
1385 3710 1404 3747 :
1430 3692 1547 3747 Hoc
1572 3710 1708 3747 nunc
1733 3711 1788 3748 os
1812 3711 1876 3749 ea:

269 3791 481 3841 ossibus
514 3787 639 3840 meis
661 3826 677 3850 ,
705 3795 751 3840 et
781 3801 903 3839 caro
930 3787 992 3839 de
1022 3802 1174 3840 carne
1205 3803 1337 3839 mea.
1378 3786 1510 3852 Quia
1556 3787 1669 3841 sive
1705 3787 1875 3841 sancti

269 3882 595 3951 spirituales
637 3889 691 3933 et
748 3878 1027 3933 fortissimi
1059 3880 1109 3933 in
1156 3879 1575 3946 tentationibus,
1618 3879 1732 3933 sive
1775 3880 1873 3933 mi-

269 3991 378 4028 nus
412 3972 669 4042 perfecti,
703 3974 918 4043 utrique
949 3987 1115 4026 unum
1142 3986 1341 4042 corpus
1380 3970 1581 4027 Christi
1612 3981 1777 4037 sunt,
1822 3979 1879 4026 et

270 4080 378 4118 una
418 4062 681 4118 Ecclesia.
1668 4114 1671 4117 η

344 4156 443 4211 10.
488 4153 623 4208 lltec
651 4154 913 4207 vocabitur
939 4156 1113 4223 virago
1132 4196 1145 4218 ,
1174 4153 1421 4224 quoniam
1451 4153 1515 4206 de
1544 4156 1649 4207 viro
1676 4164 1878 4222 sumpta

270 4257 371 4302 est.
402 4247 499 4304 Sic
528 4254 586 4301 et
624 4243 872 4301 Christus
900 4246 1157 4300 Ecclesiae
1202 4259 1397 4299 nomen
1442 4245 1589 4299 dedit
1617 4247 1879 4301 Christia-

345 4384 405 4438 6.
448 4380 721 4452 Vulgata:
771 4380 937 4433 simile
983 4380 1095 4433 sibi.
1151 4379 1216 4432 Et
1265 4394 1384 4433 mox
1414 4424 1428 4447 ,
1488 4379 1882 4449 Apim/lavitque

275 4455 450 4508 Adam
477 4489 494 4504 .
520 4491 534 4503 .
565 4451 648 4509 ,et
682 4453 913 4502 universa
943 4451 1170 4503 volatilia
1197 4452 1338 4512 cteli,
1385 4466 1428 4503 et
1478 4468 1652 4503 omnes
1696 4454 1882 4505 besins

1975 3237 2168 3306 quibus
2218 3237 2293 3290 ait
2340 3237 2628 3303 Apostolus
2693 3254 2706 3290 :
2755 3233 2979 3289 Fructus
3027 3246 3196 3289 autem
3232 3241 3447 3304 spiritus
3496 3248 3567 3292 est

1976 3332 2197 3384 cliaritas
2226 3371 2242 3395 ,
2298 3331 2546 3400 gaudium
2580 3371 2594 3393 ,
2651 3345 2753 3395 pos:
2778 3370 2792 3393 ,
2853 3330 3215 3399 longanimitas
3244 3370 3260 3393 .
3314 3331 3516 3385 bonitas
3548 3375 3563 3394 ,

1976 3422 2311 3475 mansuetudo
2338 3458 2355 3485 ,
2377 3421 2690 3473 continentia
2715 3462 2729 3485 ,
2778 3425 2989 3473 castitas
3048 3418 3256 3488 (Galat.
3283 3436 3315 3475 ν
3333 3425 3379 3491 ).
3412 3422 3568 3477 Sicut

1978 3517 2269 3586 Apostolus
2298 3516 2448 3569 dicit.
2484 3517 2547 3569 Et
2579 3533 2683 3568 non
2720 3526 2999 3585 tangamus
3046 3516 3245 3585 lignum
3289 3518 3342 3572 in
3386 3518 3566 3575 medio

1978 3608 2209 3678 paradisi
2241 3608 2534 3675 planiatum
2566 3608 2803 3661 scientia:
2841 3608 2962 3661 boni
2991 3616 3045 3660 et
3075 3607 3232 3673 mali,
3268 3608 3316 3660 id
3347 3621 3426 3662 est
3449 3651 3463 3674 ,
3499 3625 3567 3664 ne

1977 3698 2202 3750 velimus
2251 3697 2533 3763 superbire
2582 3698 2648 3750 de
2698 3708 2884 3750 natura
2933 3698 3141 3750 arbitrii
3193 3698 3395 3761 nostri,
3446 3716 3565 3765 qua:

1980 3788 2152 3841 inedia
2183 3797 2284 3848 est,
2321 3796 2377 3840 ut
2398 3827 2412 3850 ,
2443 3788 2651 3853 decepti
2686 3802 2779 3854 per
2806 3788 3107 3851 scientiam,
3139 3789 3484 3855 experiamur
3511 3800 3568 3845 et

1980 3882 2203 3931 malum.
2238 3876 2473 3944 Serpens
2505 3891 2684 3931 autem
2723 3877 2811 3930 ille
2835 3917 2851 3942 ,
2882 3876 3177 3942 sapientior
3202 3877 3439 3929 omnium
3472 3878 3568 3932 be-

1978 3974 2243 4037 stiarum,
2288 3971 2489 4025 indicat
2532 3969 2832 4034 diabolum,
2884 3970 2973 4038 qui
3014 3968 3139 4024 inde
3178 3984 3405 4039 serpens
3434 3971 3565 4027 dict-

1988 4074 2073 4116 tur
2107 4062 2247 4129 quod
2278 4061 2495 4115 volubili
2530 4072 2775 4115 versetur
2806 4061 3024 4116 astutia.

2052 4156 2104 4208 3.
2150 4154 2255 4211 Sed
2294 4154 2419 4221 quid
2460 4161 2540 4207 est
2573 4152 2714 4220 quod
2747 4156 2861 4221 ipse
2895 4167 2989 4222 per
3016 4152 3292 4207 mulierem
3323 4153 3565 4221 decepit.

1981 4256 2037 4298 et
2070 4258 2175 4299 non
2208 4259 2302 4313 per
2333 4244 2552 4297 virum?
2580 4242 2712 4310 Quia
2758 4258 2866 4298 non
2901 4252 3077 4312 potest
3105 4243 3240 4299 ratio
3272 4253 3454 4299 nostra
3480 4259 3570 4300 se-

1983 4380 2163 4442 simus,
2194 4378 2335 4442 quod
2366 4376 2454 4431 alii
2490 4375 2741 4432 retinent.
2774 4379 2946 4431 Anav.

2056 4450 2186 4503 CAP.
2230 4463 2302 4501 tv.
2344 4449 2408 4503 Ν.
2450 4448 2503 4503 i.
2544 4447 2665 4500 lam
2703 4448 2885 4500 dehinc
2922 4457 3263 4514 praceptum,
3297 4462 3466 4515 usque
3494 4448 3561 4501 ad

275 4537 453 4579 terrm.
508 4524 575 4575 Et
615 4521 751 4587 apud
795 4522 1028 4574 Isaiam:
1073 4519 1142 4573 Et
1181 4537 1353 4574 servos
1391 4537 1511 4575 suos
1548 4522 1742 4575 vocabit
1784 4539 1878 4577 no-
1908 4524 1962 4586 D
1989 4522 2109 4573 milii
2141 4520 2367 4589 fecistis,
2399 4518 2573 4583 ejusd.
2616 4518 2894 4585 Augustini
2936 4529 3063 4571 sunt
3093 4519 3301 4589 verba,
3342 4534 3465 4589 cap.
3492 4517 3566 4572 25

275 4598 416 4648 tuine
444 4594 574 4646 alio.
607 4596 781 4643 Annv.

351 4666 407 4719 7.
454 4666 509 4717 In
556 4663 763 4729 psalmo
807 4676 1019 4725 Luxv,
1067 4660 1154 4727 qui
1198 4675 1225 4713 a
1271 4660 1485 4714 Breiilio
1527 4660 1789 4716 indicatur
1828 4674 1883 4718 et

276 4736 621 4797 inscribitur,
658 4733 836 4783 Uratio
864 4734 963 4801 ipsi
993 4731 1187 4794 David,
1220 4747 1361 4783 vers.
1391 4730 1455 4793 8,
1484 4732 1678 4786 dicitur
1709 4750 1722 4785 :
1755 4733 1879 4789 Non

277 4816 353 4855 est
385 4804 577 4855 similis
609 4802 683 4852 tui
718 4802 781 4871 iu
802 4803 922 4865 diis,
949 4801 1191 4855 Domine.
1218 4802 1569 4871 Apacalypsis
1609 4806 1875 4859 sententia

277 4874 609 4935 exprimitur
639 4870 816 4925 verbis
844 4872 1182 4940 aliquatenus
1211 4870 1571 4926 commutatis.
1608 4873 1783 4928 Aacv.

349 4941 407 4995 8.
455 4943 629 4996 Verba
668 4942 852 5010 psalmi
892 4944 943 4994 iii
981 4943 1239 5011 Vulgata:
1279 4940 1389 5011 Ego
1417 4943 1665 5006 dormivi,
1696 4954 1743 4995 et
1785 4961 1874 4998 so-

275 5025 496 5083 poratos
547 5030 699 5078 sum,
745 5022 793 5065 et
836 5010 1136 5081 exsurrexi,
1186 5014 1308 5083 quia
1356 5010 1609 5067 Dominus
1653 5019 1872 5080 suscepit

276 5102 385 5138 me.
418 5089 599 5139 Atil-2v.

353 5159 446 5208 1U.
492 5156 621 5218 Qua:
662 5163 810 5206 erant
855 5154 907 5205 in
941 5152 1172 5207 Ecclesia
1219 5153 1512 5224 proditum.
1547 5150 1867 5223 Profuturo,

274 5229 425 5293 apud
461 5226 683 5277 Bedain.
713 5225 908 5279 CnisL.

353 5294 502 5347 Ibid.
550 5294 894 5360 Quamobrem
920 5294 1207 5363 relinquet,
1242 5308 1410 5363 usque
1449 5293 1515 5347 ad
1556 5310 1740 5364 corpus
1769 5312 1877 5349 esse

278 5381 591 5434 possemus,
618 5379 701 5435 fex
748 5367 869 5418 eod.
915 5367 1197 5435 Augustini
1229 5368 1319 5418 lib.
1343 5406 1359 5428 ,
1405 5380 1523 5433 Cap.
1570 5363 1667 5429 44,
1702 5368 1783 5420 vel
1809 5382 1876 5419 ex

280 5450 370 5490 ιιι
398 5445 575 5490 cootr.
610 5434 816 5501 FaiiSt.,
846 5452 961 5504 cap.
996 5434 1029 5489 8
1055 5453 1069 5501 ;
1099 5439 1379 5505 utrobique
1405 5438 1548 5489 enim
1575 5439 1764 5490 eadem
1798 5438 1873 5489 le-

278 5519 508 5573 guntur,
534 5516 695 5576 atque
720 5515 1005 5576 utrumque
1032 5514 1202 5560 locum
1230 5507 1328 5561 sibi
1362 5511 1701 5575 proposuisse
1729 5507 1876 5561 vide-

281 5590 377 5631 tur
404 5576 657 5633 Isidorus.
679 5575 895 5645 Legitur
913 5575 1040 5631 vero
1064 5587 1170 5631 tam
1193 5576 1330 5645 apud
1345 5578 1695 5646 Augustinum
1718 5594 1875 5646 quain

279 5649 431 5718 apud
461 5648 683 5701 Paulum
712 5657 913 5717 propter
937 5646 1064 5711 hoc,
1094 5664 1197 5701 non
1221 5648 1567 5715 quamobrem.
1593 5648 1784 5702 GRIAL.

361 5716 503 5772 Ibid.
548 5718 778 5772 Crialius
804 5716 856 5773 iu
887 5729 1010 5774 nuta
1042 5733 1300 5787 possemus
1326 5732 1345 5783 ;
1374 5720 1467 5775 sed
1500 5720 1551 5776 in
1584 5728 1730 5775 testu
1760 5734 1880 5789 pas-

1989 4591 2083 4646 lib.
2117 4587 2151 4644 ti
2181 4600 2328 4643 cont.
2365 4590 2594 4642 Manicli.
2628 4588 2757 4653 Quae
2783 4598 2908 4641 ante
2940 4591 3053 4641 lia'c
3092 4587 3338 4657 leguntur
3367 4588 3419 4642 in
3452 4591 3564 4655 ple-

1986 4665 2167 4729 risque
2196 4661 2375 4721 libris,
2410 4657 2535 4729 l’ost
2564 4660 2669 4712 luet:
2695 4668 2902 4729 vocatur
2932 4657 3109 4722 Ileva,
3137 4669 3268 4723 etc.,
3303 4674 3407 4712 non
3438 4671 3566 4715 sunt

1983 4725 2142 4797 huius
2174 4732 2273 4785 loci
2294 4771 2310 4791 ,
2340 4728 2434 4784 sed
2464 4729 2655 4796 capitis
2682 4731 2818 4799 sexti
2853 4725 2995 4797 (imo
3024 4728 3226 4799 quinti)
3260 4730 3347 4784 ubi
3378 4731 3563 4786 eadem

1985 4796 2207 4856 totidem
2240 4799 2419 4853 verbis
2450 4808 2739 4868 ponuntur.
2773 4796 2964 4852 ϐιιιιιι..

2059 4872 2197 4927 Ibid.
2241 4870 2392 4925 Omni
2416 4872 2558 4939 ligno
2584 4868 2848 4938 paradisi,
2878 4884 3046 4938 usque
3070 4868 3134 4923 ad
3168 4869 3493 4935 experiamur
3518 4880 3568 4925 et

1988 4947 2210 5003 malum,
2242 4956 2307 4994 ex
2353 4943 2475 4996 eod.
2510 4942 2788 5011 Augustini
2821 4940 2962 4993 loco.
2995 4940 3147 5007 Quod
3187 4950 3363 4992 autem
3393 4940 3571 5009 Augu-

1977 5017 2151 5069 stinus
2174 5013 2411 5076 dixerat,
2442 5028 2505 5064 ne
2528 5016 2764 5064 vellemus
2785 5012 3047 5078 superbire
3072 5013 3135 5063 de
3158 5020 3340 5061 natura
3368 5023 3564 5073 nostra,

1978 5085 2210 5140 l~idoriis
2242 5085 2621 5147 interpretatus
2648 5090 2732 5134 est
2776 5082 2844 5133 de
2883 5089 3073 5134 natura
3107 5079 3318 5134 arbitrii
3360 5086 3563 5148 nostri,

1977 5155 2119 5225 quod
2148 5163 2203 5206 et
2228 5153 2475 5225 superius
2508 5150 2724 5225 fecerat.
2758 5150 2948 5225 GRIAL.

2050 5226 2189 5277 Ibid.
2234 5223 2288 5276 ln
2330 5232 2511 5274 nostra
2546 5220 2802 5273 Vulcatii:
2852 5220 3093 5285 Quandiu
3136 5220 3321 5290 fecistis
3367 5221 3458 5275 uni
3507 5238 3569 5275 ea:

1980 5296 2058 5349 liis
2088 5296 2329 5365 fratribus
2357 5292 2479 5344 meis
2506 5293 2757 5355 uiiiumis,
2787 5289 3146 5365 mihifectstis.
3179 5296 3352 5347 Ant-1v.

2050 5361 2107 5418 2⁷.
2151 5366 2371 5431 Serpens
2412 5372 2616 5424 autem,
2663 5376 2828 5429 usque
2866 5362 3200 5433 adAastutia,
3242 5378 3308 5417 ex
3338 5377 3458 5433 cap.
3493 5361 3566 5415 24

1982 5430 2349 5506 ejusdeinlib.
2385 5448 2422 5485 ιι
2454 5446 2636 5506 contra
2667 5432 2896 5506 lliaiiich.
2918 5430 3121 5506 Cum.

2055 5505 2193 5559 Ibid.
2238 5504 2295 5557 In
2334 5504 2513 5557 verbis
2546 5503 2786 5570 Apostoli
2833 5502 3050 5571 Vulgata
3096 5503 3336 5559 nonnihil
3367 5505 3562 5561 variat.

1985 5578 2135 5644 Quod
2160 5575 2392 5645 additur,
2409 5575 2536 5626 sicut
2552 5574 2824 5639 Apostolus
2847 5574 2992 5641 dicit,
3009 5590 3112 5627 non
3139 5585 3264 5645 puto
3286 5578 3430 5630 adea
3446 5591 3566 5645 quin

1985 5656 2278 5733 sequuntur
2304 5644 2524 5733 referri,
2582 5645 2676 5697 sed
2704 5645 2768 5733 ad
2795 5658 2855 5698 ea
2884 5659 3003 5733 qua;
3034 5644 3361 5713 pi-tccedutit.
3395 5644 3563 5733 Λιιεν.

2062 5715 2111 5773 3.
2157 5716 2263 5771 Sed
2290 5715 2413 5784 quid
2447 5725 2547 5784 est,
2581 5716 2719 5785 quod
2747 5732 2838 5785 per
2868 5716 3158 5782 mulierem,
3196 5731 3360 5786 usque
3391 5719 3454 5771 ad
3488 5726 3564 5771 tt-

1942 5824 1985 5835 h—
