4064 6170
441 264 549 319 919

1468 251 1525 307 S.
1569 246 1814 304 lSlDOlll
1855 240 2301 303 IIISPALENSIS
2337 236 2639 295 EPISCOPI

3587 227 3693 283 220

440 384 567 439 duci
610 382 677 438 ad
721 380 1047 453 peccandum
1070 420 1085 445 ,
1131 376 1231 429 nisi
1272 370 1609 439 prmcedente
1649 364 2014 420 delectatione
2046 361 2096 419 Α
2191 361 2245 414 9.
2275 359 2365 416 Sic
2392 367 2447 413 et
2475 370 2663 412 omnes
2695 353 2930 409 haeretici
2963 350 3259 406 divinitatis
3286 350 3534 453 meritum
3565 364 3693 415 pro~

445 477 500 531 in
529 474 762 532 carnalis
790 469 1110 529 infirmitatis
1140 467 1362 529 all‘cctu,
1396 464 1485 532 qui
1517 460 1896 526 obtemperare
1925 456 2019 510 de-

444 569 538 625 bet
565 569 798 633 rationi,
835 577 1085 632 tanquam
1129 562 1244 614 viro
1282 558 1607 613 dominanti.
1640 558 1750 613 lloc
1782 559 1924 608 enim
1967 555 2021 608 in

446 674 766 731 unoqiioque
798 657 1015 710 homine
1069 653 1271 725 geritur
1310 653 1363 706 in
1404 650 1616 707 occulto
1656 652 1883 721 quodam
1936 662 2025 703 se-

445 760 701 819 cretoque
730 748 996 815 coningio.

513 839 569 894 4.
612 834 1017 906 Suggestionem
1058 832 1285 900 quippe,
1335 839 1639 900 serpentem
1687 832 2021 900 accipimus;

446 930 724 986 mulierem
756 941 916 991 vero,
950 925 1107 996 273
1138 924 1422 979 animalem
1471 924 1714 992 corporis
1762 937 1978 977 sensum
2006 938 2022 987 ;

445 1021 707 1078 rationem
741 1030 920 1073 autem
941 1059 954 1080 ,
988 1017 1179 1069 virum.
1216 1015 1353 1084 Ergo
1382 1014 1595 1083 quando
1625 1017 1856 1066 occurrit
1886 1012 2024 1066 mala

445 1112 719 1182 suggestio
742 1152 756 1171 .
790 1110 941 1178 quasi
973 1121 1197 1178 serpens
1230 1106 1488 1173 loquitur.
1521 1105 1627 1160 Sed
1660 1105 1702 1161 si
1736 1105 1847 1159 sola
1878 1105 2028 1174 cogi-

447 1206 576 1259 tatio
603 1202 906 1257 oblectetur
950 1200 1036 1253 illa
1078 1197 1450 1266 suggestione,
1492 1198 1898 1261 et,rel'renante
1941 1212 2027 1250 ra-

448 1299 613 1359 tione,
644 1309 940 1348 consensus
969 1291 1218 1361 explendi
1250 1293 1430 1358 operis
1460 1307 1564 1344 non
1597 1289 1880 1354 succedat,
1911 1290 2029 1343 sola

447 1391 639 1443 n-ulier
669 1388 875 1442 videtur
904 1386 1204 1441 comedisse
1234 1385 1504 1439 illicitum.

517 1478 570 1532 5.
604 1479 755 1545 Quod
808 1479 851 1531 si
904 1476 1077 1545 ipsum
1128 1482 1399 1544 peccatum
1430 1474 1589 1527 etiam
1627 1481 1679 1525 et
1711 1487 1866 1526 mens
1909 1486 2031 1540 per-

447 1571 764 1637 petrandum
795 1569 1068 1632 decernat,
1094 1566 1205 1636 jam
1238 1568 1318 1619 vir
1348 1566 1604 1633 deceptus
1633 1572 1748 1630 est,
1774 1565 1882 1632 jam
1913 1581 2031 1617 ιιιιι-

447 1660 546 1714 lier
583 1660 761 1713 cibum
816 1658 1031 1712 dedisse
1085 1656 1200 1711 viro
1270 1655 1513 1721 videtur;
1572 1655 1841 1708 illecebra:
1886 1656 2027 1707 enim

2128 453 2360 517 ﬁtentur,
2418 460 2577 519 atque
2616 446 2854 502 scientia:
2895 444 3279 515 pollicitatione
3331 441 3600 510 decipiunt
3645 448 3703 493 et

2126 541 2528 610 reprehendunt
2572 554 2668 594 eos
2716 553 2851 608 quos
2913 536 3227 605 simpliciter
3281 533 3560 588 credentes
3614 532 3697 584 in-

2125 637 2387 691 venerint.
2422 634 2488 689 Et
2514 632 2637 702 quia
2666 630 2886 685 omnino
2913 629 3147 684 carnalia
3178 625 3522 699 persuadent,
3546 622 3703 693 quasi

2128 732 2193 785 ad
2215 731 2507 785 carnalium
2538 728 2812 785 oculorum
2864 724 3196 794 apertionem
3234 728 3496 775 conantur
3531 715 3706 772 addu-

2126 838 2273 892 cere,
2308 833 2365 877 ιιι
2390 821 2612 877 interior
2636 819 2823 876 oculus
2849 817 3187 872 obscuretur.

2746 952 2972 1011 CAPUT
3015 951 3076 1006 V.

2233 1090 2310 1146 De
2339 1099 2545 1163 peccato
2572 1105 2855 1163 primorum
2884 1089 3165 1156 hominum,
3194 1085 3297 1140 sive
3326 1083 3600 1154 supplicio.

2207 1206 2255 1260 I.
2296 1203 2434 1258 Vidit
2482 1203 2640 1273 igitur
2678 1202 2861 1255 mulier
2899 1200 3034 1270 quod
3082 1199 3266 1251 bonum
3318 1205 3445 1249 esset
3484 1195 3708 1264 lignum,

2130 1299 2342 1366 tulitque
2368 1297 2432 1350 de
2462 1300 2632 1365 fructu
2682 1296 2820 1348 illius
2868 1302 2917 1347 et
2970 1291 3211 1346 comedit.
3267 1289 3454 1343 Mulier
3476 1286 3712 1341 comedit

2129 1399 2306 1456 antea,
2340 1404 2446 1444 non
2475 1389 2596 1453 vir;
2628 1387 2771 1455 ideo,
2804 1388 2926 1455 quia
2977 1383 3184 1438 lacilius
3210 1381 3456 1436 carnales
3488 1394 3712 1447 persua-

2130 1485 2324 1537 dentur
2351 1482 2415 1535 ad
2447 1488 2720 1550 peccatum
2755 1519 2772 1542 ,
2812 1492 2911 1532 nec
2960 1488 3066 1531 tam
3115 1474 3367 1530 velociter
3406 1471 3715 1535 spirituales

2132 1573 2486 1641 decipiuntur.
2524 1569 2591 1623 Et
2619 1570 2756 1622 dedit
2786 1568 2894 1621 viro
2932 1582 3027 1620 suo
3055 1607 3070 1631 ,
3128 1574 3175 1617 et
3230 1564 3488 1623 comedit;
3529 1561 3730 1627 utique'

2132 1667 2252 1731 quia
2309 1672 2432 1731 post
2482 1659 2892 1715 delectationem
2967 1656 3201 1710 carnalis
3268 1652 3716 1720 concupiscentia:

447 1753 756 1806 consentire
808 1750 875 1804 de
928 1752 1068 1814 ligno
1097 1748 1364 1819 prohibito
1397 1748 1721 1801 manducare
1747 1756 1847 1800 est.
1880 1747 2032 1801 Tunc

2146 1761 2358 1815 nostrae,
2389 1752 2551 1805 etiam
2579 1762 2758 1803 nostra
2790 1750 2925 1803 ratio
2955 1744 3240 1814 subjicitur
3264 1744 3329 1798 ad
3365 1741 3714 1811 peccandum.

447 1843 643 1909 quippe
669 1840 791 1911 jure
820 1854 850 1892 a
880 1838 986 1891 vita
1023 1838 1196 1901 beata,
1230 1847 1479 1905 tanquam
1528 1852 1558 1889 a
1616 1836 1867 1903 paradiso
1888 1875 1902 1895 ,
1934 1850 2031 1890 ex-

448 1936 665 2007 pellitur
696 1936 877 1998 homo,
912 1940 1299 1999 peccatumque
1352 1930 1400 1985 ei
1458 1930 1780 1996 imputatur,
1824 1928 2035 1982 etiamsi

450 2046 557 2085 non
606 2040 860 2097 sequatur
902 2025 1124 2080 effectus
1157 2041 1171 2077 :
1205 2025 1326 2094 quia
1357 2022 1457 2078 etsi
1490 2039 1592 2077 non
1646 2033 1727 2078 est
1778 2024 1830 2076 in
1882 2023 2036 2076 lactis

448 2122 625 2189 culpa,
659 2121 711 2174 in
740 2132 1003 2175 consensu
1059 2128 1237 2173 tamen
1290 2133 1380 2173 rea
1436 2126 1649 2173 tenetur
1675 2116 2034 2173 conscientia.

455 2212 581 2267 Haec
611 2209 899 2265 secundum
933 2223 1246 2277 anagogem.

524 2326 577 2377 ὕ.
624 2320 886 2377 Caeterum
933 2320 1084 2389 juxta
1133 2320 1504 2385 metaphoram
1559 2322 1755 2387 poterit
1810 2322 2038 2376 callidus

453 2431 680 2483 serpens
755 2417 856 2468 iste
928 2412 1301 2466 haereticorum
1380 2414 1674 2467 versutiam
1734 2413 2035 2483 designare.

452 2509 595 2564 Nulli
629 2508 771 2563 enim
806 2507 1081 2575 loquacius
1123 2514 1283 2574 atque
1323 2506 1571 2560 subtilius
1628 2509 1946 2572 promittunt
1978 2509 2041 2563 il-

455 2604 596 2658 licita
652 2603 962 2657 curiositate
1011 2614 1346 2656 secretorum
1393 2602 1798 2670 adapertionem
1826 2647 1841 2665 ,
1881 2616 2041 2674 atque

454 2695 733 2750 scientiam
764 2695 886 2749 boni
911 2704 963 2748 et
994 2694 1149 2758 mali;
1179 2704 1236 2747 et
1262 2694 1313 2748 in
1342 2694 1457 2763 ipso
1498 2695 1713 2751 homine
1740 2737 1755 2761 ,
1791 2707 2040 2766 tanquam

456 2788 510 2843 in
555 2788 746 2842 arbore
783 2803 902 2856 quae
939 2788 1172 2854 plantata
1206 2795 1290 2841 est
1320 2788 1372 2841 in
1406 2788 1583 2842 medio
1612 2791 1868 2859 paradisi,
1889 2808 2039 2849 suam

456 2878 878 2948 dignoscentiam
912 2879 1154 2932 nituntur
1180 2879 1571 2934 demonstrare.

529 2972 584 3025 7.
610 2971 808 3025 Contra
840 2972 982 3025 hunc
1010 2980 1315 3037 serpentem
1347 2971 1540 3024 clamat
1575 2972 1889 3038 Apostolus,
1921 2988 2042 3027 cum

458 3061 588 3116 dicit
619 3080 632 3117 :
667 3062 838 3117 Metuo
867 3080 929 3116 ne
956 3064 1086 3116 sicut
1117 3079 1320 3132 serpens
1371 3062 1569 3116 Ilevam
1619 3064 1823 3118 seduxit
1852 3069 2043 3120 astutia

458 3170 573 3212 sua.
607 3153 680 3205 sic
711 3169 886 3207 sensus
913 3150 1065 3206 uestri
1093 3162 1482 3223 corrumpantur
1533 3153 1615 3223 (ll
1649 3153 1771 3214 Cor.
1817 3172 1904 3223 XI,
1963 3158 2043 3227 ὃ).

461 3247 745 3302 Seducitnr
797 3245 977 3300 verbis
1035 3244 1191 3311 hujus
1247 3245 1513 3312 serpentis
1572 3247 1803 3303 carnalis
1864 3257 2047 3304 nostra

462 3338 917 3406 concupiscentia,
966 3349 1019 3391 et
1066 3353 1163 3408 per
1218 3338 1362 3391 illam
1417 3339 1683 3407 decipitur
1709 3340 2048 3396 Christianus

464 3432 657 3492 Adam.
683 3446 788 3483 non
817 3428 1081 3483 Christus.
1124 3429 1257 3483 Dicit
1282 3446 1401 3498 ergo
1430 3446 1636 3496 serpens
1660 3432 1728 3483 ad
1750 3432 2049 3486 mulierem:

464 3521 571 3576 Cur
600 3520 840 3590 prlecepit
871 3519 1008 3571 nobis
1036 3520 1176 3572 Deus
1216 3530 1269 3572 ut
1313 3536 1415 3573 non
1457 3522 1785 3576 comederetis
1819 3539 1882 3574 ea:
1911 3526 2049 3578 onmi

466 3613 609 3679 ligno
637 3610 911 3679 paradisi?
939 3611 1027 3663 Sic
1056 3609 1436 3663 hatreticorum
1487 3611 1696 3664 curiosa
1742 3613 2005 3679 cupiditas
2032 3652 2049 3678 ,

465 3707 546 3759 s‘c
577 3702 723 3772 pravi
755 3700 1174 3772 pradicatores,
1211 3701 1276 3754 ad
1306 3701 1629 3770 diligendum
1662 3707 1862 3758 erroris
1898 3706 2055 3760 falla-

466 3796 629 3861 ciam,
663 3794 968 3849 auditorum
1005 3794 1299 3848 carnalium
1338 3795 1502 3849 corda
1552 3798 1889 3853 succendunt
1915 3839 1929 3862 ,
1980 3798 2056 3851 di-

468 3896 655 3945 centes
685 3904 700 3941 :
730 3887 907 3954 Quare
933 3885 1118 3957 fugitis
1156 3887 1436 3943 scientiam
1501 3887 1702 3945 habere
1760 3890 2054 3947 latentem?

471 3998 607 4037 nova
634 3998 850 4052 semper
876 3985 1163 4053 exquirite,
1195 3984 1320 4040 boni
1353 3984 1586 4055 malique
1615 3988 1895 4042 scientiam
1958 4004 2056 4058 pe-

475 4082 625 4127 Itetra
636 4079 710 4126 te.

545 4166 601 4220 8.
627 4163 779 4218 Unde
799 4163 936 4233 apud
954 4164 1291 4219 Salomonem
1326 4165 1517 4221 mulier
1545 4166 1653 4235 illa,
1675 4168 2052 4227 haereticorum

474 4252 711 4321 speciem
740 4263 945 4317 tenens,
972 4254 1106 4308 dicit
1135 4270 1149 4308 :
1182 4255 1342 4323 Aqua:
1372 4256 1575 4323 [urtivre
1613 4258 1866 4312 dulciores
1895 4270 2015 4314 sunt
2042 4303 2058 4327 ,

475 4352 522 4396 et
554 4342 701 4410 panis
728 4341 1053 4395 absconditus
1093 4344 1298 4395 suavior
1340 4342 1610 4411 (Proverb.
1645 4362 1694 4399 ιιι
1720 4389 1734 4411 ,
1769 4349 1858 4417 17)
1880 4350 1901 4401 ?
1922 4349 2063 4404 Sub.

476 4433 608 4502 iecit
636 4433 833 4488 deinde
882 4433 1023 4487 idem
1066 4448 1290 4502 serpens
1324 4451 1336 4489 :
1372 4435 1685 4503 Quacunque
1711 4438 1794 4492 die
1821 4442 2057 4493 comede-

2139 1841 2363 1912 Cumque
2393 1844 2740 1912 cognovissent
2784 1857 2837 1894 se
2890 1855 2994 1894 esse
3041 1838 3225 1899 nudos,
3253 1842 3560 1888 consuerunt
3591 1832 3720 1899 {alia

2139 1935 2290 2003 ficus.
2320 1932 2485 1986 Foliis
2513 1932 2595 1986 lici
2626 1947 2683 1984 se
2709 1938 3023 2000 contegunt,
3064 1928 3151 1996 qui
3187 1924 3438 1979 saeculum
3469 1937 3718 1990 aSperum

2138 2026 2576 2095 amplectuntur,
2631 2023 2721 2092 qui
2794 2023 3064 2091 prurigine
3151 2018 3438 2087 voluptatis
3488 2015 3721 2068 carnalis

2139 2128 2403 2176 arantur.
2470 2116 2666 2184 quique
2716 2111 2925 2182 decepti
3004 2112 3248 2165 haeretica
3328 2109 3623 2175 pravitate,
3666 2114 3723 2160 et

2139 2208 2303 2279 gratia
2356 2207 2449 2261 Dei
2507 2206 2727 2269 nudati,
2786 2213 3089 2275 tegumenta
3129 2200 3524 2256 mendaciorum
3552 2240 3566 2263 ,
3600 2208 3721 2255 tau-

2140 2314 2296 2367 quam
2330 2297 2458 2352 licus
2491 2295 2635 2360 folia,
2662 2296 2934 2364 colligunt,
2956 2293 3210 2348 facientes
3245 2292 3343 2346 Sibi
3366 2292 3721 2345 succinctoria

2142 2390 2441 2461 pravitatis,
2470 2402 2591 2441 cum
2622 2388 2687 2440 de
2723 2384 2945 2439 Domino
2979 2388 3060 2440 vel
3102 2384 3335 2437 Ecclesia
3370 2384 3719 2437 mentiuntur.

2210 2502 2265 2557 Ξ.
2290 2502 2516 2570 Cumque
2542 2501 2806 2553 audissent
2832 2513 3001 2552 vocem
3036 2497 3128 2550 Dei
3158 2495 3531 2550 deambulantis
3557 2495 3608 2547 in
3630 2511 3723 2563 pa-

2108 2574 2120 2597 .
2145 2596 2318 2648 radiso
2350 2594 2417 2647 ad
2448 2610 2627 2646 auram
2658 2602 2770 2662 post
2810 2591 3096 2644 meridiem.
3150 2588 3465 2643 Deambulat
3492 2587 3629 2640 Deus
3672 2586 3727 2640 in

2144 2688 2272 2752 illis,
2305 2694 2492 2742 etnon
2525 2694 2646 2747 stat,
2673 2683 2764 2754 qui
2810 2682 3031 2736 stabiles
3076 2681 3127 2734 in
3160 2680 3277 2748 ejus
3309 2687 3577 2747 praecepto
3618 2691 3726 2729 non

2146 2790 2512 2850 perseverant.
2562 2777 2628 2831 Et
2673 2778 2810 2831 bene
2863 2775 2931 2828 ad
2988 2790 3171 2827 auram
3232 2782 3353 2841 post
3396 2770 3678 2826 meridiem
3707 2810 3725 2834 ,

2144 2875 2263 2940 quia
2291 2870 2401 2942 jam
2428 2871 2495 2924 ab
2522 2873 2601 2925 eis
2628 2867 2869 2925 aufertur
2899 2868 2987 2921 lux
3028 2866 3117 2920 illa
3151 2864 3441 2919 ferventior
3465 2863 3731 2925 veritatis,

2148 2963 2705 3034 appropinquantilms
2751 2976 2995 3016 errorum
3030 2961 3286 3013 tenebris.
3341 2958 3731 3012 Absconderunt

2147 3074 2201 3111 se
2227 3074 2257 3111 a
2281 3058 2415 3123 facie
2446 3054 2540 3109 Dei
2562 3057 2613 3108 in
2637 3055 2799 3107 medio
2827 3054 2954 3122 ligni
2980 3053 3225 3119 paradisi.
3261 3051 3315 3104 In
3359 3049 3533 3103 medio
3581 3063 3732 3101 nam-

2152 3166 2256 3219 que
2279 3151 2401 3221 ligni
2428 3166 2487 3205 se
2516 3148 2820 3212 abscondit,
2853 3148 2941 3215 qui
2969 3161 3187 3199 aversus
3220 3160 3246 3197 a
3270 3153 3542 3211 praecepto
3568 3140 3737 3196 Crea-

2154 3244 2285 3296 toris
2317 3283 2333 3306 ,
2387 3242 2440 3295 in
2508 3240 2711 3296 erroris
2764 3247 2923 3305 atque
2971 3237 3179 3292 arbitrii
3237 3234 3321 3291 sui
3368 3235 3735 3302 voluptatibus

2156 3335 2310 3387 vivit.

2224 3426 2276 3476 5.
2315 3424 2622 3494 Vocavitque
2669 3423 2803 3475 Deus
2849 3424 3063 3475 Adam:
3103 3419 3201 3476 Ubi
3233 3422 3323 3474 es?
3374 3420 3471 3475 Hic
3501 3420 3739 3474 ostendit

2154 3516 2293 3584 quod
2319 3518 2361 3569 si
2389 3517 2476 3584 qui
2510 3516 2670 3586 275
2701 3531 2729 3568 a
2762 3515 2865 3569 [ide
2894 3517 2977 3569 vel
3008 3515 3158 3568 bonis
3196 3513 3445 3582 operibus
3474 3512 3540 3566 ad
3587 3528 3741 3565 men-

2157 3607 2311 3661 dacia
2352 3622 2448 3661 sua
2496 3608 2870 3673 desideriaque
2901 3606 3154 3659 labuntur
3184 3647 3198 3670 ,
3236 3618 3339 3657 non
3363 3603 3585 3672 despicit
3619 3602 3743 3657 illos

2162 3700 2323 3766 Dens,
2355 3700 2446 3753 sed
2480 3699 2655 3753 adhuc
2687 3708 2744 3751 ut
2798 3700 3022 3752 redeant
3069 3698 3133 3750 ad
3171 3697 3535 3763 paenitentiam
3560 3704 3742 3761 vocat,

2156 3796 2283 3863 quia
2318 3809 2421 3847 non
2454 3794 2568 3847 vult
2597 3808 2822 3847 mortem
2874 3793 3203 3861 peccatoris,
3255 3792 3346 3846 sed
3379 3801 3434 3845 nt
3460 3803 3743 3846 converta-

2160 3898 2267 3958 tur,
2302 3898 2358 3943 et
2384 3890 2526 3942 vivat
2569 3886 2782 3959 (Ezech.
2816 3902 3023 3953 χχχιιι,
3069 3886 3181 3953 Η).
3232 3885 3372 3954 Ergo
3404 3900 3508 3938 non
3539 3894 3620 3938 est
3650 3884 3744 3937 de-

2158 3983 2485 4049 sperandum
2535 3979 2862 4049 quibuslibet
2916 3978 3325 4046 peccatoribus,
3366 3976 3491 4030 dum
3541 3986 3595 4031 et
3645 3976 3744 4045 ipsi

2164 4075 2313 4141 impii
2350 4074 2413 4126 ad
2446 4088 2593 4141 spem
2628 4072 2977 4142 indulgentia:
3011 4081 3387 4140 provocantur.

2233 4167 2290 4220 4.
2344 4164 2551 4220 Dicitur
2592 4172 2771 4219 autem
2820 4164 3057 4233 posthac
3103 4165 3387 4229 serpenti:
3439 4162 3751 4217 Maledictus

2164 4258 2264 4310 eris
2306 4258 2441 4309 inter
2486 4257 2658 4309 omnia
2709 4256 3016 4311 animantia.
3065 4254 3235 4319 Super
3286 4267 3461 4323 pertus
3508 4265 3647 4306 tuum
3698 4263 3749 4306 et

2165 4362 2386 4403 ventrem
2413 4346 2683 4418 gradieris.
2735 4346 2964 4401 Nomine
3014 4351 3245 4415 pectoris
3298 4346 3630 4416 signiﬁcatur
3655 4359 3750 4398 su-

2170 4441 2353 4508 perbia
2403 4439 2623 4501 utentis,
2675 4441 2891 4493 nomine
2942 4448 3119 4492 autem
3150 4438 3347 4491 ventris
3380 4436 3754 4505 signiﬁcantur

478 4523 612 4586 ritis,
642 4539 707 4577 ea:
732 4521 895 4595 274
922 4540 980 4576 eo
1009 4524 1179 4576 statim
1207 4525 1500 4594 aperientur
1527 4525 1664 4579 oculi
1687 4528 1861 4593 vestri,
1891 4539 1935 4583 et
1957 4530 2061 4583 eri-
2092 4497 2146 4559 Ι)
2172 4530 2439 4585 desideria
2467 4531 2678 4597 carnis;
2712 4530 2795 4584 his
2815 4533 2957 4584 enim
2991 4531 3195 4583 duabus
3227 4530 3384 4583 rebus
3412 4530 3580 4596 serpit
3624 4527 3759 4580 dia—

481 4616 549 4667 tis
576 4624 630 4667 ut
658 4615 756 4673 dii,
782 4614 991 4668 scientes
1024 4614 1208 4667 bonum
1239 4625 1284 4668 et
1317 4616 1537 4668 malum.

482 4801 629 4845 natur
653 4790 987 4855 conscientia,
1025 4806 1087 4845 ex
1116 4792 1415 4859 Augustino
1438 4837 1451 4858 ,
1488 4809 1605 4856 cap.
1647 4795 1728 4849 Η.
1761 4797 1950 4852 ϐιιιιι..

554 4861 693 4916 Ibid.
735 4861 923 4916 Seduci
963 4863 1030 4915 ad
1074 4867 1403 4926 peccandum.
1454 4864 1647 4920 Deduci
1675 4872 1741 4919 ad
1768 4884 2064 4923 consensum

484 4934 709 5002 peccati,
743 4933 1082 5001 Augustinus.
1114 4933 1302 4987 GRIAL.

561 5003 613 5056 6.
644 5001 899 5075 Cancrum
932 5003 1088 5075 jurta
1116 5004 1495 5073 metaphoram,
1529 5022 1696 5075 usque
1742 5007 1805 5060 ad
1855 5011 2064 5063 demon-

484 5083 666 5136 strare,
698 5088 761 5129 ex
794 5088 846 5127 c.
879 5074 969 5127 ‘231.
1000 5073 1189 5128 Gaiae.

558 5141 694 5196 Ibid.
731 5142 881 5219 Nulli
912 5145 1043 5219 enim
1072 5146 1366 5219 loquacius,
1395 5146 1825 5219 atquesubtilius.
1859 5149 2065 5219 Loqua-

489 5214 616 5285 t‘ins,
645 5224 796 5285 atque
815 5216 1119 5285 jactantius,
1149 5216 1494 5284 Augustinus.
1520 5218 1710 5270 Ulli/tl”

566 5282 720 5356 Ibid.’
749 5282 911 5356 Suam
959 5282 1385 5355 dignosceutiam.
1434 5286 1568 5339 Eam
1616 5290 2015 5356 dignosceutiam
2045 5332 2060 5356 ,

491 5353 834 5422 Augustinus.
863 5353 1052 5409 Calai.

561 5424 614 5478 7.
647 5421 837 5497 Contra
862 5429 992 5480 hunc
1038 5442 1200 5497 serp.,
1246 5438 1415 5496 usque
1451 5426 1515 5480 ad
1560 5442 1662 5480 non
1703 5426 1958 5496 Christus,
1992 5446 2057 5483 ex

492 5509 610 5563 cap.
644 5495 735 5548 26.
769 5492 959 5549 ϐιιιΑι..

566 5563 705 5618 Ibid.
748 5563 837 5629 Sic
864 5564 1145 5620 hwreticor.
1176 5567 1381 5621 curiosa
1427 5568 1698 5635 cupiditas.
1742 5566 2012 5623 Callidilas
2044 5614 2058 5636 ,

503 5634 973 5762 \':il;3éithSuperba
1022 5647 1065 5691 cl
1112 5638 1313 5691 curiosa
1361 5634 1632 5709 cupiditas,
1685 5634 2060 5709 Augustinus,

503 5721 547 5759 υ.
583 5740 613 5757 .-
658 5746 670 5761 .
747 5721 886 5761 ltlAL.

498 5721 547 5759 C.
581 5721 670 5761 XO.
697 5721 886 5761 bltlAL.

2170 4623 2326 4679 bolus
2353 4622 2613 4678 adversus
2655 4637 2749 4677 eos
2795 4638 2929 4689 quos
2978 4624 3092 4678 vult
3139 4624 3406 4690 decipere,
3442 4622 3630 4689 idest,
3659 4631 3759 4675 aut
3803 4666 3814 4679 .

2249 4799 2385 4855 Ibid.
2419 4801 2473 4855 In
2502 4801 2721 4869 Vulgata
2755 4816 2768 4852 :
2798 4799 2972 4853 Timeo
3002 4811 3168 4854 autem
3196 4816 3275 4853 ne.
3304 4803 3470 4852 Ant-:v.

2248 4874 2300 4926 9.
2336 4872 2424 4927 Sic
2455 4882 2500 4925 et
2529 4888 2700 4925 omnes
2732 4872 2972 4940 haeretici,
3006 4886 3171 4940 usque
3197 4872 3261 4925 ad
3292 4870 3591 4924 obscuretur
3616 4913 3631 4939 ,
3682 4889 3756 4928 ex

2176 4958 2294 5006 cap.
2338 4944 2430 4997 25.
2466 4944 2656 4996 GRIAL.

2248 5012 2377 5066 CAP.
2416 5029 2467 5066 v.
2498 5015 2561 5066 N.
2594 5018 2641 5067 1.
2669 5012 2830 5067 Foliis
2876 5012 2960 5076 ﬁci
2980 5049 2997 5074 ,
3025 5026 3194 5074 usque
3224 5013 3286 5063 ad
3318 5014 3647 5070 mentiuntur.
3680 5028 3751 5068 ex

2177 5086 2390 5150 cap.l:‘i.
2428 5086 2516 5136 list
2547 5095 2721 5155 autem
2754 5083 3001 5155 [oliisﬁci
3030 5082 3169 5148 apud
3201 5084 3573 5151 Augustinum,
3607 5086 3755 5155 {aliis

2176 5155 2303 5221 ﬁcus
2331 5155 2466 5217 apud
2499 5154 2855 5207 Ambrosium.
2880 5154 3073 5206 limat"

2240 5223 2294 5276 ‘2.
2334 5223 2397 5275 Et
2421 5226 2542 5276 bene
2564 5226 2632 5275 ad
2654 5242 2831 5277 nurum
2882 5234 2991 5291 past
3043 5223 3323 5277 meridiem.
3372 5227 3499 5289 Quis
3537 5241 3638 5276 non
3674 5225 3755 5278 vi-

2170 5292 2294 5347 deat
2326 5296 2491 5361 magis
2522 5309 2818 5363 congruere
2850 5293 3178 5361 allegoriam,
3239 5294 3282 5345 si
3338 5297 3402 5345 rid
3448 5311 3704 5363 vesperam
3734 5338 3752 5363 ,

2169 5380 2233 5415 ex
2258 5363 2425 5433 LXX,
2461 5365 2604 5433 legas
2632 5381 2750 5417 cum
2785 5367 3098 5427 Augustino,
3126 5380 3173 5417 c.
3212 5364 3314 5415 izi?
3353 5366 3546 5416 (inite.

2239 5432 2378 5487 Ibid.
2408 5433 2521 5485 Lux
2546 5435 2638 5487 illa
2670 5436 2961 5503 ferventior.
3004 5434 3116 5487 Lua:
3149 5436 3243 5487 illa
3272 5436 3505 5498 interior,
3540 5438 3757 5503 Angus-

2168 5505 2331 5558 tinus.
2360 5508 2549 5557 (imae.

2185 5574 2549 5697 l"hanimatus
2578 5575 2813 5643 pectoris,
2845 5590 3011 5645 usque
3040 5575 3101 5627 ad
3131 5576 3232 5627 rult
3258 5575 3509 5645 decipere,
3535 5591 3600 5630 ex
3627 5591 3752 5644 cap.

2221 5662 2263 5697 ι.
2349 5660 2488 5697 ιιιιιι..

2180 5645 2263 5701 l7.
2297 5647 2488 5701 ϐιιιιιι.
