4034 6148
215 262 230 282 “
256 295 366 354 est

1090 283 1541 357 QUASSTIONES
1578 283 1642 339 IN
1681 282 1841 340 νεῖ.
1882 280 2181 338 τεετΑιιι.
2205 310 2274 322 -
2306 279 2368 335 lN
2409 257 2722 335 caussis.

3436 280 3542 336 1'22

258 423 484 467 terrena
512 405 830 476 cupiditate,
860 412 914 460 et
944 402 1153 458 luxuria
1223 412 1316 454 aut
1369 401 1634 459 superbiae
1664 399 1848 453 insana
1881 402 1924 456 Α
1956 395 2257 461 doloribus,
2287 393 2496 450 cautior
2525 391 2602 454 lit,
2631 400 2687 446 et
2715 405 2783 446 ne
2808 399 3049 459 corruat,
3083 392 3424 462 obtemperat
3447 410 3535 448 ra-

255 517 442 558 ruma.

333 599 391 653 5.
428 593 499 648 Et
521 603 712 647 terram
733 587 1088 650 manducabis,
1115 585 1166 640 id
1193 595 1296 650 est,
1316 583 1381 638 ad
1414 594 1464 637 te
1493 582 1851 652 pertinebunt,

255 701 398 756 quos
432 693 644 738 terrena
693 680 986 748 cupiditate
1035 676 1333 746 dccepcris.
1387 674 1633 728 Omnibus
1678 674 1853 726 diebus

254 784 376 832 rita
405 787 529 840 tute,
559 775 610 830 id
641 783 756 838 est,
801 772 947 826 omni
973 780 1215 838 tempore
1245 784 1351 838 quo
1391 768 1503 835 agis
1538 767 1675 819 hanc
1707 776 1853 834 pote-

255 880 459 925 statem
483 877 609 922 ante
639 867 780 921 illam
806 865 1044 918 ultimam
1072 877 1281 931 poenam
1308 859 1516 928 judicii.
1547 857 1852 911 Inimicitias

256 979 454 1032 pariam
485 965 620 1016 inter
649 970 698 1014 te
723 967 769 1012 et
803 959 1089 1018 mulierem,
1139 963 1187 1007 et
1228 970 1395 1008 semen
1437 961 1583 1005 tuum
1609 959 1655 1003 et
1683 967 1852 1003 semen

255 1056 423 1108 illius.
457 1055 660 1109 Semen
691 1051 889 1106 diaboli
921 1057 1006 1105 est
1036 1062 1284 1115 perversa
1331 1045 1621 1114 suggestio.
1656 1044 1851 1098 Semen

255 1157 446 1200 autem
479 1143 721 1198 mulieris
748 1143 949 1196 fructus
973 1150 1057 1196 est
1086 1138 1209 1194 boni
1228 1139 1428 1208 operis,
1453 1153 1558 1207 quo
1589 1152 1854 1206 perversa:

254 1233 594 1306 suggestioni
617 1233 904 1288 resistitur.

329 1329 390 1384 6.
423 1329 546 1395 Ipsa
577 1335 739 1395 caput
761 1317 914 1378 illius
942 1330 1218 1387 conteret,
1260 1323 1303 1376 si
1330 1335 1452 1376 eum
1478 1333 1628 1374 mens
1653 1321 1702 1372 in
1734 1319 1853 1386 ipso

256 1421 419 1476 initio
453 1419 614 1474 mala:
642 1415 1002 1486 suggestionis
1028 1413 1284 1470 excludit.
1313 1413 1406 1468 Ille
1432 1412 1711 1466 insidiatur
1741 1412 1850 1464 cal-

252 1527 430 1568 caneo
455 1512 606 1579 ejus,
649 1510 771 1578 quia
824 1517 1080 1572 mentem,
1119 1520 1279 1575 quam
1314 1507 1481 1574 prima
1511 1504 1854 1572 suggestione

255 1621 367 1657 non
392 1601 884 1670 decipit.decipere
909 1598 964 1652 in
995 1598 1155 1652 linem
1187 1597 1615 1661 tendit.Quidam
1648 1607 1846 1663 autem,

249 1693 402 1762 quod
451 1693 655 1744 dictum
688 1700 792 1751 est,
827 1686 1134 1742 Inimicitias
1165 1703 1352 1755 ponam
1375 1688 1506 1741 inter
1528 1696 1576 1740 te
1593 1696 1638 1741 et
1665 1688 1850 1738 mulie-

1960 489 2110 552 tioni,
2138 498 2193 543 et
2223 489 2449 542 libenter
2476 487 2643 540 servit
2668 485 2817 554 quasi
2844 485 2957 540 viro
2983 485 3214 554 jnhenti.

2033 585 2117 636 10.
2150 583 2277 636 Post
2304 582 2420 636 hch
2443 589 2666 636 vocatur
2695 580 2832 633 lleva
2859 581 2984 644 vita,
3003 589 3057 634 et
3081 589 3251 633 mater
3274 581 3539 646 vivorum,
3577 578 3580 583 ’

1958 690 2077 739 qua:
2108 673 2173 725 de
2195 672 2296 726 viri
2327 672 2409 724 sui
2433 672 2598 725 latere
2623 671 2762 724 facta
2793 678 2896 734 est,
2948 678 3002 725 ct
3034 669 3161 724 dicit
3203 671 3460 725 Dominus
3488 671 3540 726 in

1959 764 2248 831 Erungelio
2282 780 2294 814 :
2330 762 2391 816 Si
2414 763 2525 830 quis
2550 777 2650 814 non
2673 761 3056 814 manducauerit
3102 777 3305 815 carnem
3333 779 3497 816 meam
3523 802 3540 829 ,

1956 864 2002 908 et
2035 854 2212 907 biberit
2239 853 2540 922 sanguinem
2570 867 2734 903 meum
2760 892 2774 915 ,
2804 867 2904 903 non
2936 849 3136 903 habebit
3172 851 3226 904 in
3255 867 3309 906 se
3344 852 3497 905 vitam
3520 893 3543 920 ,

1957 953 2009 996 et
2036 943 2217 996 omnia
2262 957 2380 1011 qua:
2411 942 2516 995 illic
2572 940 2965 1010 intelliguntur,
3004 941 3282 994 enucleate
3311 943 3541 996 minuta-

1960 1037 2157 1100 timque
2190 1042 2411 1087 tractata
2466 1033 2736 1087 Christum
2778 1042 2831 1085 et
2873 1031 3168 1086 Ecclesium
3195 1032 3538 1101 praeloquun-

1961 1134 2064 1193 tur,
2098 1129 2213 1180 sive
2245 1126 2298 1180 in
2327 1125 2484 1180 bonis
2512 1125 2852 1189 Christianis,
2882 1125 2995 1180 sive
3050 1128 3101 1179 in
3159 1127 3334 1180 malis.
3359 1128 3540 1198 Neque

1958 1215 2098 1268 enim
2139 1214 2335 1268 frustra
2381 1214 2517 1268 dixit
2556 1215 2844 1282 Apostolus
2876 1229 2888 1265 :
2919 1213 3118 1277 Adam,
3162 1216 3248 1283 qui
3273 1226 3345 1269 est
3372 1218 3541 1286 [arma

1959 1308 2121 1375 [icturi
2144 1304 2322 1376 (Rom.
2349 1323 2402 1371 v,
2433 1305 2545 1377 M),
2563 1317 2615 1361 et
2644 1307 2774 1362 illud
2801 1325 2815 1363 :
2844 1308 3110 1374 Relinquat
3131 1312 3283 1364 homo
3305 1321 3540 1378 patrem;

1955 1408 2009 1452 et
2036 1397 2268 1464 reliqua.

2034 1492 2124 1544 11.
2162 1491 2501 1561 Vocaturqne
2551 1491 2746 1547 dehinc
2797 1499 2971 1547 mater
3017 1493 3257 1548 vivorum
3283 1536 3298 1560 ,
3329 1496 3380 1549 id
3410 1503 3492 1550 est
3521 1535 3540 1562 .

1958 1593 2103 1636 recte
2129 1585 2410 1648 laetorum,
2439 1583 2632 1653 quibus
2680 1586 2950 1638 contraria
2977 1596 3104 1639 sunt
3146 1597 3361 1652 peccata
3388 1627 3402 1650 ,
3425 1602 3544 1656 qua:

1961 1677 2179 1730 nomine
2208 1685 2542 1731 mortuorum
2575 1678 2967 1746 signiﬁcantur.
2999 1677 3115 1732 lam
3145 1693 3274 1734 vero
3303 1693 3396 1748 per
3424 1694 3542 1734 svn-

249 1785 482 1847 uns,de
508 1784 725 1851 Virgine
754 1782 819 1836 de
847 1797 948 1850 qua
981 1780 1238 1835 Dominus
1267 1789 1543 1844 natuscst,
1573 1779 1851 1833 inlellexe-
1887 1774 1933 1833 Β
1967 1770 2188 1824 tentiam
2223 1785 2340 1836 quae
2365 1769 2416 1823 in
2441 1769 2610 1823 virum
2638 1769 2887 1834 infertur,
2911 1771 3046 1823 ratio
3078 1781 3256 1824 nOSIra
3281 1771 3540 1840 arguitur,

248 1889 406 1939 rum,
427 1893 496 1930 eo
517 1875 659 1944 quod
689 1875 778 1929 illo
802 1883 1042 1942 tempore
1065 1887 1130 1926 ex
1154 1888 1212 1926 ea
1246 1872 1498 1926 Dominus
1520 1873 1847 1936 nasciturus,

246 1969 322 2022 ad
376 1968 656 2020 inimicum
710 1963 1141 2027 derincendum,
1200 1973 1252 2016 et
1304 1974 1551 2029 mortem,
1584 1961 1738 2032 cujus
1763 1962 1851 2017 ille

247 2069 451 2113 auctor
479 2067 621 2123 erat,
655 2057 1060 2118 destruendam,
1093 2055 1524 2124 promittebatur.

326 2148 498 2218 276
527 2146 580 2200 7.
615 2146 749 2200 Nam
781 2158 834 2201 et
862 2147 990 2199 illud
1016 2145 1156 2214 quod
1180 2145 1521 2213 subjunctum
1565 2152 1650 2197 est
1677 2161 1689 2195 :
1720 2141 1848 2212 Ipia

247 2249 480 2290 conteret
511 2247 667 2302 caput
697 2248 863 2300 tuum,
895 2247 940 2289 et
973 2245 1026 2288 tu
1071 2235 1393 2289 insidiaberis
1422 2236 1662 2288 calcaneo
1691 2237 1801 2306 ejus
1829 2275 1844 2299 ,

252 2331 365 2382 hoc
393 2328 460 2382 de
493 2327 672 2382 fructu
705 2326 904 2380 ventris
934 2327 1131 2392 Marini,
1163 2328 1250 2395 qui
1283 2336 1366 2379 est
1393 2326 1661 2390 Christus,
1693 2325 1848 2378 inti-lo

249 2420 462 2487 ligant;
497 2417 551 2471 id
579 2427 692 2470 est;
723 2416 798 2469 Tn
832 2431 953 2469 eum
1006 2414 1407 2484 supplantaliis,
1458 2424 1512 2468 nt
1562 2417 1845 2469 moriatur.

253 2509 356 2563 Ille
385 2519 598 2574 autem,
629 2518 682 2562 te
711 2508 872 2574 victo,
909 2517 1188 2574 resurget,
1219 2515 1274 2559 ct
1299 2517 1456 2574 caput
1484 2516 1630 2561 tuum
1663 2517 1848 2562 conte-

249 2612 363 2667 ret,
389 2601 531 2669 quod
565 2611 647 2654 est
706 2614 870 2652 mors.
904 2598 1053 2654 Sicut
1095 2606 1150 2652 ct
1194 2599 1354 2653 David
1388 2601 1595 2653 dixerat
1625 2617 1691 2654 es
1727 2617 1848 2666 per-

245 2706 390 2744 soaa
437 2690 612 2744 Patris
656 2689 720 2744 ad
755 2689 946 2744 Filium
976 2705 989 2740 :
1025 2688 1192 2758 Super
1219 2690 1448 2757 aspidem
1476 2699 1522 2742 et
1555 2689 1845 2744 basiliscum

251 2783 592 2848 ambulabis,
668 2790 717 2836 et
793 2779 1117 2834 conculcabis
1179 2780 1377 2833 leonem
1451 2789 1499 2833 et
1571 2781 1846 2835 draconem

251 2873 489 2940 (Psalm.
534 2875 648 2939 cx).

329 2962 388 3019 8.
424 2965 686 3034 Aspidem
719 2963 850 3017 dixit
876 2971 1104 3018 mortem
1130 3003 1146 3027 ,
1180 2961 1490 3016 basiliscum
1520 2972 1796 3030 peccatum
1827 3007 1844 3032 ,

252 3057 472 3110 lennem
509 3057 919 3121 Antichristum,
951 3056 1238 3110 draconem
1261 3055 1554 3109 diabolum.
1591 3055 1666 3108 De
1687 3070 1840 3121 paena

251 3158 439 3203 autem
497 3148 737 3202 mulieris
783 3148 907 3216 quid
957 3147 1260 3217 signiﬁcat,
1308 3146 1448 3214 quod
1497 3147 1546 3201 ei
1601 3147 1796 3200 dicitur
1828 3164 1842 3200 :
1874 3145 1918 3205 C

254 3238 327 3292 In
354 3237 539 3292 dolore
579 3238 750 3308 paries
785 3238 955 3307 ﬁlios,
1003 3237 1107 3290 nisi
1138 3236 1260 3304 quia
1293 3237 1538 3290 voluntas
1565 3237 1795 3291 carnalis
1825 3277 1841 3302 ,

252 3344 379 3383 cunt
411 3329 646 3398 aliquam
676 3329 868 3382 malam
918 3324 1359 3380 consuetudinem
1407 3327 1518 3380 vult
1576 3325 1797 3380 vincere
1824 3366 1839 3391 ,

254 3433 461 3490 patitur
501 3419 553 3472 in
595 3419 818 3472 exordio
875 3417 1108 3482 dolores,
1133 3425 1292 3486 atque
1321 3418 1388 3470 ita
1422 3431 1516 3485 per
1560 3417 1842 3473 meliorem

251 3509 705 3564 consuetudinem
743 3509 884 3578 parit
925 3508 1119 3561 bonum
1152 3521 1307 3575 Opus,
1338 3506 1488 3577 quasi
1521 3507 1677 3561 filios.

324 3602 381 3657 9.
413 3599 570 3666 Quod
605 3615 732 3654 vero
761 3597 958 3668 adjecit
987 3617 1000 3650 :
1035 3597 1102 3652 Et
1129 3600 1388 3653 conversio
1435 3610 1520 3652 tua
1561 3601 1630 3652 ad
1675 3601 1842 3654 virum

255 3702 403 3744 tuum
429 3735 444 3758 ,
476 3701 524 3744 et
558 3691 668 3758 ipse
719 3690 1066 3742 dominabitur
1097 3690 1170 3742 tui
1200 3689 1342 3744 :hoc
1383 3691 1664 3759 significat,
1700 3692 1840 3761 quod

252 3783 342 3835 illa
379 3782 618 3835 carnalis
653 3781 921 3846 voluntas,
952 3795 1070 3849 qua:
1091 3796 1211 3832 cum
1240 3780 1424 3835 dolore
1456 3782 1837 3847 reluctaverat,

252 3887 309 3928 ut
343 3875 552 3928 faceret
582 3871 1028 3927 consuetudinem
1080 3871 1273 3925 bonam
1295 3911 1311 3937 ,
1341 3872 1453 3938 jam
1483 3871 1612 3940 ipsis
1633 3873 1839 3927 erudita

324 4032 384 4088 5.
415 4032 484 4087 Et
513 4043 704 4086 terram
741 4030 1076 4084 manducabis
1100 4069 1114 4093 ,
1155 4043 1326 4098 usque
1361 4029 1426 4083 ad
1474 4045 1672 4097 pinnam
1693 4031 1846 4103 judio

251 4108 343 4169 cii,
369 4122 432 4157 ex
457 4120 583 4162 cap.
622 4104 704 4156 18.
737 4103 928 4155 (ἶιιιεκι.

325 4175 473 4228 Ibid.
499 4175 684 4227 Semen
717 4173 908 4226 diaboli
929 4216 942 4240 ,
975 4186 1142 4240 usque
1164 4170 1230 4224 ad
1272 4170 1546 4237 resistitur,
1599 4185 1663 4224 ex
1713 4171 1838 4226 eod.

251 4263 305 4302 c.
337 4245 535 4299 GBIAL.

329 4316 477 4369 Ibid.
498 4313 632 4367 Cod.
664 4328 766 4367 ms.
800 4312 1126 4373 Regiovatic.
1151 4309 1280 4370 293,
1309 4312 1373 4366 ad
1407 4325 1598 4380 πηνα..
1632 4321 1684 4364 et
1720 4312 1841 4365 Flo-

253 4397 402 4442 rent.
446 4384 474 4436 1
504 4427 519 4448 ,
573 4393 696 4452 post
735 4385 1014 4450 cupiditate
1059 4383 1315 4450 deeeperis
1361 4384 1506 4437 addit
1560 4399 1573 4434 :
1621 4381 1841 4446 Quando

251 4469 423 4512 autem
454 4457 649 4508 dictum
672 4465 742 4507 est
765 4455 972 4507 diabolo
999 4452 1243 4510 :Terram
1275 4453 1620 4516 manducabis,
1649 4456 1839 4505 dictum

253 4537 406 4583 estet
435 4527 690 4594 peccatori
715 4541 733 4577 :
765 4524 924 4578 Terra
971 4541 1047 4588 es,
1096 4534 1142 4575 et
1186 4524 1238 4574 i‘u
1281 4532 1470 4576 terram
1506 4523 1622 4576 ibis.
1680 4525 1841 4577 Datus

254 4609 328 4653 est
354 4593 480 4669 ergo
517 4598 572 4649 in
593 4597 760 4648 cibum
809 4596 996 4647 diaboli
1040 4604 1290 4663 peccator.
1350 4595 1496 4669 Sicut
1539 4593 1671 4646 enim
1705 4597 1841 4669 quod

255 4666 698 4729 mandiscavimus,
731 4669 784 4718 in
811 4681 997 4734 corpus
1018 4675 1248 4718 uastrum
1269 4666 1596 4729 convertitur,
1622 4672 1675 4714 ut
1706 4666 1842 4718 cbus

254 4743 366 4802 ipse
395 4739 682 4791 secundum
720 4752 901 4804 corpus
931 4736 1024 4788 hoc
1051 4735 1313 4803 elﬁciatur,
1351 4735 1488 4801 quod
1525 4751 1615 4787 nos
1641 4750 1835 4798 sumus,

254 4812 329 4863 sie
373 4826 465 4877 per
494 4811 775 4876 nequitiam
815 4818 862 4860 et
901 4807 1209 4876 impietatem
1248 4807 1346 4857 hoc
1365 4805 1580 4877 e/ficitur
1609 4806 1836 4877 quisque,

254 4874 389 4945 quod
417 4874 659 4932 diabolus
680 4921 695 4943 ,
736 4879 790 4929 id
843 4886 938 4937 est,
973 4874 1164 4929 similis
1214 4877 1346 4945 ejus,
1389 4885 1437 4929 et
1469 4874 1737 4946 subjicitur
1758 4877 1836 4941 ei,

256 4960 386 5002 sicut
421 4951 703 5016 subjectum
741 4957 816 5000 est
857 4948 1000 4999 uobis
1023 4963 1210 5015 corpus
1243 4959 1513 5005 nostrum;
1550 4957 1595 4999 et
1647 4946 1742 4998 hoc
1765 4957 1839 4999 est

251 5022 390 5078 quod
432 5023 624 5073 dicitur
657 5019 951 5071 manducari
975 5033 1009 5070 a
1043 5025 1296 5086 serpente.
1346 5016 1496 5083 Quod
1541 5026 1708 5070 autem
1746 5019 1838 5069 ad-

252 5094 399 5160 jecit,
424 5101 534 5160 _etc.
573 5091 747 5143 Ant-1v.

328 5161 384 5214 6.
413 5158 540 5228 Ipsa
567 5171 722 5224 caput
745 5199 761 5220 ,
794 5173 961 5226 usque
991 5158 1052 5210 ad
1087 5158 1316 5224 decipere
1352 5157 1404 5210 in
1447 5159 1596 5221 ﬁnem
1633 5156 1832 5222 tendit,

260 5232 596 5301 AuguSIinus
630 5247 645 5283 :
679 5230 742 5281 Et
785 5231 900 5282 ideo
932 5232 1155 5301 observat
1179 5233 1288 5301 ipse
1321 5230 1548 5296 plantam
1585 5228 1831 5301 mulieris,

259 5313 315 5353 sit
341 5299 389 5354 ii
416 5303 627 5368 quando
656 5303 710 5352 in
749 5301 930 5352 illicita
958 5300 1144 5353 labitur
1181 5299 1477 5364 delectatio,
1530 5310 1653 5352 tunc
1690 5299 1833 5352 illam

259 5375 453 5434 capiat.
501 5370 567 5423 Et
597 5373 689 5424 illa
726 5372 952 5423 observat
977 5379 1132 5431 caput
1160 5372 1268 5439 ejus
1291 5408 1308 5435 ,
1354 5380 1408 5421 ut
1437 5385 1554 5424 eum
1599 5370 1654 5422 in
1687 5369 1832 5423 initio

259 5446 412 5496 male
442 5444 698 5496 suasionis
725 5442 982 5494 excludat.
1015 5441 1202 5493 GRIAL.

335 5513 470 5566 Ibid.
510 5513 632 5565 l’ust
661 5514 1042 5576 promittebatur
1067 5508 1151 5562 alii
1180 5510 1399 5578 addunt,
1421 5511 1567 5564 Sicut
1589 5509 1640 5561 in
1665 5509 1830 5562 David

260 5590 506 5653 scriptum
545 5592 638 5646 est,
662 5583 736 5636 De
765 5586 933 5649 {ructu
960 5582 1146 5634 ventris
1175 5584 1248 5634 tui
1273 5599 1462 5650 ponam
1492 5597 1642 5651 super
1661 5583 1829 5634 sedem

260 5670 445 5722 tectu."
468 5653 694 5722 (Psalm.
722 5654 929 5716 cum.)
959 5657 1128 5705 Anev.

328 5726 386 5779 8.
413 5721 490 5778 De
520 5739 666 5792 poena
692 5734 860 5778 autem
892 5723 1140 5790 mulieris,
1170 5736 1334 5792 usque
1356 5722 1420 5777 ad
1447 5723 1552 5776 viro
1569 5722 1771 5794 jubcuti
1803 5763 1818 5791 ,

1877 4423 1925 4481 D

1961 1876 2085 1928 quae
2113 1871 2170 1914 et
2197 1876 2360 1927 super
2391 1861 2592 1926 peccati
2624 1860 3054 1929 concupiscentia
3106 1863 3326 1915 seducta
3355 1901 3370 1925 ,
3418 1873 3470 1917 et
3513 1878 3541 1916 a

1959 1952 2204 2019 paradiso
2235 1952 2394 2022 277
2426 1951 2768 2005 beatitudinis
2797 1960 3025 2015 remota,
3087 1951 3247 2005 habet
3279 1951 3546 2006 maledic-

1957 2043 2129 2096 tiones
2160 2052 2391 2098 terrente
2419 2044 2780 2111 operationis,
2815 2041 2972 2096 habet
3004 2052 3060 2095 et
3091 2041 3305 2096 dolores
3338 2054 3544 2111 tempo-

1954 2133 2147 2186 ralium
2180 2147 2452 2195 curarum,
2481 2133 2627 2201 quasi
2652 2134 2835 2199 spinas
2860 2140 2915 2186 et
2947 2132 3194 2186 tribulos.

2027 2227 2115 2282 12.
2155 2227 2242 2284 Sic
2270 2236 2446 2281 tamen
2471 2225 2752 2280 dimittitur
2793 2225 2859 2279 de
2891 2226 3135 2295 paradiso
3173 2225 3537 2289 beatitudinis,

1955 2331 2009 2373 ut
2037 2329 2288 2388 operetur
2316 2330 2534 2382 terram,
2570 2318 2617 2371 id
2643 2327 2744 2382 est,
2772 2325 2828 2369 ut
2850 2317 2901 2370 iu
2933 2331 3156 2386 corpore
3184 2317 3284 2370 isto
3312 2317 3539 2384 laboret,

1953 2421 2004 2465 et
2036 2411 2267 2465 collucet
2307 2410 2407 2464 sibi
2433 2410 2681 2463 meritum
2707 2407 2962 2462 redeundi
3007 2406 3070 2459 ad
3104 2409 3262 2460 vitam
3311 2408 3430 2459 beat
3466 2423 3540 2470 m,

1951 2515 2073 2570 qua:
2097 2501 2324 2570 paradisi
2350 2501 2562 2555 nomine
2585 2500 2933 2566 significatur,
2959 2501 3231 2566 possitque
3259 2497 3542 2567 aliquando

1953 2608 2166 2646 manum
2197 2592 2469 2661 porrigere
2490 2593 2554 2644 ad
2585 2595 2831 2645 arborem
2857 2590 3069 2652 vitaeet
3096 2592 3275 2643 vivere
3305 2590 3356 2642 in
3387 2598 3546 2643 teter-

1954 2699 2099 2734 lllltll.
2132 2682 2317 2735 Manus
2345 2693 2522 2736 autem
2554 2682 2820 2750 porrectio
2848 2681 2983 2734 bene
3012 2680 3273 2748 signiﬁcat
3301 2695 3538 2744 crucem,

1951 2775 2030 2827 vel
2055 2773 2346 2828 cruciatum
2389 2775 2735 2841 ptenitentite,
2766 2789 2858 2841 per
2898 2788 3053 2838 quem
3084 2775 3186 2824 vita
3221 2782 3417 2827 aeterna
3456 2788 3544 2826 re-

1954 2874 2254 2932 cuperatur.
2305 2866 2513 2932 Accipit
2559 2865 2716 2916 etiam
2758 2864 2986 2916 tunicam
3044 2863 3318 2929 telliceam
3362 2861 3543 2920 divino

1947 2954 2174 3024 judicio,
2207 2971 2312 3022 quo
2344 2957 2559 3008 nurnine
2592 2956 2830 3024 corporis
2874 2954 3172 3008 mortalitas
3215 2954 3544 3026 signiﬁcatur

1954 3046 2006 3100 in
2037 3047 2280 3101 historia.

2027 3141 2113 3196 15.
2150 3143 2204 3196 ln
2239 3142 2488 3212 allegoria
2516 3151 2694 3195 autem
2720 3140 2785 3194 de
2811 3141 3118 3194 carnalibus
3143 3139 3384 3193 sen~ihus
3418 3138 3542 3191 abs-

1954 3244 2142 3289 tracta;
2191 3236 2510 3301 voluptates,
2559 3250 2676 3302 quae
2722 3235 3008 3288 carnaliter
3055 3233 3320 3286 viventem
3363 3233 3540 3284 divina

1956 3325 2074 3396 lege
2095 3334 2516 3394 consequuntur,
2539 3333 2595 3380 et
2617 3336 2924 3394 contegunt.
2956 3325 3056 3392 Qui
3088 3327 3128 3378 si
3157 3323 3440 3389 aliquando
3470 3326 3534 3378 ad

1955 3421 2118 3472 lleum
2163 3420 2490 3472 convertitur
2543 3433 2635 3486 per
2689 3418 2985 3471 ﬂainmeam
3037 3419 3314 3478 frameam,
3355 3416 3539 3479 idest,

1954 3524 2048 3578 per
2070 3509 2389 3578 temporales
2436 3509 2817 3574 tribulationes,
2847 3517 3058 3578 peccata
3084 3523 3177 3562 sua
3199 3506 3541 3576 agnoSi-endo

1951 3610 2004 3654 el
2028 3599 2310 3669 gemendo,
2342 3609 2395 3653 et
2425 3615 2518 3667 per
2558 3599 2858 3662 cherubim,
2910 3599 2958 3652 id
2990 3607 3090 3661 est,
3125 3613 3216 3665 per
3245 3597 3537 3666 plenitudi-

1952 3708 2071 3744 nem
2110 3691 2367 3755 scientiae,
2403 3691 2544 3761 quod
2582 3700 2666 3746 est.
2692 3691 2949 3756 charitas,
2982 3692 3260 3760 perveniet
3287 3690 3352 3744 ad
3383 3692 3541 3744 arbo-

1948 3798 2060 3836 rem
2087 3785 2207 3837 vita:
2233 3784 2523 3847 Christum,
2549 3793 2600 3837 et
2629 3785 2769 3839 vivet
2801 3785 2852 3837 in
2883 3795 3162 3838 aeternum.

2021 3877 2109 3931 11.
2152 3877 2442 3932 Cherubim
2492 3891 2722 3946 namque
2768 3877 3044 3946 plenitudo
3076 3876 3314 3931 scientia:
3367 3876 3543 3929 inter-

1955 4047 2021 4086 eat
2053 4047 2104 4087 (ι.
2131 4034 2216 4088 l9.
2245 4034 2435 4088 Cum.

2020 4103 2073 4156 9.
2111 4102 2176 4156 Et
2204 4107 2479 4159 conversio.
2515 4105 2684 4158 Aliter
2714 4103 2958 4175 Vulgata.
2991 4104 3161 4159 Anzv.

2025 4177 2107 4228 ill.
2143 4175 2269 4228 Post
2300 4180 2407 4228 [nec
2436 4186 2643 4229 vocatur
2694 4174 2862 4242 Hera,
2917 4191 3084 4244 usque
3124 4176 3188 4229 ad
3243 4184 3439 4242 patrem
3489 4186 3538 4231 et

1947 4257 2180 4308 matrem,
2209 4261 2273 4298 ex
2301 4262 2373 4300 xu
2403 4257 2589 4300 contra
2620 4245 2803 4299 Fattst.
2830 4288 2844 4309 ,
2879 4261 2927 4301 c.
2961 4243 3016 4299 8.
3052 4247 3227 4314 Atque
3257 4246 3414 4316 hujus
3439 4249 3539 4302 loci

1949 4331 2069 4370 esse
2097 4317 2254 4385 verba
2289 4315 2426 4382 haec,
2457 4316 2764 4385 frustraque
2813 4321 2989 4383 capite
3017 4326 3208 4385 quarto
3233 4319 3284 4370 in
3316 4315 3536 4384 quibus-

1950 4393 2068 4438 nam
2099 4384 2231 4440 Mss.
2260 4387 2385 4456 legi.
2417 4403 2538 4441 cum
2568 4388 2653 4442 hic
2678 4384 2967 4455 repetenda
2998 4384 3202 4450 essent,
3229 4398 3283 4440 et
3314 4404 3398 4440 res
3427 4389 3539 4456 ipsa

1949 4458 2167 4520 indicat,
2199 4466 2252 4509 et
2288 4459 2640 4526 Augustinus,
2673 4473 2709 4510 ll
2739 4459 2806 4511 de
2840 4456 2977 4511 Gen.
3024 4468 3168 4511 cont.
3202 4458 3454 4521 Manich.,
3485 4473 3536 4512 c.

1945 4526 2038 4590 21,
2066 4529 2134 4578 ita
2164 4529 2406 4581 scribens
2445 4546 2456 4579 :
2486 4529 2649 4591 Quem
2669 4537 2838 4580 autem
2864 4545 2964 4582 non
2995 4540 3210 4587 "iuvent,
3249 4531 3391 4595 quod
3421 4538 3533 4590 post

1945 4607 2206 4661 peccatum
2233 4607 2281 4650 et
2311 4600 2618 4653 sententiam
2655 4599 2847 4667 iudicis
2887 4609 3030 4651 vocat
3061 4600 3226 4651 Adam
3267 4599 3534 4650 mulierem

1944 4684 2090 4719 suam
2120 4669 2294 4732 vitam,
2326 4672 2446 4739 quia
2475 4671 2702 4739 vivorum
2743 4671 2852 4734 ipsa
2883 4672 2950 4724 sit
2982 4680 3167 4737 mater,
3198 4679 3532 4737 posteaquam

1946 4740 2131 4790 meruit
2161 4738 2373 4793 mortem
2403 4741 2427 4793 Ρ
2467 4748 2569 4792 ctc.
2615 4738 2810 4794 Cum"

2016 4809 2103 4862 11.
2153 4807 2380 4879 Vocatur
2409 4810 2591 4862 deliine
2621 4822 2784 4863 mater
2807 4809 2961 4863 vivor.
2990 4851 3006 4874 ,
3037 4826 3205 4879 usque
3233 4809 3298 4863 ad
3331 4811 3532 4877 signiﬁ-

1941 4877 2397 4946 cantur,i-jusdem
2421 4892 2546 4934 sunt
2569 4883 2751 4944 verba,
2768 4895 2802 4934 ll
2825 4881 2892 4934 de
2905 4879 3042 4934 Gen.
3067 4877 3243 4935 contr.
3272 4881 3527 4944 Mauich.,

1941 4963 1992 5002 c.
2024 4949 2114 5002 21.
2150 4950 2340 5003 (ἐκιλι.

2013 5020 2122 5092 122
2142 5019 2427 5092 _Sic~tamen
2456 5019 2728 5074 dimittitur
2746 5061 2760 5087 ,
2794 5037 2960 5092 usque
2984 5022 3048 5076 ad
3079 5031 3433 5089 recuperatur,
3466 5037 3532 5077 ex

1938 5105 2054 5157 cap.
2095 5088 2187 5143 22.
2217 5088 2406 5146 ϐαίη.

2011 5160 2095 5213 15.
2118 5163 2396 5234 Abstractie
2420 5162 2720 5230 voluptates.
2751 5162 2978 5216 Attracta
3001 5163 3378 5234 phantasmata,
3407 5179 3527 5232 cap.

1935 5230 2001 5282 9.7
2035 5233 2334 5299 Augustini.
2359 5231 2549 5286 GMAL.

2006 5301 2142 5355 Ibid.
2178 5304 2305 5365 Qua:
2325 5303 2597 5356 carnaliter
2635 5303 2890 5356 viventem.
2917 5303 2990 5355 Ita
3023 5319 3075 5358 ο.
3103 5305 3164 5369 1.;
3195 5321 3310 5372 quia
3339 5321 3526 5358 carna-

1935 5373 2050 5425 liter
2110 5376 2472 5432 mentientem,
2524 5375 2851 5439 Augustinus
2923 5375 3047 5428 ibid.
3078 5418 3091 5435 .
3144 5378 3266 5443 quia
3321 5377 3532 5431 tunicas

1933 5445 2183 5511 pelliceas
2219 5445 2506 5497 mentiendi
2558 5443 2833 5497 libidinem
2879 5447 3260 5514 interpretatus
3309 5447 3522 5500 fuerat:

1934 5515 2108 5569 itaque
2135 5515 2260 5566 nihil
2292 5527 2575 5567 mutamus.
2608 5514 2801 5567 GltlAL.

2002 5582 2140 5636 Ibid.
2174 5587 2272 5649 Qui
2297 5587 2342 5637 si
2365 5585 2662 5652 aliquando,
2691 5600 2856 5653 usque
2895 5584 2959 5637 ad
2997 5585 3220 5639 clmritas
3263 5599 3358 5652 cst,
3387 5596 3526 5642 totus

1932 5654 2078 5711 locus
2109 5656 2454 5710 concinnatus
2486 5672 2546 5710 es
2586 5655 2780 5724 verbis,
2815 5673 2861 5710 c.
2899 5655 2993 5712 25.
3019 5657 3207 5713 ϐιιιλι..
