4064 6170
419 258 425 264 ’
484 292 590 351 223

1523 286 1580 342 S.
1624 284 1875 341 ISIDORI
1916 279 2358 340 lllSPALENSlS
2405 277 2701 335 EPISCOPI

3677 265 3785 322 Ήί

486 420 746 481 pretatur.
768 409 989 465 Framea
1015 419 1141 462 vero
1170 402 1452 470 versatilis,
1477 404 1649 471 posita
1672 403 1736 456 ad
1762 401 2069 459 custodien-
2103 403 2149 460 Α
2178 402 2330 462 mine,
2354 399 2591 451 miserere
2603 397 2723 458 mei;
2740 411 2863 449 sana
2890 396 3111 448 animam
3132 392 3451 460 meam,quia
3480 392 3681 459 peccaui
3701 384 3792 445 tibi

482 502 609 558 da'n
638 502 778 554 viam
810 499 934 567 ligni
966 497 1107 557 vitze,
1139 494 1463 562 temporales
1488 508 1661 561 pcena:
1693 492 2074 558 intelliguntur.

486 592 655 647 Nemo
684 592 828 645 enim
851 598 1023 657 potest
1049 584 1327 655 pervenire
1356 586 1421 637 ad
1459 584 1703 636 arborem
1719 584 1859 645 vitae,
1878 581 1975 635 nisi
2005 594 2095 647 per

489 684 587 738 has
608 683 739 734 duas
756 695 858 737 res.
882 677 1218 732 tolerantiam
1242 676 1445 729 scilicet
1470 674 1831 730 molestiarum
1853 685 1905 727 et
1921 674 2095 728 scien-

488 772 575 823 ιιι·
598 768 1004 835 plenitudinem,
1026 764 1077 818 id
1096 776 1196 824 est,
1216 780 1310 833 per
1323 765 1636 819 charitatem
1655 766 1747 819 Dei
1769 775 1822 819 et
1844 763 2091 831 proximi.

490 857 771 911 Plenitudo
804 855 944 910 enim
978 855 1109 925 legis
1149 854 1386 907 charitas
1415 864 1496 907 est
1534 855 1712 925 (Rom.
1743 870 1856 918 xm,
1886 855 1997 924 10).

1107 945 1335 1000 CAPUT
1401 946 1487 1000 Vl.

726 1038 802 1093 De
842 1037 970 1092 Cain
1009 1048 1059 1091 et
1099 1037 1246 1102 Abel,
1289 1052 1563 1102 eorumque
1601 1037 1859 1108 pragenie.

560 1135 613 1188 1.
655 1134 824 1188 Adam
850 1150 978 1187 vero
1001 1134 1254 1202 cognovit
1288 1132 1484 1186 lievam
1512 1147 1739 1186 uxorem
1772 1146 1944 1193 suam,
1976 1145 2098 1198 qure

486 1225 756 1292 Concepit.
787 1233 840 1276 et
864 1223 1072 1292 peperit
1098 1222 1249 1276 Cain.
1284 1224 1621 1291 Rursumque
1646 1222 1849 1290 peperit
1874 1221 2095 1275 fratrem

488 1315 606 1385 ejus
637 1315 790 1370 Abel.
822 1314 1143 1368 Nativitates
1189 1316 1351 1385 273
1390 1314 1613 1368 duorum
1658 1314 1888 1366 liliorum
1926 1312 2095 1365 Adam

490 1408 892 1464 similitudinem
942 1409 1141 1462 habent
1189 1409 1416 1461 duorum
1443 1409 1784 1476 p0pulorum,
1812 1406 1903 1473 qui
1945 1414 2101 1459 erant

492 1500 721 1555 diversis
760 1498 1088 1569 temporibus
1119 1497 1185 1551 ad
1236 1498 1394 1551 ﬁdem
1424 1499 1657 1563 venturi,
1679 1496 1792 1564 pari
1832 1510 2017 1563 opere,
2043 1502 2101 1549 et

494 1594 741 1649 dissimili
770 1592 1028 1647 cbaritate
1056 1601 1180 1646 ante
1213 1591 1401 1645 Deum.
1436 1589 1560 1645 Fuit
1587 1597 1767 1643 autem
1811 1587 1945 1643 Abel
1979 1602 2100 1657 pas-

494 1698 580 1742 tor
609 1689 816 1750 ovium,
842 1694 897 1739 et
922 1685 1051 1739 Cain
1083 1683 1337 1755 agricola.

2195 488 2367 561 (Psal.
2396 504 2484 552 ιιι,
2512 486 2606 555 5);
2648 485 2926 553 eidemque
2959 493 3197 550 peccato,
3244 481 3476 550 quandiu
3504 481 3553 534 in
3604 496 3790 534 eorum

2194 595 2421 648 corpore
2453 590 2597 632 esset
2639 576 2816 631 adhuc
2845 576 3071 639 mortali,
3106 590 3200 643 per
3241 587 3390 642 spem
3421 573 3605 641 gratiae
3636 572 3792 626 liberi

2196 671 2621 726 dominarentur.

2272 765 2321 816 4.
2364 762 2514 815 Nunc
2545 768 2722 813 autem
2765 759 3073 827 ignorantes
3116 757 3207 811 llci
3233 756 3520 825 justitiam,
3551 763 3607 810 et
3642 769 3795 807 suam

2198 857 2438 912 volentes
2467 855 2814 917 constituere,
2843 852 2971 905 elati
2993 851 3062 904 de
3091 851 3343 918 operibus
3375 850 3530 916 legis,
3563 864 3668 901 non
3692 846 3799 902 bu-

2200 951 2385 1006 miliati
2417 951 2483 1003 de
2515 949 2748 1018 peccatis
2788 947 2922 1010 suis,
2956 959 3059 997 non
3103 945 3458 1012 quieverunt;
3491 942 3585 996 sed
3622 939 3802 995 Oileu-

2197 1042 2393 1095 derunt
2419 1041 2472 1093 in
2500 1039 2728 1107 lapidem
2764 1036 3099 1098 olTensionis,
3137 1044 3191 1089 et
3225 1041 3545 1087 exarserunt
3584 1034 3797 1087 iracun-

2199 1138 2283 1191 dia
2310 1136 2574 1189 adversus
2600 1132 2895 1195 Christum,
2917 1127 3072 1199 cujus
3102 1143 3261 1195 Opera
3296 1127 3537 1182 videntes
3579 1132 3798 1194 accepta

2203 1229 2313 1282 Dro
2341 1242 2481 1289 esse,
2507 1225 2812 1278 doluerunt.

2272 1317 2325 1371 5.
2369 1317 2549 1385 Itaque
2597 1323 2716 1385 post
2747 1314 2861 1367 huic
2903 1310 3167 1366 occiditur
3215 1309 3346 1365 Abel
3380 1309 3554 1363 minor
3597 1319 3724 1363 natu
3769 1324 3801 1361 ει

2203 1409 2365 1465 fratre
2389 1410 2521 1463 Cain
2549 1406 2752 1477 majore
2781 1413 2925 1459 natu.
2947 1402 3223 1457 Occiditur
3251 1402 3497 1455 Christus
3519 1409 3679 1469 caput
3705 1414 3801 1466 po-

2204 1502 2308 1572 puli
2340 1501 2562 1555 minoris
2591 1512 2714 1553 natu
2746 1514 2775 1552 a
2810 1496 3007 1567 populo
3048 1494 3357 1551 Iudaeorum
3400 1493 3607 1564 majore
3654 1504 3805 1559 natu,

2204 1594 2293 1651 ille
2315 1595 2367 1649 in
2398 1608 2610 1662 campo,
2644 1592 2746 1647 iste
2776 1592 2826 1645 in
2852 1589 3113 1645 Calvaria
3136 1589 3275 1643 loco.

2277 1686 2330 1740 6.
2356 1686 2649 1753 lnlerrogat
2673 1684 2811 1739 Deus
2832 1683 2984 1746 Cain,
3016 1696 3121 1735 non
3151 1690 3404 1751 tanquam
3433 1679 3649 1751 ignarus
3678 1694 3804 1734 eum

564 1779 619 1833 2.
661 1779 763 1833 Sed
796 1778 932 1832 sicut
976 1778 1106 1831 Cain
1152 1775 1476 1829 sacriﬁcium
1517 1788 1583 1828 ex
1631 1782 1790 1825 terrae
1835 1770 2096 1826 fructibus
2128 1769 2231 1834 Ba
2260 1795 2366 1848 quo
2395 1779 2588 1843 discat,
2619 1776 2711 1831 sed
2745 1785 2993 1846 tauquam
3021 1774 3190 1844 judes
3221 1790 3374 1830 reum
3407 1789 3566 1841 quem
3600 1773 3810 1843 puniat,

496 1878 813 1945 reprobatur
844 1915 859 1938 ,
905 1873 1039 1927 Abel
1087 1881 1265 1926 autem
1328 1869 1650 1925 sacriﬁcium
1691 1882 1759 1922 ex
1807 1866 1998 1919 ovibus
2042 1873 2099 1919 et

498 1984 680 2023 earum
710 1966 867 2033 adipe
896 1964 1202 2033 suscipitur,
1232 1963 1305 2017 ita
1348 1961 1480 2017 Novi
1510 1958 1841 2015 Testamenti
1871 1957 2001 2011 ﬁdes
2028 1972 2096 2010 ex

497 2056 801 2112 innocentia
843 2065 988 2124 grata
1036 2055 1199 2109 Deum
1252 2053 1476 2107 laudans
1519 2050 1726 2104 Veteris
1766 2048 1843 2103 Te
1877 2046 2097 2101 tamenti

499 2147 728 2202 terrenis
767 2145 1020 2213 operibus
1065 2146 1428 2213 anteponitur.
1476 2140 1618 2194 Dixit
1664 2139 1801 2192 Deus
1838 2137 1906 2191 ad
1946 2136 2097 2205 Cain,

497 2244 543 2295 si
574 2252 706 2296 recte
733 2240 941 2310 oﬂ‘eras,
968 2251 1103 2294 recte
1131 2249 1302 2293 autem
1330 2254 1429 2290 non
1458 2234 1679 2298 dividas,
1711 2232 1952 2302 peccasti.
1988 2229 2101 2285 Uti-

500 2348 605 2403 que
644 2332 766 2403 quia
797 2330 893 2385 etsi
924 2330 1093 2387 Jndmi
1140 2340 1292 2383 antea
1336 2339 1481 2381 recte
1514 2326 1600 2377 illa
1635 2324 1898 2385 fecerunt,
1933 2322 1984 2375 in
2034 2335 2100 2376 eo

506 2437 683 2480 tamen
728 2424 1055 2479 inﬁdelitatis
1106 2424 1180 2477 rei
1230 2430 1374 2487 sunt,
1402 2422 1545 2488 quia,
1578 2418 1793 2473 Christo
1824 2417 2098 2483 veniente,

506 2518 617 2584 jam
651 2527 860 2583 tempus
888 2514 1017 2571 Novi
1048 2514 1375 2569 Testamenti
1404 2528 1433 2565 a
1464 2521 1705 2580 tempore
1729 2509 1937 2563 Veteris
1962 2508 2098 2563 Tes-

506 2608 731 2662 tamenti
763 2622 867 2661 non
901 2607 1288 2661 distinxerunt.

573 2699 626 2753 5.
643 2700 791 2767 Quod
818 2703 861 2754 si
885 2701 1308 2769 obtemperasset
1326 2700 1435 2754 Deo
1454 2699 1584 2754 Cain
1609 2698 1839 2753 dicenti:
1865 2699 2096 2766 Quiesce,

502 2794 592 2847 sub
619 2805 665 2847 te
688 2794 783 2846 erit
805 2795 1062 2858 appetitus
1105 2802 1241 2856 tuus,
1272 2804 1323 2847 et
1364 2802 1419 2845 tu
1454 2792 1797 2847 dominaberis
1841 2792 2003 2855 illius,
2035 2791 2100 2845 ad

503 2899 561 2938 se
589 2884 942 2940 convertisset
966 2895 1242 2952 peccatum
1289 2900 1469 2949 suum,
1499 2884 1598 2938 sibi
1629 2888 1731 2939 hoc
1760 2884 2022 2947 tribuens,
2048 2894 2104 2937 et

504 2978 769 3032 conﬁtens
795 2977 936 3040 Deo;
961 2992 1024 3031 ac
1049 2980 1126 3032 sic
1155 2977 1370 3047 adjutus
1418 2976 1764 3046 indulgentiae
1793 2976 1960 3044 gratia
1990 2975 2103 3042 ipse

507 3076 725 3137 peccato
753 3083 851 3123 suo
875 3070 1261 3133 dominaretur,
1292 3083 1395 3121 non
1421 3069 1511 3123 illo
1532 3067 1631 3122 sibi
1655 3066 1966 3121 dominante
1990 3080 2103 3119 ser-

2202 1885 2256 1928 et
2275 1873 2432 1927 dicit:
2462 1870 2560 1927 Ubi
2580 1874 2643 1925 sit
2670 1871 2832 1940 frater
2864 1871 3020 1941 ejus?
3050 1869 3138 1922 ille
3167 1868 3450 1936 respondit
3477 1867 3688 1922 nescire
3726 1883 3811 1933 se,

2203 1980 2301 2020 nec
2342 1965 2456 2032 ejus
2490 1978 2550 2018 se
2591 1977 2712 2017 esse
2744 1961 3043 2015 custodem.
3080 1960 3259 2031 Usque
3303 1976 3442 2013 nunc
3486 1959 3622 2028 quid
3653 1959 3815 2014 nobis

2205 2057 2531 2126 respondent
2554 2054 2750 2118 Judaei,
2784 2069 2905 2108 cum
2948 2069 3043 2108 eos
3070 2065 3375 2109 sanctarmn
3408 2053 3813 2122 Scripturarum

2202 2166 2332 2205 voce
2364 2150 2753 2218 interrogamus
2796 2146 2862 2201 de
2890 2145 3154 2200 Christo?
3208 2146 3282 2198 I'li
3315 2145 3524 2199 nescire
3556 2161 3620 2200 se
3654 2144 3814 2200 Chri-

2203 2252 2340 2294 stum
2373 2240 2716 2308 respondent.
2745 2236 2930 2292 Fallax
2957 2237 3098 2292 enim
3121 2236 3252 2292 Cain
3281 2237 3563 2308 ignoratio,
3583 2238 3818 2293 ,Ιυάωο-

2204 2346 2321 2384 rum
2354 2336 2437 2383 est
2467 2328 2597 2381 falsa
2622 2328 2850 2397 negatio.

2275 2423 2325 2474 7.
2364 2420 2557 2473 Essent
2588 2430 2767 2472 autem
2796 2418 3025 2488 quodam
3056 2418 3216 2472 modo
3237 2417 3437 2472 ChriSIi
3472 2412 3814 2487 cus'odes,si

2203 2512 2555 2569 Christianam
2592 2513 2747 2564 ﬁdem
2787 2511 3030 2578 accipere
3072 2525 3131 2565 ac
3171 2510 3441 2565 custodire
3490 2511 3812 2568 voluissent.

2207 2605 2351 2659 Dixit
2384 2605 2517 2656 Deus
2546 2606 2611 2656 ad
2637 2603 2762 2656 Cain
2790 2620 2808 2658 :
2831 2604 2968 2667 Quid
2991 2604 3192 2673 fecisti?
3216 2619 3313 2656 vos:
3337 2605 3606 2675 sanguinis
3634 2607 3816 2673 fratris

2203 2697 2277 2749 tui
2306 2697 2491 2749 clamat
2542 2697 2610 2746 nd
2655 2711 2733 2747 me
2777 2693 2839 2746 de
2876 2704 3030 2747 terra.
3064 2693 3156 2749 Sic
3191 2696 3367 2763 arguit
3415 2696 3469 2748 in
3519 2695 3815 2766 Scripturis

2204 2791 2405 2846 sanctis
2439 2806 2542 2843 vox
2574 2790 2753 2842 divina
2783 2787 3018 2843 Judzeos.
3055 2788 3226 2842 Habet
3270 2788 3409 2842 enim
3442 2805 3688 2858 magnam
3719 2806 3820 2843 vo-

2202 2900 2319 2939 cem
2352 2883 2548 2937 Christi
2576 2883 2795 2952 sanguis
2822 2884 2873 2935 in
2908 2892 3046 2936 terra
3076 2898 3090 2946 ;
3116 2897 3234 2935 cum
3276 2882 3441 2947 enim,
3476 2880 3820 2938 sacramento

2204 2988 2448 3046 accepto,
2474 2979 2541 3031 ab
2570 2978 2815 3029 munibus
2841 2975 3088 3045 gentibus
3110 2976 3464 3044 respondetur
3490 2976 3671 3042 Amen,
3699 2977 3821 3033 lia-c

2205 3081 2288 3125 est
2309 3086 2411 3124 vox
2443 3072 2605 3135 clara,
2650 3084 2751 3123 vox
2805 3066 3099 3137 sanguinis,
3143 3082 3303 3137 quam
3354 3069 3572 3138 sanguis
3600 3071 3699 3123 iste
3721 3086 3821 3125 ex-

507 3173 603 3211 rus
629 3167 773 3213 esset
800 3158 1024 3228 peccati,
1053 3173 1150 3211 nec
1180 3157 1396 3211 fratrem
1425 3156 1711 3211 occidisset
1734 3157 2096 3219 innocentem,

2219 3163 2388 3231 primit
2408 3177 2474 3217 ex
2500 3177 2594 3215 ore
2619 3161 2851 3215 ﬁdelium
2876 3162 3065 3215 eodem
3099 3162 3357 3229 sanguine
3388 3161 3819 3228 redemptorum.

508 3252 585 3304 sic
626 3250 910 3317 etJudmi,
950 3251 1001 3303 in
1048 3265 1270 3316 quorum
1322 3249 1436 3302 luce
1483 3250 1646 3319 ﬁgura
1689 3247 2031 3318 gerebantur,
2056 3246 2103 3300 si

509 3343 843 3410 quiescerent
889 3358 916 3392 ει
962 3355 1059 3393 sua
1094 3340 1517 3408 perturbatione,
1552 3347 1636 3404 et,
1672 3350 1881 3405 tempus
1912 3335 2105 3390 salutis

510 3433 839 3502 pergratiam
867 3434 918 3484 in
945 3433 1311 3485 remissionem
1341 3432 1502 3501 279
1520 3440 2107 3499 peccatorumcognos-

511 3535 716 3588 centes,
745 3523 990 3576 audirent
1016 3522 1286 3576 Christum
1310 3523 1613 3575 dicentem:
1642 3520 1765 3575 Non
1786 3527 1897 3577 veni
1929 3538 2111 3579 vocare

513 3615 698 3685 justas,
729 3612 820 3665 sed
844 3619 1127 3682 peccatores
1157 3613 1225 3665 ad
1252 3612 1617 3680 paenitentiam,
1644 3623 1767 3668 tunc
1796 3615 1862 3668 ad
1893 3630 1952 3670 se
1981 3630 2108 3669 θου-

514 3712 785 3758 verterent
832 3714 1105 3772 peccatum
1166 3719 1321 3758 suum
1365 3706 1418 3759 in
1468 3706 1821 3768 confessione,
1870 3708 2006 3761 sicut
2057 3709 2106 3761 in

515 3795 727 3851 l‘salmo
748 3812 814 3851 xx.
829 3796 1084 3865 scriptum
1099 3807 1199 3860 est,
1217 3797 1425 3852 medico
1438 3796 1675 3854 dicentes
1696 3816 1707 3851 2
1732 3798 1844 3870 Ego
1860 3801 1987 3864 dixi,
2011 3798 2112 3855 Do-

590 3930 717 3985 CAP.
746 3946 817 3983 Vl.
868 3929 930 3984 N.
967 3930 1018 3985 1.
1056 3927 1366 3984 Nativilates
1405 3932 1627 3984 duorum
1665 3932 1909 3999 filiarum,
1939 3948 2106 3997 usque

517 4002 583 4056 ad
637 4007 894 4069 plantutus
926 4003 1216 4064 paradisus,
1246 4003 1524 4069 desumpta
1558 4012 1683 4056 sunt
1709 4006 1887 4057 omnia
1909 4020 1972 4057 ex
2001 4006 2107 4057 Au-

517 4074 715 4139 gustini
747 4088 817 4143 xu
852 4080 1035 4123 contra
1075 4071 1351 4143 Faustum,
1369 4087 1487 4140 cap.
1507 4072 1558 4135 9,
1576 4083 1629 4125 et
1645 4084 1869 4139 quatuor
1885 4088 2114 4143 sequen-

521 4146 683 4207 tibus,
708 4142 850 4195 unde
880 4150 1004 4194 sunt
1027 4141 1270 4208 quaedam
1298 4144 1601 4196 emendata.
1635 4144 1827 4197 GRIAL.

591 4214 647 4267 5.
692 4210 772 4265 Ex
820 4212 1109 4264 innocentia
1134 4220 1300 4278 grata.
1334 4209 1527 4267 Gratia:
1556 4216 1883 4281 Augustinus
1932 4229 1995 4267 ea:
2036 4214 2117 4266 in-

518 4282 765 4353 nocentia:
783 4282 967 4353 gratia,
995 4283 1241 4353 impress.
1274 4281 1464 4336 GRIAL.

2279 3255 2329 3307 8.
2378 3252 2519 3306 Dixit
2547 3253 2685 3306 Deus
2713 3253 2781 3304 ad
2821 3252 2950 3306 Cain
2977 3268 2997 3307 :
3034 3250 3104 3305 Et
3147 3268 3281 3306 nunc
3310 3251 3615 3305 maledictus
3645 3254 3745 3305 eris
3784 3269 3823 3306 α

2207 3354 2366 3410 terra,
2387 3362 2502 3415 qua:
2519 3345 2683 3415 280
2708 3346 2908 3410 aperuit
2936 3360 2992 3398 os
3020 3354 3254 3407 suum,et
3275 3345 3493 3410 suscepit
3514 3346 3823 3415 sanguinem

2211 3436 2390 3504 fratris
2438 3436 2512 3488 tui
2542 3436 2606 3487 de
2654 3451 2810 3487 manu
2838 3443 2948 3488 tua.
3002 3433 3317 3490 Maledictus
3347 3445 3427 3487 est
3459 3434 3598 3488 enim
3649 3450 3824 3503 popu-

2213 3528 2294 3580 lus
2321 3526 2625 3580 Judteorum
2669 3524 2899 3580 inﬁdelis
2937 3539 2969 3579 a
3016 3532 3180 3590 terra,
3214 3525 3269 3578 id
3302 3533 3403 3586 est,
3436 3526 3504 3577 ah
3548 3525 3820 3589 Ecclesia,

2214 3632 2333 3685 qua:
2363 3616 2574 3685 aperuit
2602 3629 2663 3668 os
2693 3629 2847 3669 suum
2872 3615 2923 3669 in
2946 3613 3284 3669 confessione
3310 3623 3649 3682 peccatorum
3676 3615 3825 3668 acci-

2218 3723 2344 3775 pere
2388 3708 2697 3775 sanguinem
2743 3704 2972 3770 Christi,
3019 3704 3107 3774 qui
3157 3704 3363 3759 effusus
3409 3717 3493 3761 est
3538 3706 3589 3759 in
3627 3706 3824 3760 remis.

2215 3800 2420 3854 sionem
2452 3808 2790 3868 peccatorum
2828 3798 3064 3853 omnium
3108 3797 3177 3853 de
3205 3814 3365 3853 manu
3418 3801 3777 3870 persecutoris
3799 3842 3823 3867 ,

2210 3932 2349 3985 uitur
2378 3931 2492 3985 hteo
2515 3931 2665 3984 addit
2690 3948 2701 3982 :
2731 3930 2994 3997 Quaeritur
3020 3942 3187 4001 autem
3231 3947 3324 3984 cur
3353 3931 3485 3986 Deus
3505 3935 3821 4001 sacriﬁcium

2215 4005 2337 4077 Abel
2365 4003 2603 4077 suscepit,
2634 4011 2735 4077 eta
2764 4002 3015 4077 sacriﬁcio
3067 4000 3194 4077 Cain
3228 4005 3401 4077 oculos
3438 4019 3562 4077 suos
3610 4000 3823 4077 auertit,

2217 4074 2315 4125 nisi
2337 4075 2454 4141 quia
2484 4089 2584 4125 non
2615 4073 2709 4140 fuit
2736 4071 2960 4123 clmritus
2990 4074 3045 4125 iu
3088 4072 3239 4136 Cain,
3272 4084 3317 4124 et
3347 4074 3447 4125 nisi
3477 4084 3606 4129 esset
3636 4071 3813 4129 citari;

2220 4152 2296 4196 tas
2318 4144 2370 4195 in
2390 4142 2533 4206 Abel,
2571 4159 2673 4195 non
2703 4142 2954 4213 acciperet
2997 4142 3132 4194 Deus
3170 4144 3479 4210 sacri/icium
3516 4151 3645 4213 ejus.
3686 4144 3823 4200 Cum

2224 4216 2359 4266 enim
2403 4212 2550 4265 ambo
2577 4212 2817 4264 obtulisse
2839 4221 2898 4274 rt,
2921 4213 3007 4266 ille
3049 4214 3112 4263 de
3143 4215 3391 4281 [rm-tibus
3423 4212 3592 4279 (errat,
3644 4216 3732 4271 ille
3758 4220 3826 4272 de

2225 4282 2467 4352 fructibus
2497 4284 2683 4343 ovium,
2738 4298 2886 4334 nemo
2927 4291 3069 4352 putet
3094 4284 3215 4354 quia
3268 4282 3401 4338 Deus
3432 4286 3627 4354 fructus
3668 4298 3825 4341 terra:

592 4351 733 4405 Ibid.
784 4350 1141 4424 Ifinteponitur:
1176 4350 1327 4424 _PoSt
1373 4357 1485 4406 tunc
1523 4352 1683 4407 verba
1724 4352 2117 4423 interjiciuntur
2146 4356 2203 4415 lt
2223 4350 2459 4422 neglexit,
2493 4363 2539 4405 et
2579 4354 2713 4423 fetus
2734 4355 2901 4405 ovium
2929 4350 3113 4424 elegit.
3148 4353 3267 4405 Non
3312 4350 3525 4408 intendit
3567 4356 3704 4412 Deus
3748 4359 3824 4410 ad

520 4424 763 4493 quadam
795 4421 847 4476 in
880 4422 1061 4476 Codic.
1096 4420 1210 4475 Val.
1244 4430 1301 4477 et
1331 4424 1566 4492 Cumpl..
1615 4439 1733 4487 qua:
1763 4420 1937 4478 aliena
1967 4440 2108 4490 esse,

524 4495 673 4550 locus
697 4494 982 4564 Augustini
1014 4493 1363 4561 interruptus,
1416 4506 1472 4548 et
1499 4494 1587 4548 alii
1622 4494 1741 4548 libri
1776 4510 1905 4549 mss.
1938 4506 1989 4548 et
2013 4496 2112 4548 im-

527 4564 719 4632 pressi,
744 4580 772 4616 a
798 4565 993 4633 quibus
1026 4565 1242 4629 absunt,
1282 4568 1414 4619 satis
1443 4564 1741 4620 ostendunt
1769 4582 1783 4629 ;
1836 4577 1889 4618 et
1918 4566 1961 4619 si
1984 4566 2109 4634 quid

523 4638 574 4691 iu
608 4637 688 4689 eis
720 4637 832 4687 sani
864 4644 967 4696 est,
1010 4634 1328 4703 paulo_post
1362 4639 1634 4703 repetitur.
1661 4635 1739 4702 Qu
1760 4655 1789 4687 ιε
1820 4645 1995 4689 tamen
2030 4637 2115 4690 hic

524 4706 710 4759 referri
736 4706 863 4759 nihil
889 4705 1147 4759 obl'uerit:
1175 4701 1280 4757 Iste
1300 4701 1467 4759 autem
1485 4708 1623 4776 ﬁlius
1645 4701 1787 4771 Cain,
1804 4708 1891 4775 qui
1912 4717 2116 4759 vocatur

528 4777 725 4837 Enoclt,
752 4777 804 4828 in
825 4777 971 4845 cujus
993 4776 1197 4828 nomine
1222 4781 1424 4828 condita
1446 4789 1515 4830 est
1537 4780 1728 4843 civitas,
1750 4777 2115 4841 interpretatur

524 4847 779 4902 dedicatio
796 4861 816 4911 ;
841 4848 1114 4914 impiorum
1135 4848 1268 4898 enim
1298 4850 1550 4901 dedicatio
1575 4850 1628 4899 in
1658 4848 1753 4900 hac
1781 4849 1883 4900 uita
1901 4850 2117 4915 fundata

523 4930 615 4972 est.
653 4915 830 4970 Enoclt
853 4928 1021 4969 autent
1039 4919 1213 4986 justus
1252 4920 1313 4969 ab
1347 4921 1510 4971 Adam
1543 4928 1784 4984 septnnus
1814 4929 1859 4971 et
1900 4919 2007 4979 ipse
2031 4919 2119 4970 de-

524 4991 714 5043 dicatio
734 4992 849 5042 item
880 4985 1089 5041 dicitur.
1140 4985 1246 5039 Sed
1277 4990 1550 5042 translatus
1588 4990 1800 5041 ostendit
1820 4990 1986 5056 justas
2008 4990 2119 5056 (per

525 5063 662 5130 quod
703 5062 812 5124 ipse
836 5070 909 5113 est
947 5058 1210 5127 septimus)
1232 5058 1283 5130 in
1317 5061 1449 5125 ﬁne.
1471 5061 1564 5111 hoc
1585 5061 1728 5111 estin
1767 5062 1978 5126 septimo
2001 5059 2117 5112 mil-

528 5129 703 5183 lesimo
724 5146 979 5182 annorum
1004 5130 1066 5182 ab
1090 5134 1182 5180 hac
1204 5129 1524 5183 dedicatione
1545 5138 1757 5182 terrena:
1789 5130 2005 5182 civitatis
2025 5130 2119 5181 ab-

528 5203 707 5254 ituros.
741 5200 814 5254 De
836 5216 937 5270 qua
966 5210 1232 5255 sententia
1257 5204 1411 5268 paulo
1443 5207 1583 5268 post,
1617 5200 1718 5253 hoc
1754 5201 1942 5251 eodem
1970 5215 2111 5267 (ξιιμ,

531 5280 581 5321 et
607 5270 658 5323 in
693 5271 1117 5334 expositionibus
1150 5274 1318 5327 Emd.
1370 5286 1419 5325 c.
1452 5286 1597 5333 χχιιι,
1626 5270 1930 5333 importune
1968 5287 2122 5339 repe-

532 5340 648 5402 tita,
674 5340 797 5404 quid
827 5342 1139 5405 sentiamus,
1167 5359 1289 5397 mox
1323 5344 1578 5395 dicemus.
1609 5339 1800 5393 Galae.

604 5406 739 5462 Ibid.
771 5408 823 5463 ln
844 5410 1082 5478 Vulgata:
1121 5413 1306 5468 Nonne
1334 5416 1375 5467 si
1408 5414 1530 5465 bene
1558 5413 1737 5477 egeris,
1772 5411 1980 5471 recipies
2002 5427 2019 5475 ;
2044 5413 2124 5465 sin

532 5491 697 5554 autem
727 5481 875 5536 unde.
891 5484 1065 5554 statim
1091 5487 1142 5539 in
1179 5487 1368 5554 [oribus
1396 5493 1655 5554 peceatum
1684 5479 1883 5554 aderit?
1907 5483 2008 5554 θεά
2033 5485 2126 5534 sub

534 5561 583 5603 te
609 5553 701 5604 erit
731 5552 982 5618 appetitus
1011 5556 1153 5621 ejus,
1179 5550 1226 5607 et
1250 5564 1306 5606 tu
1335 5550 1677 5606 dominaberis
1711 5550 1872 5603 illius.
1903 5551 1979 5604 De
2011 5568 2127 5605 ver-

535 5622 686 5675 sione
722 5637 878 5688 quant
923 5628 1165 5691 sequitur
1207 5625 1467 5682 Isidorus.
1512 5623 1632 5677 vide
1670 5634 2019 5677 connuentar.
2061 5625 2124 5677 ad

536 5690 901 5759 l‘l‘udculimn.
934 5708 1049 5763 pag.
1075 5694 1197 5751 495.
1234 5695 1409 5751 Codex
1443 5694 1672 5750 Floteut.
1705 5693 1754 5755 1,
1776 5703 1895 5763 post
1921 5700 2126 5761 antepa-

2221 4442 2426 4487 munus,
2450 4426 2538 4478 sed
2566 4426 2617 4477 iu
2658 4425 2810 4475 corde
2832 4425 2978 4489 ridit,
3012 4438 3058 4477 et
3085 4440 3237 4491 quem
3279 4425 3403 4477 vidit
3426 4443 3538 4479 tum
3575 4429 3826 4483 churitate

2215 4496 2331 4560 o'f'ei
2346 4511 2429 4556 re,
2451 4496 2608 4560 ipsius
2629 4495 2939 4560 sacriﬁcium
2964 4496 3184 4561 respexit
3207 4513 3219 4551 :
3251 4512 3401 4564 quem
3429 4498 3555 4548 υὶάὶι
3584 4514 3697 4549 cum
3726 4500 3826 4551 ξη-

2218 4565 2355 4618 v;diu
2381 4564 2583 4632 o/ferre,
2601 4566 2661 4616 ob
2677 4564 2840 4637 ipsius
2861 4567 2998 4637 sacri
3004 4566 3119 4633 ﬁcio
3136 4581 3166 4617 ο
3188 4568 3308 4637 ἰιιᾳς
3327 4570 3521 4621 avertit.
3545 4568 3679 4632 Alia,
3699 4586 3824 4637 qua:

2218 4637 2319 4689 hoc
2366 4639 2480 4691 loco
2530 4636 2681 4690 affert
2729 4635 2959 4690 Crialius
3005 4652 3071 4689 ex
3127 4638 3226 4692 Ms.
3262 4636 3373 4689 νει.
3405 4650 3457 4690 et
3494 4635 3727 4704 Compl.,
3769 4642 3822 4694 in

2219 4706 2366 4830 ἔξιθι.
2412 4708 2433 4760 1
2484 4715 2695 4761 exstant
2743 4722 2891 4759 num.
2933 4704 3028 4773 ‘29.,
3077 4706 3164 4760 ubi
3226 4707 3296 4761 de
3356 4708 3575 4763 llenoch
3621 4722 3818 4780 agitur.

2271 4792 2392 4830 ιιι-ν,

2271 4794 2299 4830 Β
2311 4792 2392 4829 κν,

2290 4846 2342 4900 5.
2377 4847 2653 4913 Eidemque
2682 4857 2905 4919 peccato.
2943 4846 3004 4901 Ei
3024 4846 3267 4917 denique.
3298 4849 3646 4919 Augustinus,
3674 4851 3819 4908 facili

2219 4921 2389 4986 lapso.
2422 4920 2615 4973 CntAL.

2294 4989 2430 5044 Ibid.
2468 4990 2591 5043 Post
2620 4989 2837 5041 verbum
2886 4988 3158 5053 dicentem,
3187 4988 3275 5041 alii
3305 4989 3540 5044 addunt:
3595 4990 3716 5043 Non
3745 5004 3823 5046 est

2222 5076 2347 5128 apus-
2377 5061 2512 5113 sonis
2541 5062 2786 5115 medicus.
2811 5058 2872 5111 Et
2904 5062 3084 5111 iterant
3107 5075 3126 5112 :
3158 5061 3337 5112 Omnis
3365 5061 3601 5130 qnifttcit
3629 5078 3819 5130 pecca-

2224 5142 2351 5193 tum,
2369 5147 2537 5183 seruus
2560 5140 2632 5183 est
2658 5132 2867 5195 peccati.
2903 5129 2966 5183 Et
2987 5132 3201 5183 iterum:
3232 5132 3292 5183 Si
3322 5148 3406 5183 vos
3431 5129 3601 5183 Filius
3631 5129 3823 5185 libera-

2224 5202 2367 5267 verit,
2396 5217 2509 5254 vere
2533 5202 2674 5253 liberi
2706 5203 2862 5254 eritis.
2882 5199 2945 5252 Et
2974 5202 3189 5254 iterum:
3216 5200 3337 5253 Non
3368 5203 3495 5254 veni.
3527 5202 3699 5255 Auev.

2297 5273 2348 5325 7.
2381 5272 2505 5325 Cum
2525 5272 2678 5335 enim,
2727 5283 3040 5325 sacramento
3066 5284 3292 5342 accepto.
3319 5270 3465 5335 Cum,
3492 5289 3550 5325 eo
3577 5287 3812 5343 accepto,

2226 5343 2569 5405 Augusnnus.
2602 5347 2768 5396 Cum.

2303 5410 2436 5465 Ibid.
2461 5411 2808 5476 Respondetur
2824 5412 3003 5464 Amen.
3029 5411 3101 5465 Ita
3116 5413 3536 5480 reSpondehatur
3552 5413 3601 5465 in
3618 5413 3825 5467 utrius-

2228 5501 2330 5553 que
2356 5485 2552 5553 speciei
2586 5485 2981 5553 communione.
3016 5485 3327 5537 Ambrosius
3355 5484 3420 5536 de
3443 5498 3687 5553 corpore,
3715 5485 3815 5538 lib.

2234 5551 2283 5608 tv
2315 5556 2379 5607 de
2407 5552 2682 5624 Sacratn._;_
2707 5551 2835 5603 DtCll
2860 5554 2946 5605 tibi
2964 5557 3201 5608 sacerdos
3221 5553 3448 5624 :.Corpns
3467 5552 3676 5615 Christi,
3691 5566 3739 5605 et
3759 5564 3822 5607 tu

2232 5627 2356 5677 dicis
2376 5639 2396 5679 .-
2426 5626 2602 5696 Anien.
2637 5622 2749 5696 Hoc
2768 5633 2839 5676 est
2870 5638 3080 5691 verum;
3125 5628 3263 5696 quod
3305 5622 3575 5694 conﬁtetur
3611 5627 3822 5695 lingua,

2234 5706 2393 5751 tctuat
2420 5695 2649 5766 affectus.
2678 5694 2868 5751 GRIAL.
