4064 6170
265 210 381 265 33$

1100 220 1552 288 ρυΑεετιοΝεδ
1590 225 1657 280 ΙΝ
1699 226 1857 283 VET.
1895 228 2291 286 TESTAM.--
2320 234 2385 291 IN
2423 237 2732 296 GENESIN.

3459 256 3563 317 136

268 326 506 381 nolentis
548 340 667 381 esse
700 328 799 383 sub
839 330 1031 398 gratia,
1076 333 1171 387 sed
1215 335 1315 388 snh
1359 335 1494 406 lege,
1528 348 1586 391 ut
1621 350 1768 395 esset
1802 340 1870 393 ab
1897 341 1947 401 Α
1976 357 2044 399 ne
2071 347 2258 413 etiam,
2288 364 2454 418 regno
2484 360 2700 407 terreno
2736 356 2942 423 perdito
2970 402 2985 425 ,
3037 364 3135 418 ista
3168 365 3361 423 visibili
3391 382 3564 428 murto

264 420 507 476 Ecclesia
533 422 877 484 maledictus,
906 424 959 477 id
982 434 1088 492 est,
1122 436 1179 479 ut
1208 429 1518 485 ostenderet
1544 448 1663 485 eum
1690 433 1874 487 Eccle-

263 512 341 565 sia
408 511 773 574 maledictum,
821 515 1146 569 testiﬁCante
1208 517 1508 585 Apostolo:
1574 522 1875 591 Quicunque

267 603 405 653 enim
429 617 493 653 ex
521 601 760 666 operibus
790 602 915 670 legis
941 614 1082 669 sunt,
1119 606 1213 659 sub
1244 608 1513 661 maledicto
1543 610 1670 682 leg’s
1696 622 1835 665 sunt.

336 692 391 745 9.
428 692 654 759 Deinde,
686 708 807 746 cum
831 694 1084 750 dixisset:
1108 694 1414 752 Maledicta:
1442 709 1497 752 tu
1523 718 1557 754 a
1580 712 1737 764 terra,
1761 719 1875 773 quia

265 785 467 850 rpeiuit
490 800 546 836 os
570 800 720 837 suum
743 786 974 854 accipere
995 790 1298 859 sanguinem
1326 793 1502 859 fratris
1529 794 1602 846 tui
1632 795 1697 847 de
1717 811 1872 847 manu

266 886 382 939 tua,
410 892 515 930 non
538 876 675 931 dixit
703 881 953 946 quoniam
980 882 1289 950 operaberis
1320 899 1460 947 eam,
1485 888 1578 939 sed
1610 888 1706 952 ait,
1740 903 1868 955 quo-

264 964 410 1017 niam
458 966 774 1033 operaheris
820 978 1054 1035 terram,
1099 982 1152 1024 et
1193 986 1299 1025 non
1344 972 1563 1042 adjiciet
1619 978 1869 1032 virtutem

264 1067 420 1109 suam
452 1057 588 1109 dare
618 1057 736 1111 tibi.

339 1150 430 1203 11).
449 1152 602 1205 l‘nde
622 1170 725 1205 non
754 1162 838 1208 est
864 1158 1391 1230 necesseintelligere
1403 1164 1643 1218 eamdem
1667 1173 1866 1223 terram

264 1245 481 1310 operari
497 1244 650 1307 Cain,
672 1262 792 1314 quae
806 1251 1087 1315 aperuit'os
1100 1252 1342 1320 accipere
1359 1254 1672 1324 sanguinem
1683 1257 1868 1314 fratris

264 1338 331 1391 de
364 1353 529 1391 manu
550 1338 685 1405 ejus.
710 1340 816 1395 Sed
850 1341 969 1397 ideo
998 1345 1313 1401 maledictns
1334 1346 1651 1417 intelligitur
1676 1353 1743 1404 ab
1769 1354 1869 1407 hac

264 1438 430 1493 terra,
484 1430 736 1498 quoniam
760 1445 1014 1499 Operatnr
1054 1444 1275 1504 terram,
1307 1455 1425 1507 qnte
1455 1441 1691 1496 nondum
1734 1445 1868 1513 adji~

261 1519 370 1575 eiet
407 1520 663 1575 virtutem
706 1537 858 1577 suam
899 1525 1029 1579 dare
1074 1528 1168 1581 illi.
1205 1527 1259 1582 Id
1306 1543 1410 1597 est,
1452 1532 1573 1588 ideo
1612 1537 1865 1603 populum

258 1613 569 1670 Judteorum
600 1618 938 1674 maledictum
972 1623 1229 1689 agnosrit,
1264 1633 1318 1678 et
1349 1626 1863 1695 ostenditEcclesia,

1979 436 2272 491 occidatur.
2307 440 2453 496 llane
2480 442 2610 498 dicit
2638 445 2896 514 majorem
2934 465 3149 508 causam
3176 496 3191 520 ,
3232 473 3390 527 quam
3417 461 3561 515 illam

1978 527 2120 594 quod
2151 537 2291 583 terra
2324 544 2506 585 nostra
2539 551 2642 589 non
2680 537 2771 590 dat
2803 541 3051 598 virtutem
3086 562 3238 602 suum
3260 590 3275 615 ,
3310 566 3375 605 ne
3402 553 3560 620 spiri-

1981 617 2194 671 tualiter
2222 623 2499 677 moriatur.
2527 622 2831 683 Carnaliter
2854 635 2997 687 enim
3022 638 3179 704 sapit,
3206 650 3261 695 et
3280 617 3565 699 abscondit

1976 720 2036 758 se
2060 720 2090 760 α
2121 708 2255 763 facie
2286 710 2402 778 Dei,
2436 713 2485 766 id
2510 727 2614 778 est,
2634 715 2827 773 iratum
2854 723 3053 779 habere
3080 726 3245 781 Deum
3270 747 3431 799 grave
3454 748 3560 788 non

1976 805 2148 863 putat,
2194 799 2286 851 sed
2338 800 2443 854 huc.
2470 805 2657 868 timet,
2713 824 2780 863 ne
2825 813 3132 869 inveniatur
3177 826 3233 871 et
3263 822 3561 885 occidatur,

1974 883 2272 940 Carnaliter
2326 891 2469 945 enim
2518 894 2696 962 sapit,
2735 909 2985 969 tanquam
3042 921 3273 976 cperans
3325 921 3556 979 terrain,

1975 988 2130 1041 cujus
2163 976 2409 1033 virtutem
2444 998 2548 1035 non
2582 988 2800 1054 accipit.

2050 1066 2137 1120 15.
2182 1070 2387 1139 Sapere
2430 1087 2609 1129 autem
2659 1082 2955 1137 secundum
2994 1099 3216 1144 carnem
3265 1109 3410 1149 mors
3438 1106 3550 1162 est;

1976 1170 2135 1224 quam
2163 1174 2266 1212 non
2300 1160 2606 1234 intelligens
2638 1162 2760 1238 ille,
2803 1174 3004 1228 amisso
3037 1193 3221 1248 regno,
3252 1186 3449 1253 gemit,
3498 1203 3554 1246 et

1971 1250 2306 1316 corporalem
2370 1264 2599 1311 mortem
2655 1264 2853 1318 tremit.
2904 1265 3009 1320 Sed
3039 1271 3163 1338 quid
3197 1250 3560 1345 eiﬂrespondit

1972 1338 2269 1395 Dominus?
2321 1341 2664 1414 Nequaquam
2706 1352 2781 1405 ita
2811 1356 2944 1421 ﬁet;
2997 1362 3086 1412 sed
3116 1368 3278 1417 omnis
3303 1338 3395 1436 qui
3423 1377 3560 1423 occ:—

1968 1432 2105 1485 derit
2136 1432 2286 1499 Cain,
2317 1438 2608 1509 septuplum
2637 1444 2921 1510 punietur;
2949 1449 3089 1516 sive,
3120 1464 3177 1505 ut
3206 1432 3553 1529 Septuaginta

1968 1526 2374 1592 transtulerunt,
2406 1537 2595 1599 septem
2627 1534 2883 1590 vindictas
2914 1546 3167 1608 exsolvet;
3203 1545 3253 1600 id
3284 1526 3547 1614 est,'non

1968 1616 2077 1678 sic,
2120 1622 2391 1684 quomodo
2420 1620 2552 1674 dicis
2579 1664 2593 1685 ,
2643 1640 2747 1677 non
2798 1634 3064 1697 corporali
3096 1646 3270 1691 morte
3314 1638 3559 1696 interibit

261 1707 539 1772 quoniam.
578 1709 759 1763 occiso
790 1709 1028 1778 Christo,
1078 1713 1256 1769 adhuc
1300 1727 1553 1785 aperatur
1593 1728 1860 1774 terrenam

1967 1720 2136 1774 genus
2161 1705 2383 1777 impium
2414 1711 2707 1765 carnalium
2737 1714 3072 1777 Judaaorutn.

263 1803 752 1868 circumcisionem,
786 1813 1054 1860 terrenum
1091 1808 1409 1875 Subliatnm,
1438 1819 1710 1867 terrenum
1740 1832 1864 1887 azy-

259 1909 430 1958 tnnm,
476 1903 750 1950 terrenum
794 1898 1013 1962 pascha,
1063 1900 1187 1968 quia
1218 1904 1397 1956 omnis
1428 1913 1638 1960 terrena
1669 1921 1860 1975 opera-

260 1988 334 2039 tio
417 1988 579 2045 habet
647 1993 908 2047 occultam
955 1994 1204 2050 virtutem
1260 2000 1615 2070 intelligenda:
1676 2006 1861 2071 gratiae

254 2079 481 2145 Christi,
512 2097 631 2149 qum
684 2099 788 2136 non
836 2087 992 2140 datur
1022 2088 1223 2142 .lndaeis
1250 2091 1300 2143 in
1358 2091 1629 2160 impietate
1676 2104 1729 2148 et
1773 2095 1861 2147 in-

258 2171 519 2226 ﬁdelitate
564 2175 994 2246 perduranlibtts,
1040 2182 1164 2250 quia
1195 2181 1345 2237 Novo
1389 2184 1735 2241 Testamento
1769 2202 1859 2242 re-

258 2268 435 2320 velata
465 2280 569 2322 est.

332 2361 419 2413 11.
462 2359 588 2413 Cum
610 2372 849 2431 operatus
879 2364 1036 2434 [ueris
1056 2376 1267 2431 terram,
1291 2384 1392 2421 non
1432 2370 1576 2425 dabit
1612 2372 1705 2425 tibi
1738 2375 1855 2444 fru-

252 2458 373 2504 ctus
398 2468 556 2516 suos;
586 2455 637 2505 in
668 2454 775 2522 ipsa
801 2457 941 2510 enim
971 2467 1114 2512 terra
1145 2475 1304 2526 quam
1334 2461 1581 2518 Christus
1605 2467 1854 2534 portavit,

252 2540 309 2594 id
334 2551 440 2605 est,
472 2542 524 2596 in
572 2543 692 2613 ejus
720 2560 901 2612 carne,
950 2548 1046 2617 ipsi
1096 2553 1300 2622 operati
1328 2562 1455 2607 sunt
1491 2556 1715 2611 salutem
1757 2575 1858 2613 no-

257 2641 452 2691 stram.
475 2635 839 2703 cruciﬁgendo
858 2638 1148 2707 Christum,
1168 2642 1254 2710 qui
1279 2656 1519 2698 mortuus
1536 2656 1617 2702 est
1639 2660 1858 2718 propter

254 2723 451 2777 deﬂeta
476 2739 688 2779 nostra.
719 2726 829 2781 Nec
853 2738 1029 2785 tamen
1071 2737 1149 2786 eis
1177 2734 1325 2788 dedit
1351 2736 1536 2790 eadem
1581 2747 1719 2793 terra
1746 2741 1855 2794 vir-

253 2826 423 2869 tatem
447 2832 619 2883 suam,
660 2820 746 2888 qui
774 2836 882 2875 non
929 2822 1204 2891 justiticati
1236 2838 1359 2881 sunt
1380 2828 1433 2881 in
1457 2829 1652 2884 virtute
1677 2847 1857 2885 resuro

260 2911 516 2963 rectionis
546 2912 663 2979 ejus
702 2914 791 2983 qui
820 2918 1114 2971 resurrexit
1154 2930 1375 2988 propter
1411 2922 1853 2989 justilicationem

252 3015 515 3070 nostram,
542 3007 664 3075 quia
711 3008 811 3061 etsi
842 3011 1126 3066 crucilixus
1157 3019 1244 3067 est
1284 3027 1352 3067 ex
1387 3015 1695 3071 inﬁrmitate
1737 3034 1855 3073 car-

250 3096 361 3163 nis,
391 3098 485 3151 sed
513 3099 643 3153 vivit
666 3101 717 3153 in
745 3102 941 3157 virtute
970 3102 1084 3159 Dei.

332 3186 414 3239 12.
444 3187 569 3243 Haec
596 3198 683 3244 est
709 3206 838 3260 ergo
866 3193 1037 3249 virtus
1056 3204 1218 3251 terra:
1250 3196 1411 3263 illius,
1443 3215 1599 3269 quam
1633 3218 1735 3258 non
1759 3220 1850 3261 os-

253 3280 423 3333 tendit
458 3282 633 3351 impiis
675 3293 729 3338 et
777 3286 1088 3341 incredulis.
1125 3288 1274 3346 Unde
1312 3308 1416 3348 nec
1458 3310 1745 3366 resurgens
1774 3299 1852 3354 eis

253 3383 279 3417 a
304 3372 496 3438 quibus
523 3382 634 3427 erat
667 3377 955 3431 cruciﬁxus
982 3384 1229 3449 apparuit
1260 3394 1512 3453 tanquam
1544 3385 1678 3444 Cain
1720 3404 1851 3459 ope-

253 3459 389 3513 ranti
421 3471 636 3531 terram,
666 3476 718 3519 ut
748 3481 971 3535 granum
1011 3471 1141 3525 illud
1191 3474 1565 3531 seminaretur.
1598 3477 1775 3546 Vagus
1800 3492 1850 3535 et

251 3550 503 3618 profugus
529 3554 632 3608 erit
654 3572 675 3621 ;
713 3557 849 3623 sive,
886 3560 1014 3614 utin
1053 3559 1397 3633 Septuaginta
1436 3568 1693 3639 scriptum
1742 3583 1844 3640 est,

251 3661 456 3713 gemens
483 3659 527 3701 et
550 3661 769 3704 tremens
797 3654 896 3705 eris
923 3669 1074 3725 super
1100 3666 1306 3711 terram.

331 3739 491 3810 281
532 3740 618 3794 15.
677 3741 827 3797 hunc
857 3757 983 3798 ecce
1024 3748 1142 3815 quis
1171 3764 1275 3801 non
1310 3749 1525 3819 videat,
1576 3756 1696 3822 quis
1737 3771 1842 3810 non

262 3841 542 3900 agnoscat,
574 3834 625 3887 in
656 3843 765 3888 tota
796 3844 958 3902 terra,
993 3854 1314 3911 quacunque
1340 3844 1612 3914 dispersus
1639 3855 1726 3902 est
1752 3848 1843 3905 ille

261 3924 514 3988 populos,
547 3927 820 3991 quomodo
864 3930 937 3983 sit
962 3945 1128 4000 vagus
1158 3933 1209 3986 in
1240 3935 1522 4005 gentibus,
1575 3948 1631 3993 et
1659 3940 1841 4008 prolu-

254 4027 357 4078 gus
409 4028 438 4064 a
488 4013 831 4071 Jerusalem?
859 4022 1130 4086 quomodo
1162 4032 1341 4092 gemat
1372 4040 1609 4083 niterore
1654 4030 1839 4086 amissi

254 4102 426 4171 regni,
462 4115 515 4158 et
547 4117 743 4160 tremat
770 4118 1004 4165 tremore
1032 4113 1131 4167 sub
1166 4114 1642 4173 innumerabilibus
1668 4135 1837 4189 popu-

252 4192 317 4245 lis
334 4194 700 4250 Christianis?
732 4199 959 4269 ideoque
988 4204 1265 4268 respondit
1284 4204 1413 4260 Cain
1428 4207 1641 4263 dicens:
1661 4210 1837 4283 Major

258 4297 327 4338 est
349 4287 593 4351 iniquitas
625 4306 737 4343 mea
760 4307 917 4361 quam
948 4301 1001 4345 ut
1031 4296 1227 4349 veniam
1260 4314 1476 4352 merear.
1510 4299 1640 4354 Ecce
1688 4305 1835 4374 ejicis

251 4395 330 4432 me
358 4381 564 4434 hodiea
593 4383 725 4452 facie
754 4394 926 4449 terra,
978 4396 1025 4441 et
1052 4404 1084 4442 a
1116 4390 1248 4459 [acie
1279 4400 1367 4444 tua
1413 4393 1727 4460 abscondar,
1784 4409 1834 4452 et

2045 1798 2133 1851 16.
2167 1800 2482 1868 Quicunque
2504 1820 2601 1857 eos
2629 1807 2697 1858 ita
2725 1810 3039 1877 petdiderit,
3070 1829 3274 1884 septem
3293 1819 3549 1879 vindictas

1962 1890 2254 1955 exsolvet,
2288 1891 2340 1945 id
2365 1901 2488 1956 est,
2539 1898 2747 1950 aul'eret
2791 1904 2857 1953 ab
2880 1907 2964 1955 eis
3000 1916 3207 1974 septem
3241 1911 3507 1970 vindictas
3532 1958 3548 1981 ,

1965 1980 2159 2046 quibus
2182 1983 2383 2051 alligati
2415 1997 2539 2041 sunt
2569 2001 2787 2059 propter
2816 2004 3021 2050 reatum
3050 2001 3214 2055 occisi
3239 2001 3462 2068 Christi,
3491 1980 3549 2061 ut

1963 2071 2067 2124 hoc
2098 2082 2209 2127 toto
2258 2084 2523 2144 tempore,
2555 2081 2694 2149 quod
2729 2090 3036 2148 septenario
3066 2089 3277 2146 dierum
3314 2111 3542 2152 numero

1963 2165 2229 2232 volvitur,
2269 2171 2438 2237 magis
2468 2171 2590 2238 quia
2638 2188 2743 2227 non
2775 2176 2983 2230 interiit
3005 2195 3172 2248 genus
3203 2182 3506 2241 Judaeormn
3530 2233 3546 2257 _.

1962 2255 2099 2308 satis
2129 2268 2390 2325 appareat
2422 2259 2669 2315 ﬁdelibus
2714 2264 3036 2322 Christianis
3056 2311 3072 2333 ,
3117 2273 3209 2325 sed
3238 2275 3406 2329 solam
3436 2255 3550 2331 dis?

1964 2347 2266 2411 pcrsionetu
2293 2350 2607 2420 meruerint,
2628 2355 2790 2425 232
2804 2357 2953 2424 juxta
2977 2362 3120 2428 quod
3144 2362 3219 2415 ait
3237 2365 3545 2433 Scriptura:

1963 2435 2047 2491 Ne
2076 2440 2327 2494 occideris
2368 2458 2455 2496 eos
2479 2484 2495 2509 ,
2540 2450 2810 2514 nequando
2836 2450 3205 2508 obliviscantur
3237 2462 3416 2529 pepuli
3444 2465 3545 2515 mei

1959 2529 2089 2600 legis
2120 2542 2262 2595 tuaz;
2308 2535 2544 2605 disperge
2583 2538 2700 2591 illas
2726 2540 2778 2593 in
2806 2542 2990 2596 virtute
3014 2553 3101 2597 tua
3124 2585 3139 2612 ,
3168 2556 3217 2600 et
3241 2552 3437 2618 depone
3464 2570 3548 2608 eos

1962 2621 2190 2691 (Psalm.
2224 2641 2379 2691 Lvitt,
2418 2628 2524 2697 12).

2032 2716 2121 2771 l7.
2150 2715 2333 2771 Posuit
2364 2718 2622 2775 Dominus
2668 2724 2719 2777 in
2769 2725 2896 2779 Cain
2942 2731 3145 2800 signum
3172 2773 3188 2798 ,
3218 2744 3271 2786 ut
3298 2751 3400 2789 non
3430 2754 3545 2791 eum

1955 2804 2262 2874 interﬁceret
2294 2811 2458 2864 omnis
2486 2814 2575 2880 qui
2624 2813 2891 2870 invenisset
2920 2834 3055 2875 eum.
3092 2821 3203 2876 Hoc
3230 2840 3414 2881 revera
3446 2832 3546 2881 titi-

1962 2898 2133 2954 rabile
2161 2908 2246 2954 est
2269 2944 2284 2968 ,
2312 2904 2764 2971 quemadmodum
2794 2924 2983 2967 omnes
3016 2927 3200 2983 gentes
3231 2936 3350 2989 quae
3377 2938 3405 2975 a
3439 2923 3543 2975 Bn-

1956 2992 2129 3044 nianis
2150 2992 2450 3062 suhjugataa
2478 3007 2624 3064 sunt,
2671 3000 2721 3053 in
2754 3001 2913 3055 ritttm
2951 3004 3315 3065 Romanorum
3348 3027 3541 3068 sacro-

1874 3112 1923 3172 ρ
1958 3098 2076 3135 rum
2110 3087 2437 3149 transierint,
2472 3102 2644 3158 eaque
2673 3090 2952 3162 sacrilegia
2978 3100 3339 3168 observanda,
3371 3116 3425 3158 et
3451 3122 3538 3159 ce-

1959 3176 2216 3231 lebranda
2259 3185 2627 3249 susceperint;
2677 3198 2812 3253 gens
2856 3196 3034 3242 autem
3081 3190 3389 3249 Judu-orum
3424 3199 3538 3251 sim

1947 3266 2057 3320 sub
2089 3270 2311 3336 paganis
2343 3272 2581 3342 regibus,
2617 3275 2731 3329 sive
2762 3276 2864 3331 sub
2892 3277 3233 3347 Christianis,
3264 3300 3369 3339 non
3403 3294 3534 3341 ami-

1951 3362 2084 3414 serit
2111 3361 2320 3430 signum
2349 3364 2505 3435 legis,
2536 3378 2589 3421 et
2615 3368 3042 3427 circumcisionis
3072 3390 3207 3442 suse,
3240 3395 3345 3450 quo
3370 3397 3398 3434 a
3425 3398 3533 3435 ca:-

1953 3453 2081 3506 teris
2108 3453 2361 3521 gentibus
2391 3458 2707 3527 populisque
2739 3460 3102 3534 distinguitur.

2022 3544 2112 3601 18.
2138 3545 2248 3601 Sed
2276 3558 2329 3601 et
2351 3551 2529 3603 omnis
2557 3550 2875 3622 imperatur,
2927 3561 3007 3613 vel
3037 3575 3126 3615 rex
3156 3603 3171 3627 ,
3212 3562 3302 3632 qui
3336 3579 3429 3619 eos
3476 3567 3526 3621 in

1947 3649 2045 3688 suo
2074 3651 2248 3706 regno
2277 3638 2522 3705 invenit,
2569 3657 2688 3697 cum
2720 3644 2836 3712 ipso
2881 3649 3029 3718 signa
3070 3667 3165 3706 eos
3198 3654 3433 3721 invenit,
3476 3670 3532 3714 et

1949 3742 2057 3782 non
2092 3731 2327 3797 occidit;
2386 3732 2436 3786 id
2466 3745 2581 3800 est,
2635 3752 2741 3791 non
2784 3739 2950 3795 efﬁcit
2994 3752 3051 3796 ut
3080 3761 3187 3800 non
3218 3750 3328 3803 sint
3355 3751 3526 3809 Judaei

1946 3829 2097 3875 certo
2137 3822 2369 3892 quodam
2397 3833 2453 3880 et
2479 3830 2700 3896 proprio
2731 3844 2843 3884 sua:
2883 3831 3278 3893 observationis
3316 3844 3473 3912 signo
3498 3862 3526 3899 a

1943 3922 2265 3969 czelerarum
2295 3919 2536 3986 gentium
2566 3925 2948 3981 communione
2975 3924 3225 3993 discreti,
3276 3936 3379 3989 nisi
3410 3941 3529 4007 qui.

1942 4018 2153 4073 cunque
2193 4021 2379 4061 eorum
2424 4008 2492 4063 ad
2534 4008 2809 4067 Christum
2858 4017 3151 4086 transierit,
3187 4032 3243 4077 ut
3261 4023 3372 4094 jam
3419 4045 3525 4086 non

1941 4096 2248 4153 inveniatur
2270 4099 2425 4167 Cain,
2458 4118 2631 4173 neque
2657 4116 2816 4162 exeat
2854 4124 2883 4164 a
2915 4112 3049 4168 facie
3073 4111 3193 4184 Dei,
3225 4131 3400 4189 neque
3427 4123 3522 4177 ha-

1940 4189 2078 4246 bitet
2106 4193 2157 4247 in
2197 4202 2339 4248 terra
2364 4195 2525 4252 Naid.

2011 4305 2098 4359 19.
2136 4304 2275 4360 Exiit
2305 4322 2428 4380 ergo
2454 4327 2487 4364 a
2509 4312 2644 4381 [acie
2668 4311 2916 4380 Domini,
2952 4327 3000 4370 et
3029 4320 3276 4376 habitavit
3302 4324 3355 4378 in
3385 4335 3522 4381 terra

1939 4392 2105 4461 Naid,
2134 4398 2277 4467 quod
2305 4399 2503 4455 dicitur
2530 4404 2938 4473 interpretatum
2971 4414 3270 4479 commotio,
3298 4419 3411 4472 sive
3441 4421 3523 4473 in-

248 4490 333 4527 ero
358 4492 519 4545 rogus
557 4490 604 4531 et
635 4484 885 4551 profugus
935 4483 990 4535 in
1019 4492 1177 4537 terra.
1220 4482 1391 4555 Igitur
1417 4489 1581 4543 omnis
1631 4493 1719 4559 qui
1747 4493 1830 4546 in.
1862 4486 1916 4546 D
1942 4489 2174 4556 stabilis,
2205 4502 2258 4545 et
2288 4490 2576 4567 ﬂuctuans,
2609 4510 2664 4553 et
2693 4502 2841 4557 sedis
2868 4504 3109 4561 incertae.
3137 4510 3335 4565 Contra
3378 4515 3519 4581 quod

252 4569 443 4620 cenem
474 4586 574 4634 me,
606 4572 798 4624 occidet
825 4588 923 4626 me.

317 4659 407 4715 14.
444 4661 584 4717 Vere
614 4664 737 4721 inde
762 4682 924 4737 vagus
954 4677 1009 4724 et
1051 4669 1305 4741 profugus
1324 4674 1497 4743 gemit
1525 4684 1580 4730 et
1606 4679 1785 4734 tremit
1810 4722 1825 4745 ,

317 4789 371 4844 9.
411 4789 606 4845 Deinde
626 4810 740 4873 cum
763 4798 1005 4873 diaiuet,
1032 4816 1200 4869 usque
1228 4803 1293 4857 ad
1329 4806 1548 4859 revelata
1572 4817 1676 4873 est,
1707 4813 1844 4868 male

250 4860 500 4952 absunt'a
521 4868 790 4947 veteribus
808 4869 904 4952 liti.
920 4860 1032 4951 Val.
1055 4860 1343 4952 et'Co‘t-np.)
1368 4890 1489 4952 cum
1508 4880 1615 4952 sint
1636 4860 1843 4952 Anglis:

249 4934 425 5012 tini_et
452 4932 693 5012 legantur
724 4938 773 5012 in
792 4937 1031 5012 Excusis
1056 4951 1108 4994 et
1137 4932 1355 5012 reliquis
1382 4946 1475 4999 Ms.
1500 4947 1690 5004 ϐκιΑι.

321 5002 409 5087 15.
440 5000 619 5083 Major
636 5017 709 5058 est
728 5008 969 5087 iniquitas
997 5000 1274 5087 mea_q._u'.
1302 5031 1351 5067 υ.
1382 5032 1450 5070 m.
1476 5000 1661 5072 Mirum
1688 5061 1704 5087 ,
1730 5038 1835 5078 non

246 5072 450 5155 vidisse
478 5114 491 5133 ,
528 5072 775 5142 quisquis
804 5072 1067 5148 vulgatam
1114 5072 1411 5155 Editionem
1442 5072 1703 5155 snil'ecit;

248 5145 529 5232 mirarere
556 5161 670 5211 quae
699 5145 994 5232 sequuntur
1014 5153 1173 5232 verba
1206 5171 1217 5204 :
1252 5154 1406 5210 Hanc
1440 5158 1561 5212 dicit
1586 5145 1830 5232 majorem

248 5228 477 5297 fartam.
508 5214 975 5297 begcndumergo
1003 5237 1017 5273 :
1051 5220 1224 5297 Major
1263 5235 1335 5278 est
1368 5243 1527 5282 causa
1556 5214 1707 5297 meai,

250 5281 401 5363 LXX.
414 5293 470 5336 et
496 5281 809 5366 Augustino.
834 5281 979 5344 ldém
1001 5281 1163 5366 paulu,
1181 5305 1296 5361 post
1314 5281 1588 5366 conjunxit
1614 5281 1823 5357 inim};

248 5366 356 5419 que
393 5356 923 5442 interpretationem,
956 5356 1074 5442 cum
1117 5356 1295 5442 dicit}
1344 5356 1466 5423 Veia
1509 5371 1629 5423 inde
1667 5356 1821 5442 uagus

246 5432 292 5475 et
316 5427 569 5506 praeque.
592 5432 743 5506 gemit
786 5440 833 5482 et
860 5433 1024 5484 tremit
1050 5473 1064 5494 ,
1097 5449 1216 5506 cum
1246 5437 1572 5506 AnguStinus
1612 5427 1818 5499 tantum

245 5496 408 5575 verba
438 5494 576 5550 LXX
604 5500 952 5582 interpretum
983 5503 1256 5559 retulerit:
1290 5494 1415 5582 Vere
1439 5511 1557 5563 inde
1595 5494 1817 5582 gemite—t

250 5568 436 5637 tremit,
471 5582 533 5619 ne
552 5584 709 5637 regno
735 5568 888 5624 etiam
914 5581 1111 5626 terreno
1128 5614 1143 5637 ,
1177 5586 1280 5631 etc.
1306 5578 1496 5635 GBIAL.

319 5632 461 5688 tua.
487 5637 548 5720 in
570 5632 669 5693 hac
696 5640 899 5720 iudaici
928 5645 1108 5711 populi
1131 5632 1364 5702 'mirabili
1394 5632 1729 5720 dispersione
1757 5664 1814 5710 et

253 5708 658 5766 conservatione
680 5708 1051 5780 gravissimum
1073 5730 1446 5785 argumentum
1466 5708 1812 5780 constituitur

1940 4582 2143 4638 malum
2176 4585 2315 4640 Deus
2348 4601 2565 4657 rogatur
2607 4592 2658 4645 in
2692 4596 2935 4662 psalmo:
2982 4598 3062 4653 Ne
3092 4602 3291 4656 dederis
3322 4604 3374 4658 in
3404 4620 3517 4659 ino-

1937 4682 2044 4727 tum
2074 4678 2224 4743 pedes
2253 4694 2389 4733 meos
2415 4678 2639 4749 (Psalm.
2666 4688 2789 4755 va)
2816 4704 2829 4749 ;
2860 4699 2952 4745 et:
2986 4689 3175 4746 Manus
3196 4708 3519 4764 peccatorum

1946 4815 2012 4869 ad
2028 4829 2108 4889 vel
2125 4814 2305 4889 itatem
2320 4816 2593 4885 religionis
2615 4818 2931 4877 Christianae
2953 4829 3320 4886 astruendatn.
3340 4835 3511 4889 Ansv.

2018 4884 2106 4938 15.
2138 4887 2339 4964 Amisso
2367 4904 2542 4964 regno,
2571 4893 2723 4959 gemit
2751 4902 2798 4945 et
2835 4899 3150 4964 corporalem
3180 4884 3517 4956 mortem—tria.

1943 4958 2055 5011 mit.
2085 4957 2333 5037 Opnrtttit
2378 4957 2712 5037 mendaeem
2746 4957 3036 5020 memorem
3066 4983 3202 5023 esse.
3246 4976 3511 5037 Quorsum

1940 5029 2082 5080 enim
2114 5028 2266 5107 gemit
2288 5038 2334 5080 et
2375 5032 2585 5107 tremit?
2606 5035 2651 5107 si
2690 5032 2816 5107 hcce
2840 5039 2995 5090 verba
3027 5028 3339 5107 explicanda
3374 5061 3512 5099 nus-

1937 5112 2094 5184 ﬂuat."
2153 5098 2252 5177 sibi
2308 5102 2627 5184 proposuit?
2686 5105 2739 5157 ld
2806 5116 2983 5161 tamen
3042 5098 3312 5177 provisum
3366 5098 3507 5184 apud

1934 5166 2281 5221 Eucherium.
2313 5165 2507 5223 eam.

2007 5236 2142 5317 tota.
2173 5236 2310 5301 Sive,
2343 5250 2398 5292 ut
2429 5239 2569 5317 LXX
2597 5248 2986 5317 transtulerunt.
3022 5249 3131 5303 Hoc
3162 5263 3339 5317 recte;
3374 5254 3507 5315 vidit

1934 5309 2075 5361 enim
2108 5324 2213 5361 non
2263 5314 2814 5388 respondere‘retiqua
2847 5320 3020 5372 verbis
3064 5321 3208 5388 Vulg.
3245 5309 3341 5377 καί
3385 5309 3500 5384 Viti;

1934 5379 2338 5459 llieiionytnlttn,
2371 5382 2685 5459 epist:_125,
2706 5379 2783 5459 ad
2811 5388 3048 5451 Damas.,
3079 5408 3133 5459 q.
3160 5379 3212 5449 1.
3238 5379 3431 5456 Cant.

2005 5449 2087 5502 16.
2125 5454 2177 5501 In
2212 5450 2430 5517 Vulgata
2458 5470 2468 5503 :
2503 5452 2585 5506 Ne
2606 5457 2808 5510 occidas
2834 5474 2941 5512 eos.
2974 5449 3146 5518 Ansv.

2001 5522 2088 5574 18.
2123 5519 2388 5602 Dreulius,
2422 5526 2485 5577 ad
2503 5540 2713 5605 inargr,
2740 5538 3090 5605 notaturque
3117 5535 3173 5589 in
3206 5538 3337 5592 Cod.
3366 5555 3495 5605 ηις..

1926 5604 2100 5658 neque
2130 5590 2179 5643 in
2214 5592 2474 5678 itiipresso
2499 5590 2735 5676 Colonia:
2766 5598 2928 5678 l§5ti,
2956 5590 3136 5658 haberi

1923 5669 1977 5713 ut
1995 5667 2107 5732 jam
2138 5678 2305 5718 non...
2340 5664 2525 5719 habitet
2556 5668 2607 5719 in
2634 5677 2767 5723 terra
2791 5664 2954 5727 Naid.
2988 5680 3171 5751 Ansv.
