4034 6148
282 263 390 315 22')

1112 266 1567 334 QU/ESTIONES
1609 272 1672 325 IN
1714 271 1870 329 VE'I‘.
1910 273 2203 333 'I’ESTAM.
2236 310 2299 319 -—
2327 282 2389 335 IN
2430 282 2742 344 GENliSIN.

3460 303 3563 358 250

350 377 446 430 29.
488 375 640 441 Quod
675 392 803 430 vero
836 379 1120 446 progenies
1143 394 1209 432 ex
1232 380 1402 435 Adam
1433 399 1526 450 per
1553 384 1680 436 Cain
1707 386 1877 438 unde-
1911 397 1956 449 Λ
1986 405 2111 443 num
2156 406 2420 459 paratam.
2468 398 2800 469 Quocunque
2857 402 3000 456 enim
3054 408 3297 475 verteris,
3336 416 3567 481 quadra-

278 467 437 521 nario
507 481 734 520 numero
790 467 995 536 linitur,
1055 472 1412 539 transgressio
1468 473 1874 541 mandatorum,

274 561 399 611 sive
430 568 710 627 peccatum
739 560 1067 615 ostenditur.
1096 561 1393 639 Nam‘dum
1439 565 1671 621 Lamech
1706 571 1874 635 septi-

274 664 399 702 tuus
427 651 495 702 ab
526 647 699 702 Adam
750 651 1056 719 reperiatur
1082 652 1338 721 scriptus,
1371 655 1642 710 adduntur
1683 657 1731 711 ei
1768 669 1874 713 tres

275 739 403 804 lilii,
430 750 489 793 et
538 755 644 793 una
690 740 825 805 lilia,
861 750 916 795 tit
950 743 1275 799 undenaritts
1318 761 1574 802 numerus
1609 752 1867 819 complea-

270 842 382 897 tur,
418 848 518 902 per
547 832 689 903 quod
719 834 1117 891 demonstratur
1152 851 1450 907 peccatum.

344 924 437 976 50.
482 925 617 979 Nam
658 932 711 979 et
732 925 850 993 ipse
880 942 1136 982 numerus
1169 929 1367 983 femina
1394 932 1680 1002 clauditur,
1713 949 1742 988 a
1764 951 1870 1004 quo

265 1029 407 1069 sexu
440 1016 650 1070 initium
692 1018 899 1085 peccati
928 1021 1279 1073 commissum
1311 1031 1416 1087 est,
1459 1038 1554 1091 per
1580 1024 1720 1092 quod
1754 1042 1869 1079 orn-

266 1122 371 1161 nes
404 1111 692 1177 morimur,
732 1110 945 1165 scilicet
974 1121 1032 1166 ut
1060 1113 1305 1182 voluptas
1331 1116 1527 1180 carnis,
1557 1133 1679 1185 quae
1706 1119 1863 1187 spiri-

266 1200 347 1250 ttti
388 1202 682 1263 resisteret,
714 1211 1053 1269 sequeretur.
1081 1202 1231 1257 Unde
1266 1213 1319 1257 et
1353 1207 1463 1271 ipsa
1498 1205 1602 1259 lilia
1633 1207 1865 1263 Lamech

265 1290 478 1345 Noctua
500 1333 516 1354 ,
547 1292 599 1344 id
632 1301 739 1357 est,
766 1297 1001 1361 voluptas
1040 1293 1441 1362 interpretatur.
1469 1295 1600 1350 Nam
1628 1298 1769 1366 quod
1800 1301 1867 1352 de

266 1384 631 1437 Mathusalem
675 1385 972 1438 secundum
1017 1386 1368 1455 Septuaginta
1425 1389 1559 1442 ultra
1603 1391 1863 1446 diluvium

262 1485 634 1529 numerantur
674 1474 822 1539 anui,
858 1474 964 1529 hoc
1009 1476 1275 1545 signillcat
1322 1484 1402 1541 ut,
1434 1480 1686 1548 quoniam
1720 1480 1864 1534 solus

265 1579 354 1621 est
399 1567 677 1632 Christus,
730 1570 885 1637 cujus
931 1568 1038 1622 vita
1089 1570 1286 1623 nullam
1329 1573 1497 1624 sensit
1541 1582 1775 1639 aetatem,
1809 1574 1860 1627 in

261 1663 570 1730 majoribus
596 1677 812 1733 quoque
856 1661 961 1717 illis
1006 1678 1112 1716 non
1153 1662 1390 1717 settsisse
1420 1663 1677 1719 diluvium
1712 1664 1859 1720 vide-

263 1767 439 1809 retur.

874 1846 1102 1902 CAPUT
1152 1846 1261 1900 γη.

616 1939 692 1992 De
719 1955 842 1992 arca
876 1937 988 1992 Noe
1017 1949 1063 1991 et
1091 1938 1289 1991 diluvio
1319 1939 1517 1993 mundi.

342 2032 393 2084 1.
434 2029 551 2086 Noe
599 2043 779 2086 autem
825 2046 919 2100 per
971 2033 1149 2085 omnia
1198 2048 1495 2102 omnesque
1541 2043 1693 2089 actus
1737 2034 1856 2105 ejus

253 2125 543 2180 Christum
596 2126 885 2193 signiﬁcat.
936 2124 1048 2179 Noe
1079 2134 1256 2179 autem
1298 2127 1497 2193 requies
1535 2127 1856 2196 interpreta‘

256 2227 370 2281 tur,
404 2226 459 2270 et
491 2217 751 2271 Dominus
781 2217 907 2270 dicit
939 2234 949 2267 :
990 2217 1180 2269 Discite
1207 2234 1240 2269 a
1287 2232 1365 2269 me
1409 2218 1526 2285 quia
1574 2219 1712 2271 mitis
1743 2235 1856 2271 sum

255 2322 309 2363 et
346 2310 561 2364 humilis
599 2313 775 2375 corde,
833 2320 880 2364 et
917 2311 1181 2363 invenietis
1210 2312 1433 2379 requiem
1467 2311 1630 2381 286
1655 2312 1853 2364 anima-

256 2400 358 2453 bus
402 2403 583 2454 vestris
624 2399 843 2470 (Matth.
899 2416 976 2465 χι,
1006 2398 1122 2471 2:3).
1163 2401 1326 2455 Solus
1361 2401 1536 2469 justus
1584 2402 1854 2455 invenitur

257 2490 378 2546 Noe
425 2493 480 2546 in
538 2493 628 2546 illa
677 2503 859 2561 gente,
915 2492 997 2546 cui
1046 2504 1251 2562 septem
1298 2493 1543 2548 homines
1583 2492 1853 2547 donantur

254 2597 485 2652 prOpter
508 2582 772 2653 justitiam
815 2598 989 2638 suam.

329 2672 383 2724 2.
425 2674 589 2727 Solus
615 2674 861 2727 Christus
892 2674 1071 2742 justus
1110 2684 1195 2729 est
1230 2683 1392 2743 atque
1442 2674 1732 2745 perfectus,
1763 2676 1849 2729 cui

254 2774 465 2826 septem
510 2763 769 2817 Ecclesia:
802 2774 1020 2833 propter
1062 2766 1466 2834 septemplicem
1500 2769 1745 2836 spiritum
1788 2767 1851 2819 il-

256 2858 616 2909 luminantent
654 2855 705 2907 iit
748 2869 908 2908 unam
958 2855 1255 2910 Ecclesium
1294 2858 1687 2912 condonantur.
1736 2857 1848 2913 Noe

254 2960 350 3015 per
377 2959 574 3013 aquam
628 2957 682 2999 et
734 2946 935 3015 lignum
976 2948 1271 3013 liberatur;
1324 2948 1524 3017 lignum
1555 2948 1754 3017 quippe
1793 2959 1848 3003 et

256 3053 400 3107 aqua
442 3052 665 3092 crucem
696 3039 942 3105 designat
971 3047 1027 3092 et
1074 3040 1357 3106 baptisma.
1402 3042 1552 3095 Sicut
1582 3044 1726 3095 enim
1757 3042 1845 3097 ille

251 3147 375 3185 cum
411 3132 529 3184 suis
559 3147 656 3197 per
690 3131 887 3199 lignum
924 3141 975 3185 et
1018 3146 1210 3202 aquam
1242 3132 1500 3199 salvator,
1534 3136 1611 3187 sic
1640 3134 1839 3189 familia
1872 3150 1919 3213 (ς

250 3222 453 3278 Christi
488 3240 587 3293 per
608 3225 932 3290 baptismum
968 3237 1019 3279 et
1054 3227 1233 3281 erucis
1263 3229 1566 3296 passionem
1599 3240 1840 3287 sanatur.

253 3317 445 3370 Arcam
479 3317 738 3371 instruxit
765 3317 877 3371 Noe
920 3317 987 3371 de
1020 3319 1177 3387 lignis
1230 3335 1335 3373 non
1389 3324 1839 3390 putrescentibus,

257 3407 493 3461 Ecclesia
527 3407 867 3461 construitur
891 3422 919 3461 a
941 3406 1158 3463 Christo
1184 3425 1249 3464 ex
1280 3409 1588 3467 hominibus
1622 3414 1674 3467 in
1699 3430 1839 3469 sem-

255 3500 525 3567 piternum
558 3499 802 3554 victuris.

318 3587 373 3646 3.
416 3596 561 3647 Area
594 3592 740 3647 enim
790 3593 890 3647 ista
941 3593 1238 3648 Ecclesiam
1266 3594 1688 3665 demonstrabat,
1720 3614 1838 3667 qntc

254 3692 397 3734 natat
434 3683 491 3735 in
540 3683 794 3737 ﬂuctibus
841 3685 1023 3737 mundi
1055 3685 1229 3751 hujus.
1260 3685 1409 3748 Quod
1448 3696 1624 3742 autem
1652 3691 1837 3743 eadem

254 3786 371 3824 arca
401 3772 473 3826 de
505 3772 666 3841 lignis
689 3774 967 3843 quadratis
1000 3775 1116 3828 ﬁeri
1141 3775 1381 3844 jubetur,
1405 3778 1639 3846 undique
1675 3780 1837 3834 Stabi-

252 3861 351 3915 lem
390 3864 559 3916 vitam
604 3874 915 3919 sanctorum
963 3864 1251 3934 signiﬁcat,
1298 3866 1364 3921 ad
1393 3881 1554 3923 omne
1579 3883 1715 3937 opus
1743 3869 1839 3925 bo-

252 4017 516 4071 lsidorum
550 4018 764 4086 longius
790 4032 1133 4088 progressum
1160 4061 1177 4087 ,
1228 4037 1347 4075 cum
1380 4022 1471 4075 lib.
1503 4039 1514 4076 I
1548 4022 1698 4078 Sent.
1719 4065 1735 4088 ,
1765 4038 1814 4078 c.

248 4088 332 4151 3|,
367 4089 437 4140 ita
470 4089 677 4140 scribat
710 4104 724 4140 :
767 4087 963 4141 Judicii
993 4090 1131 4144 diem
1164 4095 1300 4145 norit
1322 4092 1553 4147 Christus
1578 4135 1594 4156 ,
1646 4097 1732 4148 sed
1763 4098 1816 4149 in

247 4158 530 4225 Evangelia
558 4157 727 4211 dicere
750 4199 767 4222 ,
799 4167 844 4211 et
882 4161 1013 4213 scire
1041 4162 1319 4229 discipulos
1349 4180 1466 4217 suos
1495 4165 1678 4218 noluit.
1714 4168 1815 4219 Ita-

246 4244 345 4305 que
377 4231 538 4305 hanc
585 4244 849 4305 attn_ur_um
873 4301 881 4305 _
908 4233 1459 4305 circumscriptionem
1508 4236 1813 4305 importune

247 4298 343 4351 hoc
375 4300 522 4373 loco,
551 4308 606 4373 et
636 4300 701 4351 ad
734 4300 907 4373 Exod.
943 4317 1069 4354 xxix
1104 4306 1153 4373 in
1182 4298 1538 4373 5’przecepto,
1567 4298 1621 4359 et
1652 4308 1741 4359 lib.
1775 4323 1809 4361 ll

244 4372 455 4423 advers.
483 4368 724 4433 .Iudatos,
762 4386 811 4424 c.
846 4372 930 4435 15,
957 4368 1277 4436 repetitam,
1320 4368 1502 4429 lsiiluri
1522 4368 1649 4431 esse
1678 4393 1811 4430 nun-

244 4455 398 4512 quam
434 4456 537 4507 ego
563 4417 1106 4512 credideriin.,llttjus
1135 4442 1208 4496 rei
1238 4417 1487 4512 magnum
1519 4449 1675 4500 etiam
1720 4449 1812 4500 in-
1842 4417 1895 4477 Β

241 4511 431 4563 dicium
458 4554 475 4575 ,
517 4509 661 4575 quod
708 4509 849 4578 apud
889 4512 1210 4566 Eucherium
1257 4509 1411 4569 et'in
1455 4518 1636 4571 Codic.
1666 4517 1806 4572 Oliv.

240 4582 363 4651 nihil
397 4580 594 4651 horum
624 4582 834 4633 visitur.
856 4580 1194 4645 Ambrosius,
1227 4586 1290 4636 ad
1322 4585 1448 4639 Luc.
1482 4603 1555 4651 ix,
1588 4588 1659 4640 ita
1679 4592 1812 4641 scri-

238 4649 307 4702 bit
338 4667 351 4700 :
379 4651 491 4703 Sed
521 4649 800 4703 .lIattItarus
840 4664 885 4705 et
910 4651 1119 4705 Marcus
1148 4664 1261 4722 post
1284 4656 1390 4708 dies
1414 4673 1501 4710 sex
1521 4649 1810 4722 assumpto:

240 4722 325 4773 ltos
369 4736 483 4794 esse
525 4724 1002 4794 memor-aruntsve
1038 4740 1139 4791 quo
1172 4741 1434 4792 possemus
1478 4728 1648 4781 dicere
1697 4739 1808 4794 post

236 4806 322 4843 sea:
350 4792 519 4844 millia
548 4808 825 4863 annorum.
860 4793 1006 4846 Mille
1033 4796 1165 4847 enim
1193 4796 1315 4849 anni
1342 4798 1395 4849 in
1421 4792 1810 4863 conspectul)ei

236 4872 477 4923 tanquam
506 4863 619 4913 dies
639 4879 762 4915 una.
790 4862 900 4916 Sed
923 4865 1093 4933 plures
1121 4880 1274 4931 quam
1293 4883 1381 4921 εει
1409 4869 1573 4921 millia
1601 4885 1807 4933 compti.

235 4944 405 4983 tantur
429 4947 714 5008 annorum.
736 4933 842 4987 Sed
872 4936 1123 5008 malumus
1151 4951 1240 5008 sea:
1259 4938 1365 4989 dies
1408 4954 1498 5004 per
1525 4939 1810 5008 symbolum

233 5003 546 5071 intelligere,
579 5002 714 5067 quod
748 5018 839 5055 sea:
863 5006 1040 5056 diebus
1070 5006 1249 5058 mundi
1279 5002 1432 5075 opera
1462 5002 1582 5060 sunt
1608 5020 1805 5075 creata,

232 5082 287 5148 ut
313 5088 406 5140 per
430 5082 631 5148 tempus
657 5088 953 5148 apera,__per
981 5091 1133 5143 opera
1170 5078 1417 5148 ntundum
1440 5079 1806 5148 intelligamus.

233 5141 650 5215 Elegantissime
671 5159 797 5215 vero
818 5141 975 5199 divus
1001 5141 1347 5213 Augustinus,
1382 5164 1507 5202 xviii
1531 5141 1806 5215 de'Civit”

233 5157 289 5194 ω
363 5157 650 5196 antissmte
671 5159 797 5197 vero
818 5157 975 5199 divus
1001 5157 1347 5213 Angusttntts.
1382 5164 1507 5202 xvm
1531 5157 1598 5202 de
1620 5157 1806 5215 Civit.,

230 5157 382 5265 ιθξῖ
405 5231 418 5263 :
449 5212 694 5291 omnium
721 5214 935 5291 (inquit)
958 5216 1028 5291 de
1054 5218 1232 5291 [more
1260 5217 1629 5291 calculandam
1673 5222 1809 5291 digi-

230 5291 302 5335 tos
329 5284 542 5336 resolvit
586 5292 635 5336 et
663 5286 921 5354 quiescere
940 5286 1085 5357 jubet
1112 5286 1204 5340 ille
1230 5292 1314 5357 qui
1349 5289 1473 5342 dicit
1510 5305 1529 5341 :
1576 5289 1698 5344 Non
1730 5284 1808 5344 Est

229 5364 449 5427 restrain
481 5370 633 5408 nosse
669 5367 896 5425 tempora
932 5355 1008 5409 uel
1038 5355 1291 5427 momenta
1321 5376 1436 5425 qua:
1458 5359 1618 5414 Pater
1646 5365 1811 5427 posuit

227 5424 282 5473 in
307 5440 401 5496 sua
431 5436 709 5496 potestate,
743 5439 795 5480 et
824 5427 915 5479 lib.
943 5442 955 5480 l
987 5429 1053 5481 de
1083 5426 1278 5482 Cenes.
1304 5424 1492 5484 centra
1528 5424 1756 5486 Manich.
1788 5473 1802 5496 ,

228 5510 271 5543 «ς.
303 5492 375 5546 25
409 5510 423 5545 :
458 5494 711 5549 Senectus
739 5512 873 5559 vero,
903 5498 1031 5550 sicut
1064 5500 1116 5551 in
1139 5499 1307 5566 nobis,
1329 5504 1472 5554 nullo
1499 5514 1690 5555 statuto
1715 5492 1807 5555 an?

227 5579 409 5616 aorttm
434 5574 661 5631 tempore
678 5568 940 5634 deﬁnitur,
964 5570 1050 5621 sed
1092 5580 1203 5638 post
1230 5576 1449 5637 quinque
1491 5574 1607 5626 illas
1633 5584 1807 5627 aztates

230 5646 476 5709 quantum
506 5639 723 5709 quisque
752 5640 950 5701 vixerit,
983 5640 1228 5693 senectuti
1249 5644 1552 5709 deputatur;
1581 5645 1655 5696 sic
1682 5653 1727 5697 et
1755 5645 1806 5697 in

232 5704 325 5756 ista
360 5704 527 5762 aetate
550 5704 726 5762 δαίσειιὶ
753 5724 856 5762 non
890 5721 1137 5779 apparent
1164 5704 1545 5781 generationes,
1576 5717 1804 5770 utetiam

1982 491 2092 536 tum
2119 486 2342 540 ﬁrmiter
2368 499 2494 543 stat.

2049 593 2103 648 4.
2147 598 2300 661 Quod
2335 600 2599 657 bitumine
2644 605 3084 675 congltttinantur
3108 626 3249 667 arcte
3289 614 3426 685 ligna
3456 633 3557 672 cx-

1980 687 2277 750 trinseeus,
2319 700 2374 742 et
2416 694 2770 761 intrinsecus,
2826 706 2884 749 ut
2920 697 2972 751 in
3012 716 3270 771 compage
3315 708 3556 762 lirmetttr

1978 776 2221 843 unitatis,
2278 778 2601 848 signiﬁcatur
2631 786 2911 840 tolerantia
2961 789 3260 857 charitatis,
3296 810 3363 849 ne
3390 811 3550 851 scan-

1978 863 2111 917 dalis
2146 865 2437 922 Ecclesiam
2490 873 2836 940 tentantibus,
2890 877 3005 932 sive
3052 882 3119 931 ab
3166 880 3248 935 his
3279 884 3369 952 qui
3411 885 3554 941 intus

1974 960 2120 1018 sunt,
2149 955 2263 1010 sive
2293 958 2361 1011 ab
2390 959 2467 1013 eis
2496 963 2583 1029 qui
2615 962 2744 1017 loris
2793 975 2937 1033 sunt,
2984 968 3139 1023 cedat
3165 970 3392 1027 fraterna
3418 992 3547 1043 jun-

1974 1052 2149 1111 ctura,
2174 1056 2230 1099 et
2257 1048 2497 1104 solvatur
2520 1053 2787 1109 vinculum
2819 1060 2998 1126 pacis;
3030 1071 3112 1115 est
3138 1065 3278 1117 enim
3308 1066 3550 1125 bitumen

1972 1131 2423 1192 ferventissimam
2473 1149 2528 1195 et
2571 1144 3016 1201 violentissimutn
3066 1152 3248 1220 gluten
3283 1194 3301 1219 ,
3351 1158 3556 1225 signiti—

1971 1239 2103 1279 cans
2147 1228 2454 1284 dilectionis
2500 1232 2753 1289 ardorem
2786 1237 2835 1289 vi
2878 1253 3083 1308 magna:
3115 1241 3443 1301 fortitudinis
3481 1250 3547 1303 ad

1972 1319 2259 1373 tenendam
2281 1323 2596 1377 societatem
2627 1327 2957 1394 spiritualem
2999 1334 3176 1387 omnia
3208 1338 3547 1395 tolerantem.

2041 1433 2095 1484 5.
2136 1432 2288 1499 Quod
2314 1449 2434 1489 arca
2468 1440 2721 1492 trecentis
2744 1442 2937 1496 cubitis
2968 1444 3121 1517 longi
3154 1458 3254 1510 est,
3283 1459 3340 1504 ut
3373 1455 3550 1507 sexies

1969 1523 2350 1592 quinquaginta
2380 1531 2769 1596 compleantur,
2801 1533 2938 1587 sicut
2968 1550 3059 1590 sex
3106 1539 3350 1594 astatibus
3388 1558 3548 1597 omne

1971 1611 2124 1681 hujus
2163 1619 2345 1672 saeculi
2378 1629 2586 1689 tempus
2630 1626 2957 1693 extenditur,
2987 1630 3038 1683 in
3080 1634 3268 1699 quibus
3297 1638 3545 1690 omnibus

1967 1708 2215 1767 Christus
2247 1731 2513 1786 nunquam
2541 1722 2744 1775 destitit
2774 1728 3071 1792 prmdicari,
3108 1731 3155 1781 in
3189 1731 3421 1799 quinque
3454 1750 3546 1801 per

2376 1780 2388 1786 _
2776 1780 2787 1792 .
3060 1780 3071 1792 ,
3128 1780 3151 1781 η
3206 1780 3419 1799 ,έ---ηιμ-
3454 1780 3533 1801 ι-ν-

1893 1780 1937 1839 Β
1967 1805 2299 1870 prophetiam
2335 1813 2742 1875 praenuntiatus,
2775 1814 2827 1867 in
2875 1830 3025 1871 sexta
3058 1833 3152 1886 per
3194 1821 3536 1892 Evangelimu

1963 1894 2291 1964 diffamatus,
2329 1910 2501 1965 potest
2529 1904 2740 1970 quidem
2785 1917 2839 1960 et
2867 1905 2917 1960 in
2959 1908 3038 1962 his
3069 1914 3318 1968 trecentis
3346 1917 3544 1970 cubitis

1961 1986 2171 2055 signum
2208 1989 2335 2057 ligni
2381 1995 2642 2060 passionis
2685 2000 2915 2051 ostendi.
2962 2001 3132 2069 Ipsius
3171 2006 3314 2058 enini
3350 2009 3539 2065 littera:

1960 2077 2003 2131 T
2034 2096 2287 2139 numerus
2316 2087 2490 2140 crucis
2527 2088 2857 2143 demonstrat
2888 2094 3119 2162 signum,
3147 2112 3241 2165 per
3266 2101 3405 2168 quod
3451 2119 3540 2155 su-

1958 2169 2025 2221 cii
2051 2170 2247 2225 Cltrisu
2276 2176 2542 2241 passionis
2572 2179 2748 2233 ell'ecti
2782 2196 2873 2247 per
2896 2187 3216 2254 baptisntum
3248 2192 3535 2261 longitudi-

1957 2279 2078 2317 nem
2111 2268 2233 2319 vita:
2261 2279 2478 2324 aeterna:
2507 2272 2848 2340 percipimus.

2027 2378 2187 2447 287
2221 2377 2273 2431 6.
2318 2382 2466 2447 Quod
2513 2399 2638 2438 vero
2676 2386 2867 2441 cubitis
2897 2392 3277 2461 quinquaginta
3312 2396 3535 2451 latitudo

1956 2472 2072 2541 cjws
2099 2473 2443 2539 expandilnr,
2474 2476 2613 2530 sicut
2643 2478 2775 2531 dixit
2815 2483 3098 2549 Apostolus
3127 2502 3138 2535 :
3166 2484 3265 2539 Cor
3309 2497 3536 2541 nostrum

1958 2565 2229 2615 dilatatam
2253 2572 2322 2617 est
2349 2562 2433 2635 (II
2458 2564 2577 2619 Cor.
2606 2583 2678 2634 vr,
2702 2570 2723 2621 1
2743 2572 2818 2640 l)?
2844 2573 2999 2638 unde,
3023 2575 3121 2627 nisi
3146 2578 3403 2631 charitate
3426 2578 3537 2647 spi-

1954 2653 2174 2706 rituali?
2214 2664 2433 2724 propter
2460 2657 2597 2724 quod
2626 2660 2737 2727 ipse
2767 2662 2957 2715 iterum
2988 2664 3153 2718 dicit:
3180 2666 3413 2721 Charitas
3440 2668 3534 2722 Dei

1953 2742 2145 2811 cii/fusa
2182 2753 2253 2797 est
2282 2746 2335 2797 in
2364 2747 2602 2801 cordibus
2631 2752 2817 2804 nostris
2858 2769 2948 2822 per
2986 2754 3238 2823 Spiritum
3276 2770 3547 2823 sanctum,

1950 2839 2038 2904 qui
2064 2838 2213 2889 datus
2236 2846 2305 2891 est
2340 2838 2480 2891 nobis
2504 2839 2681 2907 (Rom.
2718 2859 2767 2911 ν,
2801 2843 2875 2914 5).
2910 2848 3359 2919 Quinquagesimo
3387 2854 3529 2908 enim

1950 2928 2037 2981 die
2092 2939 2210 2996 post
2266 2933 2715 2987 resurrectionem
2774 2952 2925 2991 suam
2979 2940 3226 2995 Christus
3272 2945 3528 3014 Spiritum

1948 3032 2191 3074 sanctum
2224 3022 2387 3078 misit.
2421 3039 2525 3091 quo
2552 3026 2712 3079 corda
2740 3028 3073 3085 credentium
3103 3033 3363 3091 dilatavit.

2022 3132 2077 3183 7.
2116 3132 2265 3199 Quod
2307 3142 2484 3189 autem
2534 3135 2651 3204 ejus
2700 3138 2923 3194 altitudo
2973 3142 3023 3195 iit
3058 3145 3270 3213 triginta
3320 3149 3533 3205 cubitos

1952 3224 2144 3292 surgit,
2174 3243 2334 3293 quem
2365 3245 2643 3284 numerum
2670 3231 2851 3286 decies
2885 3233 3040 3288 habet
3071 3237 3121 3289 in
3153 3239 3407 3294 trecentis
3435 3256 3532 3295 cu-

1951 3316 2076 3371 bitis
2123 3317 2424 3388 longitudo,
2472 3319 2594 3388 quia
2635 3321 2880 3376 Christus
2921 3326 3145 3379 altitudo
3186 3339 3385 3398 nostra,
3415 3334 3528 3398 qui,

1950 3412 2164 3479 triginta
2196 3426 2457 3466 annorum
2485 3427 2677 3482 gerens
2700 3424 2938 3481 nitatem,
2972 3418 3266 3472 doctrinam
3299 3438 3530 3492 evange-

1948 3501 2102 3556 licam
2135 3505 2486 3566 consecravit,
2519 3514 2834 3560 contestans
2876 3508 3044 3576 legem
3088 3525 3191 3565 non
3221 3526 3280 3564 se
3312 3514 3526 3567 venisse

1946 3594 2177 3660 solvere,
2242 3595 2335 3649 sed
2385 3595 2632 3663 implere.
2683 3596 2839 3666 Legis
2882 3610 3057 3654 autem
3100 3615 3195 3655 cor
3238 3603 3289 3656 in
3335 3604 3523 3659 decem

1942 3689 2225 3756 prmceptis
2283 3690 2612 3756 agnoscitur.
2687 3691 2835 3745 Unde
2888 3694 3066 3747 decies
3119 3696 3336 3751 tricenis
3383 3712 3522 3752 arca:

1939 3777 2218 3845 longitudo
2246 3778 2537 3845 perlicitur,
2568 3779 2709 3834 unde
2740 3790 2795 3835 et
2825 3781 2936 3849 ipse
2963 3783 3074 3837 Noe
3099 3784 3166 3837 ab
3185 3785 3353 3839 Adam
3378 3789 3522 3842 deci-

1942 3883 2063 3923 nius
2091 3879 2449 3939 computatur.

1927 4022 2157 4076 occultus
2192 4022 2256 4075 sit
2280 4021 2493 4077 ultimus
2524 4025 2653 4088 dies,
2684 4043 2834 4094 quem
2866 4028 3060 4081 utiliter
3087 4027 3335 4084 Dominus
3363 4033 3520 4089 latere

1925 4103 2157 4164 oportere
2186 4094 2571 4149 demonstravit.
2606 4096 2799 4151 GRIAL.

1994 4162 2150 4242 Ibidz
2182 4165 2329 4242 Quod
2358 4176 2530 4242 autem
2556 4182 2645 4242 per
2671 4169 2817 4242 δραι,
2864 4184 3031 4242 usque
3063 4170 3126 4224 ad
3170 4170 3405 4242 voluptas
3434 4178 3510 4230 in-

1920 4242 2075 4303 terp.,
2104 4234 2341 4303 ejusdem
2372 4236 2464 4289 lih.
2499 4254 2565 4290 xv
2596 4238 2665 4292 de
2692 4234 2850 4293 Civi't.
2876 4256 2925 4293 c.
2947 4234 3044 4294 ΞΟ.
3077 4243 3267 4297 Gnttt.

1994 4305 2131 4358 Ibid.
2174 4306 2303 4371 Quae
2333 4308 2399 4361 de
2427 4309 2666 4361 numeris
2706 4313 2902 4379 passim
2952 4313 3002 4364 in
3053 4314 3134 4365 his
3176 4326 3513 4370 commenta-

1923 4374 2018 4429 riis
2041 4379 2395 4453 attinguntur,
2429 4394 2515 4453 ea
2540 4382 2607 4432 ab
2648 4374 2851 4453 Isidoro
2891 4382 3011 4434 data
3047 4397 3211 4450 opera
3263 4399 3508 4453 exposita

1919 4457 2054 4524 sunt
2099 4449 2148 4524 in
2200 4449 2449 4513 peculiari
2504 4450 2642 4504 libro
2683 4452 2751 4505 de
2806 4449 3095 4520 Nunteris,’
3128 4467 3288 4520 quem
3338 4449 3507 4524 supra

1915 4517 2082 4573 edidi.
2108 4518 2278 4571 Anev.

1984 4587 2118 4666 Car.
2148 4603 2241 4641 vn.
2274 4587 2336 4641 Ν.
2372 4589 2427 4666 2..
2471 4590 2589 4645 Noe
2622 4608 2711 4662 per
2752 4608 2957 4666 aquam,
2992 4610 3159 4666 usque
3200 4599 3265 4653 ad
3296 4612 3389 4666 per
3420 4598 3508 4652 lit-

1913 4664 2074 4710 teram
2103 4661 2245 4725 (cap.
2276 4662 2445 4738 .seq.),
2490 4661 2846 4738 ltzec'omnia,
2890 4661 3091 4733 paucis,
3140 4683 3259 4738 qua:
3297 4661 3503 4722 notabi-

1914 4742 2055 4801 "illi,
2079 4732 2341 4796 exceptis,
2374 4742 2499 4784 sunt
2537 4735 2817 4801 Augusdui
2851 4738 3011 4791 verba
3032 4732 3099 4793 ex
3131 4732 3224 4793 lib.
3265 4754 3340 4793 xtt
3371 4752 3502 4792 con-

1916 4799 2226 4880 ti'a__l“aitst._,
2258 4815 2288 4852 a
2318 4817 2435 4880 cap.
2487 4800 2556 4856 M
2585 4799 2750 4874 usque
2780 4804 2849 4858 ad
2875 4802 2965 4871 24,
2992 4824 3024 4862 e
3075 4825 3183 4880 quo
3212 4819 3337 4864 sunt
3370 4828 3503 4863 nun-

1912 4869 2055 4922 nulla
2086 4873 2350 4925 resututa.
2381 4871 2568 4926 Gntxu
2666 4869 2679 4874 ’
2818 4882 2823 4887 ’

1983 4938 2126 4993 Ibid.
2168 4940 2401 5020 Crialius
2430 4946 2586 4997 habet
2613 4944 2929 5020 contionatur
2956 4950 3232 5013 mendose.
3261 4960 3318 5005 ut
3346 4961 3498 5020 puto,

1912 5023 2029 5090 pro,
2066 5013 2441 5090 condonantur,
2491 5016 2633 5084 quod
2679 5016 2734 5069 itt
2792 5020 2911 5071 aliis
2957 5035 3170 5089 quoque
3214 5013 3502 5090 ImpreSsts

1911 5088 2109 5135 exstat.
2155 5082 2323 5135 Ausv.

1982 5153 2037 5205 4.
2090 5151 2152 5277 léi
2178 5168 2378 5222 magna:
2406 5155 2696 5224 fortitud...
2734 5157 2798 5213 Vi
2834 5176 3041 5230 magna,
3070 5163 3210 5231 apud
3250 5164 3500 5233 Augusti-

1991 5239 2061 5275 m.
2146 5239 2285 5277 ωλι..

1912 5237 2061 5275 num.
2096 5237 2285 5277 UHIAL.

1984 5290 2125 5346 Ibid.
2162 5292 2229 5369 Ut
2257 5296 2312 5348 in
2340 5311 2585 5369 compage
2606 5299 2860 5367 ﬁrmetur,
2894 5310 2999 5356 etc.
3031 5302 3120 5358 Sic
3158 5306 3385 5360 restituo
3418 5309 3496 5360 lu-

1912 5378 2030 5416 rum
2063 5367 2487 5440 ett_lto_noniensi
2528 5367 2929 5424 Alburnuziauo
2969 5375 3187 5429 Codice.
3237 5376 3494 5440 (ωηιξη-κ.

1912 5449 2031 5521 cum
2061 5435 2177 5519 aliis
2225 5437 2416 5521 Editis,
2469 5449 2524 5491 ut
2553 5441 2608 5493 in
2648 5457 2892 5512 compage
2919 5446 3132 5499 unitatis
3180 5435 3494 5521 significetur

1912 5504 2201 5570 tolerantia,
2236 5517 2339 5561 etc.
2370 5512 2539 5562 AREV.

1983 5575 2048 5658 5._
2080 5574 2146 5658 In
2173 5579 2391 5658 quinque
2431 5583 2734 5658 per_pr0plt.
2770 5582 2852 5658 Ita
2887 5586 2938 5639 in
2984 5588 3254 5658 plerisipte
3285 5589 3407 5642 Mss.
3440 5597 3497 5643 et.

1913 5649 2050 5729 apttd
2076 5648 2310 5729 Cochen
2350 5648 2797 5729 In'quinta‘apud
2830 5648 3059 5729 August.
3098 5672 3153 5716 et
3170 5648 3405 5729 'Bedtttn,
3436 5670 3492 5715 et

1913 5714 1967 5771 in
1994 5715 2108 5771 Val.
2136 5726 2190 5772 et
2218 5718 2427 5791 Compl.
2463 5714 2657 5778 Cum.
2694 5714 2711 5725 ’
2914 5714 2942 5729 ³
3022 5714 3027 5715 ί
