4064 6170
458 250 562 307 951

1518 230 1577 284 S.
1620 225 1867 283 lSlDORl
1906 219 2356 280 lllSP.\l.E.\'SlS
2395 214 2699 273 EPISCOPI

3627 205 3732 261 235!

533 359 588 410 8.
628 352 778 421 Quod
804 352 979 405 sexies
1019 349 1171 416 longa
1201 344 1264 397 ad
1290 342 1621 397 latitudinem
1662 354 1837 401 suam,
1866 346 1921 391 et
1944 336 2035 389 de-
2068 337 2113 397 Α
2144 334 2349 387 hinario
2400 343 2621 383 numero
2665 326 2730 380 ad
2781 323 3076 377 schismata
3127 319 3331 384 lacile:,
3372 326 3428 374 et
3464 316 3731 387 quodam-

448 448 579 503 cics
626 447 691 501 ad
740 444 1071 501 altitudinem
1108 453 1284 503 suam,
1329 434 1543 488 humani
1585 430 1829 500 corporis
1879 428 2048 482 instar

471 540 730 604 ostendit,
784 534 839 590 in
884 548 989 603 quo
1019 532 1266 584 Christus
1309 525 1576 594 apparuit.
1608 520 1867 589 Corporis
1905 518 2047 571 enim

471 629 772 700 longitudo,
824 640 854 678 a
885 622 1087 677 vertice
1118 633 1285 687 usque
1334 616 1398 669 ad
1430 613 1675 682 vestigia,
1716 612 1893 665 sexies
1934 618 2053 661 tan-

473 736 583 778 tum
613 722 770 775 habet
795 732 953 788 quam
984 712 1231 774 latitudo,
1273 723 1395 778 qua:
1424 716 1508 761 est
1543 705 1611 759 ab
1656 720 1762 758 uno
1792 705 1955 757 latere
1985 700 2053 753 ad

475 816 700 870 alterum
742 812 913 869 latus;
959 816 1014 859 et
1038 804 1217 859 decies
1258 811 1460 855 tantum
1504 808 1761 866 quantum
1805 794 2053 855 altitudo,

474 906 626 972 cujus
670 898 965 954 altitudinis
1013 908 1263 950 mensura
1312 900 1397 946 est
1427 891 1480 943 in
1517 889 1685 943 latere
1724 902 1755 939 a
1786 885 1950 938 dorso
1987 882 2054 935 ad

476 1006 714 1051 ventrem
724 1032 737 1044 .

551 1088 603 1139 9.
650 1084 807 1137 Velut
834 1080 877 1135 si
898 1078 1168 1149 iacentem
1196 1074 1469 1129 hominem
1513 1067 1751 1123 metiaris
1782 1057 2062 1132 supinum,

479 1194 575 1233 seu
607 1190 851 1245 pronum,
890 1172 1068 1226 sexies
1116 1176 1317 1221 tantum
1366 1166 1554 1231 longus
1592 1168 1676 1214 est
1719 1173 1748 1210 a
1777 1158 1952 1225 capite
1994 1154 2061 1207 ad

482 1270 670 1336 pedes,
701 1280 858 1334 quam
887 1263 1027 1317 latus
1051 1276 1077 1311 a
1110 1258 1329 1312 dextera
1362 1255 1415 1307 in
1442 1253 1740 1312 sinistram,
1767 1248 1850 1301 vel
1875 1262 1904 1300 a
1934 1245 2066 1299 sini-

485 1368 594 1412 stra
640 1356 691 1409 in
740 1355 1051 1415 dexteram;
1104 1357 1159 1403 et
1203 1347 1382 1400 decies
1433 1357 1596 1413 quam
1642 1341 1783 1394 altos
1827 1354 1856 1392 a
1900 1345 2063 1391 terra.

488 1449 638 1505 Unde
670 1447 803 1499 facta
834 1455 919 1499 est
960 1458 1081 1496 arca
1116 1450 1472 1493 trecentorum
1505 1433 1810 1487 cubitorum
1862 1429 1914 1481 in
1956 1429 2069 1480 lon-

487 1540 747 1611 gitudine,
774 1546 830 1591 et
865 1533 1243 1606 quinquaginta
1273 1530 1326 1585 in
1361 1526 1663 1589 latitudine,
1696 1533 1752 1578 et
1778 1523 1991 1592 triginta
2018 1522 2068 1573 in

493 1632 799 1688 .ltitudine.
835 1627 961 1681 Item
992 1622 1131 1693 quod
1154 1620 1343 1675 eadem
1390 1631 1512 1672 arca
1541 1615 1768 1670 collecta
1800 1612 1865 1666 ad
1904 1626 2069 1665 unum

487 1725 724 1778 cubitum
767 1722 997 1787 desuper
1026 1720 1454 1772 consummatur,
1496 1710 1573 1762 sic
1603 1704 1840 1760 Ecclesia
1877 1718 2070 1772 corpus
2100 1697 2149 1757 Β

488 1812 687 1868 Clu-isti
718 1811 771 1865 in
801 1807 1003 1862 unitate
1041 1804 1266 1858 collecta
1308 1800 1630 1855 sublimatur
1689 1805 1747 1850 et
1779 1793 2068 1861 perlicitur.

563 1902 650 1955 10.
693 1897 846 1954 Unde
892 1895 1089 1949 dicitur
1126 1892 1179 1944 in
1232 1888 1519 1955 Evangelio
1546 1902 1560 1938 :
1590 1884 1691 1950 Qui
1732 1899 1925 1937 mecum
1968 1897 2071 1933 non

490 2001 785 2064 congregat,
808 1987 1002 2056 spargit
1034 1982 1186 2054 (Luc.
1220 1995 1294 2041 xl,
1326 1978 1445 2045 23).
1476 1976 1629 2044 Quod
1670 1983 1850 2028 autem
1897 1973 2075 2025 aditus

496 2084 554 2138 ﬁt
582 2083 632 2138 ei
662 2096 691 2135 a
723 2082 889 2135 latere
912 2094 948 2143 ;·
971 2090 1130 2130 nemo
1175 2072 1371 2141 quippe
1411 2070 1576 2124 intrat
1614 2068 1931 2129 Ecclesiam,
1974 2064 2073 2118 nisi

496 2190 591 2243 per
626 2179 1020 2227 sacramentum
1068 2163 1401 2221 remissionis
1431 2169 1796 2231 peccatorum,
1836 2159 1978 2225 quod
2011 2157 2077 2209 de

498 2262 692 2318 Christi
730 2261 896 2315 latere
932 2266 1119 2327 aperto
1165 2253 1416 2309 manavit.
1458 2250 1610 2315 Quod
1638 2247 1889 2303 inferiora
1938 2260 2078 2298 arcae

499 2355 821 2409 bicamerata
867 2358 923 2405 et
952 2350 1288 2402 tricamerata
1316 2352 1724 2406 conStruuntur,
1752 2340 1832 2393 sic
1859 2354 1922 2392 ex
1958 2352 2078 2391 om-

495 2447 651 2501 nihus
668 2446 917 2516 gentibus
949 2442 1032 2495 vel
1065 2438 1369 2508 bipertitam
1412 2433 1810 2489 multitudinem
1852 2445 2080 2500 congre-

501 2549 589 2607 gat
645 2536 880 2591 Ecclesia
949 2541 1168 2603 propter
1231 2526 1696 2584 circumcisionem
1759 2532 1815 2579 et
1872 2538 2080 2591 praepu-

504 2632 659 2693 tium,
690 2629 856 2700 288
883 2626 967 2679 vel
1011 2623 1329 2693 tripertitam
1374 2626 1597 2689 propter
1624 2626 1734 2671 tres
1783 2615 1921 2671 lilios
1948 2613 2082 2679 Noe,

504 2737 727 2792 quorum
752 2720 1003 2789 progenie
1034 2718 1266 2783 repletus
1294 2722 1380 2767 est
1399 2711 1566 2766 orbis.

493 2799 499 2807 ’
581 2812 667 2865 11.
710 2809 776 2863 Et
805 2809 927 2863 ideo
950 2821 1087 2862 arcae
1121 2805 1373 2860 inferiora
1406 2804 1547 2857 dicta
1576 2808 1722 2865 sunt,
1758 2802 1877 2867 quia
1909 2803 1961 2852 in
1990 2802 2089 2851 hac

509 2911 718 2958 terrena
753 2900 857 2953 vita
898 2910 980 2953 est
1022 2899 1305 2952 divezsitas
1336 2895 1593 2964 gentium.
1640 2894 1693 2947 In
1745 2906 1954 2945 summo
1998 2906 2090 2941 au-

510 3006 616 3050 tem
640 3007 829 3047 omnes
867 2993 918 3044 in
950 3006 1116 3044 unum
1144 2995 1608 3053 consummantur,
1648 2996 1696 3038 et
1734 2999 1841 3037 non
1871 2992 1955 3036 est
2000 2998 2089 3033 va-

512 3090 699 3153 rietas,
732 3084 852 3154 quia
885 3082 1063 3136 omnia
1093 3093 1146 3136 et
1176 3084 1227 3136 in
1260 3081 1510 3134 omnibus
1547 3076 1920 3139 estChristus,

510 3198 669 3254 quam
714 3194 812 3233 nos
857 3179 911 3233 in
966 3191 1071 3229 uno
1120 3174 1302 3229 cubito
1348 3176 1581 3241 desuper
1636 3170 1842 3226 cmlesﬁ
1892 3168 2093 3222 unitate

509 3285 912 3329 consummans.
943 3266 1094 3333 Quod
1126 3273 1314 3319 cuncta
1346 3261 1654 3316 animalium
1694 3274 1891 3330 genera
1924 3258 2095 3313 inclu-

512 3368 716 3420 duntur
753 3363 806 3417 in
836 3374 984 3424 arca,
1030 3358 1297 3427 signiﬁcat
1323 3355 1444 3422 quia
1475 3369 1542 3409 ex
1573 3353 1822 3406 omnibus
1847 3350 2097 3422 gentibus

514 3467 569 3513 et
597 3454 902 3511 nationibus
931 3448 1275 3519 congregatio
1306 3448 1361 3498 lit
1395 3447 1448 3498 in
1482 3442 1741 3498 Ecclesia.

590 3546 680 3601 12.
720 3543 872 3610 Quod
917 3543 1078 3595 etiam
1130 3538 1289 3593 Petro
1330 3534 1730 3588 demonstratus
1776 3530 1864 3584 ille
1918 3529 2099 3582 discus

516 3640 655 3700 (Act.
687 3637 744 3706 ι)
780 3631 1045 3704 signiﬁcat
1080 3629 1221 3697 quod
1265 3626 1462 3681 munda
1496 3633 1552 3678 et
1589 3620 1860 3676 immunda
1890 3619 1964 3675 ibi
1992 3620 2101 3674 siut

517 3731 790 3795 animalia,
841 3727 920 3781 sic
972 3725 1026 3779 in
1072 3721 1315 3778 Ecclesia
1368 3729 1427 3775 et
1479 3716 1833 3772 sacramentis
1874 3715 1998 3770 boni
2047 3724 2104 3768 et

519 3821 644 3876 mali
674 3828 976 3875 versantur.
1007 3815 1160 3884 Quod
1192 3822 1420 3884 septena
1460 3818 1586 3866 sunt
1631 3808 1851 3873 munda,
1894 3817 1947 3862 et
1981 3808 2102 3891 bina

518 3913 818 3976 immunda,
848 3928 953 3967 non
992 3912 1117 3980 quia
1152 3907 1431 3978 pauciores
1460 3912 1587 3958 sunt
1613 3901 1736 3958 mali
1760 3916 1919 3973 quam
1952 3899 2101 3963 boni,

518 4005 612 4060 sed
654 4004 777 4074 quia
823 4002 945 4056 boni
994 4006 1218 4054 servant
1260 3998 1519 4052 unitatem
1546 3995 1768 4066 spiritus
1806 3996 1860 4050 in
1890 3992 2104 4047 vinculo

426 4102 429 4103 ⁷
522 4098 689 4166 pacis.
734 4094 986 4149 Sanctum
1016 4099 1192 4144 autem
1234 4088 1493 4155 Spiritum
1521 4087 1702 4140 divina
1743 4085 2018 4153 Scriptura
2049 4085 2105 4137 in

521 4188 819 4257 septiformi
850 4186 1166 4253 operatione
1205 4180 1574 4244 commendat,
1622 4180 1899 4245 sapientia:
1942 4185 1998 4231 et
2025 4178 2106 4230 in-

523 4279 791 4341 tellectus,
818 4273 1032 4329 coasilii
1075 4281 1132 4328 et
1172 4270 1526 4336 fortitudinis,
1556 4271 1795 4325 scientiae
1837 4276 1893 4323 et
1934 4270 2106 4339 pieta-

523 4372 610 4434 tis,
640 4376 697 4423 et
720 4366 925 4422 timoris
952 4364 1069 4421 Dei.

2152 425 2310 477 modo
2338 422 2628 476 divisibiles
2654 416 3008 473 ostenduntur
3036 410 3250 484 (Epltes.
3282 426 3354 475 tv,
3384 410 3464 479 5).

2224 538 2310 592 14.
2354 537 2504 601 Quod
2537 536 2651 602 ipse
2693 532 2805 588 Noe
2831 546 2951 585 cum
2990 527 3102 583 suis
3145 538 3368 581 octavus
3399 533 3736 587 numeratur,

2152 632 2275 695 quia
2309 631 2358 682 in
2389 629 2603 683 Christo
2632 638 2757 690 spes
2796 630 2991 678 nostras
3023 616 3437 673 resurrectionis
3467 613 3741 682 apparuit,

2153 723 2245 793 qui
2281 730 2465 775 octava
2495 718 2605 779 die,
2633 714 2683 769 id
2706 724 2811 778 est,
2844 722 2965 784 post
2994 710 3214 767 Sabhati
3245 708 3531 776 septimum
3571 704 3744 774 primo

2156 828 2185 864 a
2217 812 2438 863 mortuis
2467 806 2789 869 resurrexit;
2826 805 2915 873 qui
2944 802 3061 857 dics
3100 817 3128 853 a
3163 799 3409 868 passione
3450 799 3657 860 tertius,
3688 796 3742 849 in

2160 919 2383 961 numero
2411 912 2589 956 autem
2617 900 2823 953 dierum
2851 897 2939 966 qui
2982 909 3075 963 per
3100 908 3261 947 omne
3288 903 3497 959 tempus
3527 889 3747 944 volvun-

2163 1009 2247 1054 tur
2283 1008 2335 1052 et
2358 1006 2578 1050 octavus
2604 1006 2657 1049 et
2694 994 2896 1061 primus
2926 1000 3032 1047 est.

2239 1110 2325 1164 15.
2365 1107 2516 1174 Quod
2562 1116 2683 1175 post
2723 1114 2925 1173 septem
2953 1102 3090 1167 dies,
3120 1116 3184 1157 ex
3218 1116 3322 1171 quo
3350 1098 3623 1168 ingressus
3659 1104 3747 1152 est

2164 1203 2277 1259 Noe
2298 1204 2352 1258 iu
2381 1218 2580 1266 arcam,
2609 1200 2806 1254 factum
2831 1209 2913 1253 est
2934 1196 3215 1262 diluvium,
3247 1195 3365 1261 quia
3399 1194 3450 1246 in
3478 1208 3628 1258 spent
3661 1192 3749 1245 fo-

2167 1306 2304 1350 turae
2332 1293 2550 1363 quietis,
2575 1307 2694 1360 quae
2724 1290 2953 1358 septimo
2998 1288 3085 1342 die
3115 1286 3410 1355 signiﬁcata
3437 1295 3541 1351 est,
3567 1282 3752 1352 ,bapti—

2170 1402 2374 1443 zatnur.
2408 1384 2559 1452 Quod
2605 1392 2796 1450 prater
2823 1395 3002 1434 arcam
3048 1379 3224 1433 omnis
3255 1392 3381 1432 caro
3410 1390 3567 1446 quam
3610 1386 3755 1428 terra

2172 1479 2506 1534 sustentabat
2527 1472 2729 1527 diluvio
2751 1480 3065 1538 consumpta
3089 1478 3192 1534 est,
3219 1470 3341 1537 quia
3375 1476 3569 1534 praeter
3592 1466 3757 1536 289

2178 1565 2430 1625 Ecclesia:
2458 1568 2792 1628 societatem,
2826 1576 2962 1631 aqua
3000 1560 3270 1628 baptismi,
3301 1558 3543 1629 quamvis
3564 1559 3755 1612 eadem

2178 1662 2269 1723 sit,
2302 1674 2404 1713 non
2437 1658 2609 1711 solum
2659 1671 2763 1709 non
2796 1654 2936 1708 valet
2960 1654 3025 1707 ad
3073 1655 3321 1713 salutem,
3354 1651 3453 1707 sed
3482 1651 3622 1706 valet
3663 1664 3761 1720 po-

2177 1753 2281 1805 tius
2303 1750 2369 1803 ad
2402 1747 2690 1816 perniciem

2249 1863 2338 1917 16.
2378 1860 2529 1928 Quod
2559 1859 2901 1929 quadraginta
2931 1856 3118 1911 diebus
3140 1863 3194 1909 et
3213 1852 3562 1925 quadraginta
3588 1851 3764 1905 nocti-

2177 1956 2277 2010 bus
2310 1955 2463 2023 pluit,
2497 1954 2620 2020 quia
2651 1952 2826 2005 omnis
2873 1961 3053 2003 reatus
3094 1957 3431 2017 peccatorum
3480 1947 3531 1999 in
3576 1946 3762 1998 decem

2179 2047 2464 2118 praeceptis
2495 2046 2627 2113 legis
2656 2042 2955 2101 admittitur
2981 2056 3073 2109 per
3103 2040 3408 2092 universum
3440 2036 3622 2090 orbem
3656 2047 3770 2089 ter-

2180 2153 2408 2201 rarum,
2472 2135 2563 2205 qui
2616 2144 2846 2203 quatuor
2899 2131 3135 2201 partibus
3193 2130 3518 2183 continetur.
3570 2127 3766 2180 Decem

2180 2228 2378 2298 quippe
2406 2237 2594 2297 quater
2618 2230 2774 2281 ducta
2806 2224 3153 2294 quadraginta
3187 2222 3353 2287 ﬁunt;
3386 2221 3503 2275 sive
3530 2221 3618 2275 ille
3649 2234 3773 2273 rea-

2187 2330 2270 2375 tus
2291 2322 2381 2390 qui
2413 2320 2479 2374 ad
2510 2321 2624 2374 dies
2658 2316 2885 2384 pertinet
2908 2332 2972 2372 ex
3002 2332 3181 2371 rerum
3231 2314 3615 2384 prosperitate,
3648 2314 3773 2367 sive

2184 2412 2275 2483 qui
2304 2412 2370 2466 ad
2400 2422 2584 2465 noctes
2627 2424 2690 2463 ex
2736 2424 2916 2462 rerum
2961 2407 3284 2461 adversitate
3316 2414 3621 2460 contractus
3663 2405 3772 2471 sit,

2187 2513 2526 2559 sacramento
2554 2501 2805 2567 baptismi
2835 2499 3072 2554 caelestis
3098 2498 3349 2551 abluitur.

2267 2598 2355 2650 17.
2397 2596 2546 2662 Quod
2579 2596 2686 2648 Noe
2712 2594 3123 2663 quingentorum
3163 2599 3279 2644 erat
3319 2603 3577 2643 annorum
3601 2629 3618 2656 ,
3646 2602 3777 2644 cum

2188 2688 2237 2741 ei
2265 2688 2471 2740 locutus
2500 2696 2584 2740 est
2613 2685 2887 2749 Dominus,
2916 2694 2969 2736 ut
2996 2696 3174 2736 arcam
3199 2681 3300 2735 sibi
3328 2680 3547 2746 ticeret,
3570 2691 3623 2735 et
3651 2694 3779 2735 sex-

2190 2787 2378 2833 centos
2430 2777 2659 2831 habebat
2706 2790 2875 2828 annos
2900 2814 2915 2837 ,
2946 2788 3066 2827 cum
3112 2772 3165 2827 in
3196 2789 3311 2827 eatn
3343 2783 3427 2827 est
3466 2773 3777 2841 ingressus;

2192 2870 2337 2924 unde
2368 2868 2684 2940 intelligitur
2732 2882 2828 2933 per
2865 2875 3081 2919 centum
3122 2878 3292 2918 annos
3322 2880 3443 2917 arca
3479 2864 3729 2917 fabricata
3761 2879 3779 2925 ;

2194 2960 2322 3031 quid
2355 2959 2502 3013 aliud
2535 2960 2623 3012 hic
2655 2957 2905 3010 videntur
2934 2965 3146 3009 centum
3175 2955 3300 3009 anni
3324 2953 3641 3022 signiﬁcare,
3675 2954 3780 3006 nisi

1970 3085 2084 3126 κη..
2114 3069 2165 3134 c
2198 3060 2384 3105 aetates
2413 3048 2597 3102 saeculi
2627 3046 2902 3117 singulas?
2941 3046 3092 3101 Unde
3134 3045 3234 3099 ista
3270 3056 3419 3100 sexta
3460 3055 3589 3098 mtas
3614 3085 3629 3106 ,
3659 3059 3784 3113 quas

2197 3141 2479 3210 completis
2508 3138 2810 3209 quingentis
2842 3153 3008 3208 usque
3047 3137 3112 3191 ad
3144 3145 3427 3191 sescentos
3454 3136 3787 3206 signiﬁcatur

2200 3234 2251 3288 in
2284 3232 2715 3287 ntanifestatione
2744 3230 3073 3299 evangelica,
3108 3228 3400 3283 Ecclesiam
3428 3227 3710 3282 construit.

2277 3347 2361 3402 18.
2406 3348 2473 3402 Et
2519 3346 2639 3399 ideo
2681 3345 2769 3415 qui
2805 3345 2907 3400 sibi
2942 3344 3007 3399 ad
3036 3345 3197 3398 vitam
3228 3344 3496 3411 consulit,
3543 3343 3612 3397 sit
3640 3342 3791 3400 velut

2178 3442 2518 3515 quadratum
2549 3438 2745 3506 lignum
2773 3477 2789 3503 ,
2830 3443 3047 3504 paratus
3076 3435 3141 3490 ad
3175 3450 3335 3490 omne
3369 3450 3505 3503 opus
3544 3435 3787 3496 bonum,

2204 3544 2258 3587 et
2291 3534 2453 3585 intret
2474 3532 2524 3584 in
2555 3530 2809 3583 fabricam
2831 3537 3093 3597 sanctam,
3119 3528 3242 3598 quia
3265 3536 3319 3582 et
3344 3526 3609 3583 secundus
3631 3542 3790 3582 men-

2204 3623 2281 3677 sis
2308 3620 2434 3674 anni
2460 3618 2863 3682 sexcentesimi,
2889 3633 2998 3686 quo
3022 3618 3184 3671 intrat
3209 3617 3321 3673 Noe
3342 3617 3394 3672 in
3419 3632 3619 3681 arcam,
3641 3632 3797 3672 eam-

2205 3712 2327 3767 dem
2355 3708 2621 3763 senariam
2658 3716 2871 3763 aetatem
2911 3707 3215 3776 signiﬁcat;
3261 3710 3373 3763 duo
3401 3708 3545 3764 enim
3575 3722 3796 3764 menses

2204 3801 2555 3869 sexagenario
2584 3814 2807 3855 numero
2835 3797 3245 3855 concluduntur.

2280 3896 2369 3951 l9.
2410 3897 2451 3950 A
2477 3896 2690 3950 senario
2720 3903 2895 3947 autem
2924 3907 3148 3947 numero
3170 3902 3224 3946 et
3250 3891 3522 3962 sexaginta
3555 3906 3788 3945 comme-

2208 3994 2507 4051 morantur,
2533 3995 2587 4039 et
2617 3992 2864 4039 sexcenta
2890 4022 2906 4046 ,
2939 3990 2997 4037 et
3039 3996 3131 4036 sex
3175 3982 3337 4037 millia
3363 4022 3378 4047 ,
3420 3992 3473 4036 et
3514 3983 3791 4051 sexaginta

2208 4083 2397 4148 millia,
2432 4090 2488 4133 et
2515 4090 2763 4135 sexcenta
2798 4078 2989 4142 millia,
3021 4090 3071 4132 et
3101 4078 3423 4142 sexcenties,
3455 4086 3509 4131 et
3536 4076 3797 4146 quidquid

2208 4174 2462 4241 deinceps
2510 4172 2563 4225 in
2607 4170 2900 4240 majoribus
2928 4168 3154 4224 summis
3196 4183 3289 4236 per
3315 4168 3562 4222 eumdem
3590 4168 3799 4221 articu-

2210 4268 2318 4321 lum
2352 4263 2559 4318 numeri
2590 4263 2641 4315 in
2674 4261 2879 4316 inﬁnita
2908 4262 3238 4315 incrementa
3262 4256 3557 4326 consurgit.

2282 4359 2374 4413 20.
2417 4356 2484 4411 Et
2525 4355 2667 4426 quod
2716 4353 3000 4409 vicesimus
3041 4363 3097 4408 et
3146 4351 3409 4422 septimus
3443 4350 3560 4404 dies
3596 4350 3801 4406 mensis

596 4460 684 4515 15.
728 4456 878 4514 Unde
907 4468 961 4510 et
985 4455 1076 4511 ille
1104 4468 1359 4509 numerus
1387 4453 1775 4525 quinquaginta
1800 4451 2005 4506 dierum
2034 4452 2100 4504 ad
2132 4436 2188 4500 Ι)
2211 4458 2685 4513 commemoratur,
2737 4446 2801 4499 ad
2852 4445 3090 4512 ejusdem
3135 4442 3475 4512 quadratum
3517 4440 3806 4508 signiﬁca-

522 4550 809 4606 adventum
838 4547 1007 4601 sancti
1036 4546 1270 4615 Spiritus
1297 4548 1570 4616 pertinens
1607 4546 1659 4599 in
1698 4545 1897 4613 septies
1925 4552 2103 4611 septe-

525 4644 629 4709 nis,
656 4641 744 4711 qui
779 4645 902 4693 liunt
933 4640 1283 4710 quadraginta
1331 4655 1545 4703 novem,
1590 4654 1694 4693 uno
1742 4638 1942 4702 addito,
1972 4652 2103 4692 con-

524 4747 841 4790 summatur.
876 4733 1103 4802 Propter
1139 4732 1278 4802 quod
1322 4732 1520 4784 dictum
1549 4739 1667 4783 est:
1697 4728 1969 4785 Studeutes
1995 4742 2103 4779 ser-

527 4844 644 4885 vare
664 4828 909 4882 unitatem
936 4827 1150 4895 spiritus
1194 4825 1247 4878 in
1267 4822 1471 4877 vinculo
1497 4822 1658 4891 pacis.
1692 4822 1813 4877 Mali
1840 4830 2018 4875 autem
2048 4821 2102 4874 in

600 4968 655 5025 8.
693 4964 935 5035 Corporis
958 4965 1094 5020 enim
1121 4961 1410 5035 longitudo,
1432 4959 1690 5035 usquead
1715 4958 1853 5014 altus
1880 4976 1912 5012 a
1942 4968 2101 5035 terra.

530 5041 659 5096 Haec
689 5032 808 5093 non
824 5047 948 5092 sunt
976 5036 1114 5103 apud
1154 5033 1532 5097 Augustinum.
1583 5032 1720 5087 Sunt
1764 5040 1938 5085 latiten
1970 5032 2020 5085 in
2046 5047 2101 5084 o.

531 5112 594 5176 l.,
626 5119 679 5165 et
708 5109 845 5176 apud
880 5108 1220 5162 Eucherium.
1242 5103 1438 5176 βιιιλι.

601 5183 655 5235 9.
697 5170 831 5237 Item
854 5177 991 5246 quod
1013 5192 1137 5231 arca
1173 5174 1387 5230 collecta
1415 5175 1483 5229 ad
1511 5190 1666 5227 unum
1690 5171 1805 5227 σιώ.
1835 5186 1900 5226 ex
1931 5185 1980 5225 c.
2015 5170 2105 5226 16.

531 5252 717 5375 cuii)?
732 5320 906 5377 Verba
931 5320 1087 5375 Luca
1116 5319 1170 5373 in
1207 5318 1432 5389 Vulgata
1466 5334 1479 5372 :
1509 5315 1611 5383 Qui
1637 5329 1739 5369 non
1777 5311 1974 5381 colligit
2004 5328 2108 5366 ute-

534 5410 670 5454 cum,
698 5390 959 5461 dispergit.
989 5394 1160 5446 Ant-:v.

610 5450 692 5517 11.
736 5450 1185 5514 σὸηεῖιηιηιωιιαν.
1230 5458 1679 5521 Consummatur,
1732 5454 1868 5522 Aug.
1912 5450 2104 5509 ϐαίη..

609 5532 749 5587 Ibid.
793 5530 941 5595 Quod
984 5541 1166 5585 cuncta
1204 5533 1508 5585 animalium
1543 5542 1751 5600 genera,
1803 5541 1870 5579 ex
1923 5539 1972 5578 ε.
2020 5525 2108 5578 15.

539 5606 794 5731 θἻέῗιιι
821 5670 1052 5727 Ecclesia
1088 5680 1136 5726 et
1174 5672 1523 5726 sacramentis.
1572 5666 1640 5725 1η
1669 5665 1913 5722 Ecclesia
1937 5679 2108 5724 sacra-

2213 4542 2411 4595 tionem
2439 4540 2689 4607 pertinet,
2715 4552 2831 4607 quae
2854 4535 2964 4603 jam
2988 4533 3043 4587 in
3075 4533 3348 4601 quadratis
3376 4532 3531 4600 lignis
3555 4533 3801 4598 exposita

2212 4644 2295 4689 est
2320 4649 2334 4698 ;
2365 4632 2458 4687 sed
2495 4632 2578 4684 hic
2605 4628 2909 4684 evidentius
2933 4668 2947 4693 ,
2980 4628 3102 4695 quia
3132 4640 3227 4680 nos
3257 4625 3320 4678 ad
3348 4640 3508 4679 omne
3532 4640 3666 4692 opus
3698 4624 3800 4677 bo-

2214 4744 2343 4785 num
2374 4735 2606 4796 paratos,
2642 4724 2693 4778 id
2724 4731 2829 4789 est,
2858 4719 3147 4790 quadratus
3169 4760 3184 4783 ,
3215 4716 3609 4783 quodammodo
3641 4714 3801 4768 trini-

2218 4830 2299 4874 tas
2330 4816 2537 4889 perﬁcit
2561 4856 2576 4880 ,
2611 4816 2662 4869 in
2696 4814 2948 4869 memoria
2976 4852 2990 4876 ,
3024 4826 3125 4881 qua
3170 4809 3336 4863 Deum
3386 4806 3711 4870 recolimus,
3745 4804 3803 4858 iu

2216 4957 2417 5022 mentis,
2450 4956 2582 5021 Aug.
2610 4952 2799 5008 GRIAL.

2289 5029 2377 5082 15.
2402 5016 2573 5093 Ὠιιοᾶ
2602 5034 2721 5092 post
2750 5030 2957 5093 septem,
2986 5033 3051 5073 ex
3083 5032 3133 5071 c.
3170 5017 3256 5093 17.
3288 5016 3486 5093 φημι..

2292 5083 2614 5162 Ιὺίάῖρυίὰ
2659 5096 2711 5147 in
2755 5083 2844 5161 spe
2885 5092 3048 5162 fatur,
3098 5089 3253 5154 quiet.
3288 5088 3361 5141 lta
3404 5091 3568 5156 Aug.,
3598 5083 3801 5155 Euch.,

2217 5171 2375 5233 Bed.,
2413 5160 2527 5221 Val.
2562 5167 2672 5229 ΑΙ.⁹
2703 5166 2758 5218 in
2786 5160 2973 5228 specie.
3006 5160 3198 5233 GRIAL.

2290 5228 2432 5295 Ibid.
2465 5238 2636 5291 Grial.
2662 5228 2721 5287 in
2752 5244 2897 5287 textu
2920 5247 3082 5297 spem,
3117 5230 3167 5282 iu
3202 5240 3316 5283 not.
3357 5244 3466 5299 spe.
3491 5228 3663 5281 Ansv.

2294 5314 2381 5367 l6.
2422 5308 2574 5376 Apud
2602 5303 2856 5361 Grialituu
2880 5295 2998 5376 erat
3021 5301 3292 5376 pertinent.
3326 5295 3597 5376 A-lii_Editi
3617 5337 3632 5362 ,
3664 5295 3808 5364 quod

2214 5384 2281 5438 ad
2309 5384 2416 5435 dies
2445 5372 2659 5449 pertinet
2685 5378 2788 5429 sive
2814 5374 2950 5449 quod
2975 5373 3043 5423 ad
3068 5381 3270 5449 noctes,
3292 5382 3396 5449 etc.
3427 5372 3600 5424 Aasv.

2286 5455 2377 5508 17.
2423 5441 2572 5516 Quod
2603 5445 2718 5500 Noe
2742 5441 3089 5515 quingentor.,
3122 5456 3173 5494 c.
3197 5441 3295 5516 _18.
3322 5442 3516 5516 Getae.

2284 5525 2377 5579 20.
2419 5509 2485 5575 Et
2509 5519 2646 5590 quod
2668 5509 2931 5590 vicesigtits
2960 5523 3006 5567 et
3030 5522 3159 5590 περς.
3197 5511 3271 5564 Ex
3301 5526 3350 5590 c.
3385 5512 3473 5565 ill.
3489 5509 3696 5590 βαίη..

2288 5593 2428 5651 Ibid.
2461 5580 2773 5659 Quadratus.
2807 5584 2874 5640 Et
2900 5583 3295 5657 conquadratos.
3322 5585 3458 5652 Aug.
3482 5580 3677 5637 ῦωλι..

2253 5775 2283 5789 ομ
2294 5774 2325 5785 ’ν-
2360 5775 2364 5779 ⁴
