4034 6148
298 256 406 313 233

1127 266 1584 333 QU/ES'I‘IONES
1625 276 1687 330 ΙΝ
1732 278 1886 335 VET.
1932 281 2225 341 TESTAM.
2260 317 2330 329 --
2360 289 2423 344 IN
2461 291 2771 351 GENESIN.

3471 323 3577 377 ρει

291 367 654 436 intelligentia
682 409 697 431 ,
747 383 849 439 qua
890 376 1270 443 cognoscimus
1292 419 1308 443 ,
1353 383 1405 436 in
1451 386 1722 443 voluntate
1746 432 1761 458 ,
1792 405 1895 459 qua
1930 394 1969 450 Α
2001 399 2358 462 septenariam
2389 406 2757 471 operationem
2788 414 3117 480 spiritualem
3149 423 3302 481 olim
3339 429 3572 487 fructuo-

292 456 569 487 Αἶπυ-ζηαηε

291 456 592 526 diligimus.

359 547 456 603 2L
500 549 623 603 Tria
650 552 794 606 enim
830 562 930 621 ter,
961 564 1016 610 et
1043 555 1144 612 hoc
1168 569 1268 625 ter,
1310 561 1446 619 ﬁunt
1472 565 1653 635 viginti
1683 578 1737 623 et
1764 586 1891 640 sep-

290 649 402 693 tem
429 680 443 703 ,
474 640 569 709 qui
598 652 679 696 est
709 645 872 715 290
904 644 1110 703 humeri
1142 654 1361 707 ternarii
1388 657 1698 725 quadratus.
1737 662 1890 729 Quod

285 735 521 799 septimo
568 751 756 790 mense
801 754 925 793 arca
973 742 1151 808 sedit,
1198 744 1298 800 hoc
1328 756 1450 811 est,
1479 752 1776 822 requievit,
1821 757 1889 810 ad

286 824 432 876 illam
483 826 770 890 septimam
814 830 1051 898 requiem
1099 834 1420 902 signiﬁcatio
1468 847 1735 910 recurrit,
1781 861 1884 915 qua

284 916 512 981 perfecti
558 916 922 987 requiescunt.
980 924 1054 978 lbi
1102 941 1315 997 quoque
1354 930 1502 987 illius
1546 937 1884 1004 quadratum

282 1023 542 1061 numerus
571 1011 816 1065 iteratur.

350 1098 440 1151 22.
487 1100 619 1152 Nam
654 1102 998 1170 vicesimaet
1027 1107 1252 1174 septima
1296 1110 1382 1166 die
1424 1116 1627 1172 mensis
1655 1120 1881 1174 secundi

279 1190 720 1243 commendatum
754 1200 836 1245 est
868 1192 970 1246 hoc
998 1208 1417 1255 sacramentum.
1470 1204 1534 1257 Et
1561 1221 1773 1262 rursum
1804 1210 1882 1264 vi-

274 1280 479 1331 cesima
529 1289 585 1333 et
633 1282 861 1348 septima
902 1282 991 1338 die
1034 1286 1245 1354 septimi
1290 1294 1486 1347 mensis
1507 1297 1694 1351 eadem
1722 1313 1880 1354 com-

273 1372 558 1424 mendatio
580 1372 900 1427 conﬁrmata
923 1388 1038 1440 εει,
1068 1390 1188 1430 eum
1219 1393 1343 1433 arca
1376 1384 1655 1453 requievit.

348 1462 443 1515 ‘23.
487 1464 641 1526 Quod
682 1464 825 1518 enim
858 1467 1187 1533 promittitur
1216 1469 1269 1523 in
1298 1486 1393 1539 spe
1419 1513 1433 1538 ,
1467 1475 1567 1531 hoc
1591 1479 1875 1539 exhibetur

268 1553 329 1606 in
380 1568 459 1606 re.
515 1552 683 1606 Porro
712 1556 839 1623 quia
879 1555 990 1625 ipsa
1023 1559 1246 1627 septima
1277 1564 1490 1630 requies
1528 1580 1647 1620 cum
1682 1582 1871 1628 octava

272 1645 682 1699 resurrectione
711 1647 1089 1717 conjungitur;
1123 1667 1297 1720 neque
1324 1656 1470 1709 enim
1503 1672 1728 1729 corpore
1752 1668 1872 1719 ted-

263 1732 384 1786 dito
432 1734 617 1787 ﬁnitur
661 1736 919 1804 requies,
952 1748 1073 1806 quae
1120 1750 1239 1807 post
1287 1745 1421 1799 hanc
1469 1748 1628 1803 vitam
1678 1754 1871 1824 excipit
1900 1757 1947 1816 Β
2045 1756 2135 1810 29.

264 1836 489 1878 sanctos
512 1867 526 1888 ,
579 1826 671 1881 sed
709 1830 883 1895 potius
916 1838 1083 1883 totum
1116 1833 1387 1891 hominem
1413 1878 1429 1904 ,
1476 1856 1581 1894 non
1612 1843 1786 1899 adhuc
1816 1849 1867 1900 in

262 1931 365 1983 spe
394 1958 407 1979 ,
439 1918 533 1971 sed
560 1918 670 1986 jam
700 1923 751 1972 in
783 1936 841 1975 re
869 1921 980 1990 ipsa
1015 1925 1162 1979 omni
1191 1940 1255 1980 ex
1289 1938 1439 1995 parte
1476 1942 1533 1986 et
1570 1936 1786 2002 spiritus
1814 1950 1868 1993 et

257 2010 514 2078 rorporis
548 2010 787 2076 perfecta
813 2053 829 2074 ,
884 2014 1173 2071 immortali
1221 2019 1395 2076 salute
1434 2035 1742 2081 renovatum
1768 2072 1783 2095 ,
1814 2030 1862 2083 in

258 2106 487 2151 aeternae
517 2100 647 2152 vita:
678 2115 872 2154 munus
903 2104 1148 2160 assumit.

331 2188 426 2241 24.
470 2189 607 2256 Quia
637 2191 802 2261 igitur
828 2196 1053 2265 septima
1087 2202 1301 2270 requies
1325 2218 1445 2260 cum
1473 2218 1657 2264 octava
1684 2227 1861 2267 resur-

257 2280 509 2333 rectione
539 2280 915 2351 conjungitur,
949 2295 1003 2339 et
1032 2287 1134 2343 hoc
1176 2293 1226 2344 in
1272 2307 1608 2352 sacramento
1642 2316 1859 2369 regene-

256 2368 492 2423 rationis
526 2384 727 2427 nostrae
750 2413 768 2438 ,
809 2376 861 2429 id
894 2386 977 2432 est
1000 2418 1015 2443 ,
1057 2380 1112 2434 in
1145 2383 1412 2450 baptismo
1439 2390 1601 2445 altum
1640 2368 1859 2462 profun-

248 2457 496 2528 dumque
530 2466 845 2530 mysterium
874 2478 977 2523 est.
1011 2470 1164 2538 Quod
1206 2475 1511 2543 quindecim
1543 2457 1736 2540 cubitis
1766 2501 1855 2541 su-

245 2552 536 2617 percrevit
568 2566 728 2621 aqua,
763 2558 1031 2614 excedens
1052 2561 1389 2631 altitudinem
1420 2571 1698 2630 montium.
1722 2576 1855 2630 Octo

250 2640 441 2710 itaque
470 2652 525 2698 et
562 2654 770 2714 septem
801 2648 1103 2716 quindecim
1136 2656 1356 2711 iaciunt.
1406 2658 1513 2715 Sed
1547 2672 1667 2718 octo
1690 2666 1853 2736 signi-

242 2732 415 2788 ﬁcant
446 2738 915 2804 resurrectionem,
947 2752 1154 2811 septem
1178 2747 1432 2815 quietem.

320 2822 412 2877 25.
450 2825 563 2879 lloc
587 2826 751 2895 igitur
772 2844 1171 2889 sacramentum
1196 2843 1604 2900 resurrectionis
1628 2857 1681 2902 et
1704 2850 1849 2919 quie-

238 2912 319 2965 tis
349 2918 689 2972 transcendit
716 2935 928 2976 omnem
974 2926 1294 2994 sapientiam
1336 2936 1689 3000 superborum
1717 2982 1731 3006 ,
1775 2944 1846 2999 ita

238 3012 306 3057 ut
333 3006 482 3059 nulla
508 3022 647 3076 gens
677 3013 845 3078 possit
876 3015 1115 3071 indicare
1147 3020 1389 3077 scientiae
1418 3040 1532 3081 suae
1570 3031 1846 3090 altitudine

1997 496 2114 537 sum
2130 489 2415 547 surculum
2448 496 2643 550 retulit.

2065 572 2158 629 28.
2198 577 2315 645 Quo
2341 581 2668 651 signiﬁcaret
2696 595 2977 652 nonnullos
3004 602 3164 658 etiam
3193 618 3342 665 extra
3372 614 3511 672 Ecclx
3529 648 3566 663 -

1994 664 2126 720 siam
2159 668 2487 740 baptizatos,
2518 679 2564 732 si
2596 682 2674 736 eis
2704 685 2965 757 pinguedo
2996 709 3100 749 non
3129 664 3563 765 dementi-hari-

1995 757 2159 823 tatis,
2208 765 2489 828 posteriori
2541 776 2782 841 tempore
2808 818 2823 842 ,
2868 783 3019 849 quasi
3068 801 3329 857 vespere,
3374 795 3425 851 in
3472 814 3568 855 ore

1990 849 2251 907 columbae
2275 892 2292 917 ,
2334 865 2584 928 tanquam
2617 864 2670 919 in
2703 871 2888 926 osculo
2918 876 3065 941 pacis
3089 919 3105 943 ,
3135 881 3202 936 ad
3232 886 3450 943 unitatis
3474 905 3568 944 so-

1987 935 2237 996 cietatem
2268 959 2423 1011 posse
2454 952 2692 1016 perduci.
2723 957 2875 1026 Quod
2910 935 3029 1030 post
3056 969 3193 1025 alios
3221 986 3424 1044 septem
3450 980 3567 1037 dies

1985 1026 2207 1085 dimissa
2252 1048 2356 1091 non
2389 1047 2483 1092 est
2526 1058 2746 1101 reversa
2774 1089 2789 1113 ,
2840 1053 3103 1123 signiﬁcat
3142 1062 3299 1118 ﬁnem
3339 1072 3520 1125 saeculi
3545 1114 3559 1135 ,

1984 1123 2199 1189 quando
2224 1128 2329 1180 erit
2353 1142 2659 1190 sanctorum
2690 1141 2903 1209 requies
2922 1185 2937 1208 ,
2964 1163 3067 1202 non
3095 1153 3269 1208 adhuc
3298 1157 3353 1211 in
3382 1173 3563 1215 sacra-

1985 1222 2167 1266 mento
2195 1216 2331 1283 spei,
2366 1237 2466 1285 quo
2506 1224 2558 1277 in
2602 1227 2704 1283 hoc
2736 1241 2977 1301 tempore
3012 1245 3351 1301 consociatur
3374 1251 3558 1305 Eccle-

1980 1301 2081 1365 sia,
2117 1307 2347 1370 quandiu
2380 1310 2581 1368 bibitur
2605 1322 2742 1387 quod
2772 1324 2839 1378 de
2869 1325 3063 1384 Christi
3102 1332 3269 1390 latere
3299 1301 3556 1407 manavit,

1979 1391 2073 1445 sed
2097 1391 2207 1461 jam
2243 1396 2292 1449 in
2323 1401 2434 1467 ipsa
2469 1406 2796 1471 perfectione
2824 1416 3015 1472 salutis
3036 1430 3274 1492 :eternaa,
3300 1444 3421 1488 cum
3447 1444 3553 1489 tra-

1979 1482 2137 1537 detur
2158 1500 2378 1555 regnum
2411 1491 2541 1557 Deo,
2567 1507 2620 1550 et
2648 1498 2812 1567 Patri,
2848 1516 2903 1559 ut
2928 1508 2979 1562 in
3007 1509 3097 1565 illa
3126 1519 3404 1587 perspicua
3429 1539 3556 1580 con-

1977 1575 2327 1643 templatione
2361 1583 2809 1648 incommutabilis
2839 1598 3079 1655 veritatis
3110 1605 3277 1662 nullis
3317 1611 3555 1669 ministe-

1976 1663 2071 1716 riis
2093 1670 2459 1735 corporalibus
2485 1688 2756 1743 egeamus.

2176 1758 2283 1814 Cur
2322 1770 2713 1825 sexcentesimo
2738 1776 2909 1842 primo
2944 1794 3086 1840 anno
3136 1790 3259 1847 vita:
3305 1793 3419 1851 Noe
3444 1838 3461 1861 ,
3496 1800 3544 1853 id

1971 1854 2075 1910 est,
2109 1853 2336 1917 peractis
2375 1861 2644 1915 sexcentis
2681 1867 2835 1921 annis
2872 1875 3110 1938 aperitur
3136 1893 3275 1936 arcae
3311 1894 3543 1944 tectum?

1968 1935 2138 1992 Finita
2168 1943 2363 2011 quippe
2389 1960 2536 2003 sexta
2566 1963 2725 2010 aetate
2750 1960 2932 2015 saeculi
2965 1969 3293 2029 revelabitur
3317 1977 3544 2034 abscon-

1964 2027 2132 2083 ditum
2157 2045 2550 2094 sacramentum
2582 2051 2741 2113 atque
2774 2054 3118 2117 promissum.

2032 2138 2124 2194 30.
2166 2142 2273 2197 Cur
2305 2146 2561 2205 vicesimo
2588 2158 2819 2224 septimo
2847 2161 2938 2219 die
2972 2170 3191 2225 secundi
3235 2179 3433 2233 mensis
3460 2182 3544 2235 di-

1960 2229 2103 2283 citur
2130 2232 2367 2291 siccasse
2413 2249 2649 2312 terram,
2700 2258 2949 2321 tanquam
2996 2258 3139 2315 ﬁnita
3188 2276 3331 2321 esset
3372 2272 3541 2341 hapti-

1960 2320 2114 2341 “HJ,
2149 2337 2299 2341 -μη
2344 2328 2376 2341 ._
2470 2330 2481 2341 .

1957 2320 2115 2373 zandi
2147 2328 2445 2383 necessitas
2466 2330 2521 2384 in
2546 2349 2775 2393 numero
2798 2320 3001 2399 dierum
3025 2320 3467 2427 quinquagesimo
3486 2375 3540 2419 et

1956 2409 2221 2478 septimo?
2238 2414 2356 2485 ipse
2379 2420 2523 2476 enim
2544 2437 2626 2479 est
2648 2428 2763 2484 dies
2784 2437 3005 2491 secundi
3036 2409 3234 2499 mensis
3254 2409 3538 2508 vicesimus

1954 2502 2219 2564 septimus
2243 2546 2258 2571 ,
2283 2509 2374 2576 qui
2402 2526 2656 2571 numerus
2686 2533 2751 2574 ex
2782 2522 2869 2576 illa
2900 2528 3276 2597 conjunctione
3315 2541 3533 2609 spiritus

1953 2599 2006 2644 et
2036 2596 2279 2663 corporis
2306 2602 2507 2670 septies
2535 2617 2762 2666 octonos
2802 2613 2961 2671 habet
2986 2596 3012 2683 ,7
3034 2636 3138 2676 uno
3160 2596 3376 2695 addito',
3410 2648 3528 2702 pro-

1953 2693 2071 2750 pter
2096 2689 2311 2748 unitatis
2336 2693 2627 2755 vinculum.

2019 2799 2108 2857 51.
2150 2801 2257 2859 Cur
2280 2806 2349 2862 de
2377 2823 2502 2865 arca
2546 2812 2818 2883 conjuncti
2857 2834 3092 2891 exeunt,
3140 2832 3231 2898 qui
3272 2833 3523 2904 disjuncti

1949 2892 2321 2951 intraverunt?
2352 2898 2442 2954 Sic
2467 2901 2609 2956 enim
2638 2905 2838 2963 dictum
2875 2922 2991 2968 erat
3022 2892 3169 2984 quod
3192 2892 3526 2984 intraverunt

1949 2984 2003 3038 in
2030 3001 2208 3042 arcam
2234 2988 2347 3045 Noe
2369 3030 2385 3055 ,
2428 3004 2483 3048 et
2534 2995 2627 3049 ﬁlii
2668 2998 2786 3067 ejus
2810 3043 2825 3067 ,
2862 3020 2997 3059 uxor
3025 3009 3142 3078 ejus
3168 3053 3183 3079 ,
3232 3024 3285 3070 et
3326 3035 3525 3077 uxores

236 3097 666 3152 resurrectionis
692 3101 947 3167 quietem.
974 3106 1040 3159 Et
1059 3108 1181 3176 quia
1197 3115 1528 3184 septuaginta
1554 3132 1584 3171 a
1611 3130 1838 3189 septem,
1870 3113 1915 3174 C
1950 3078 2344 3189 ['{lgt‘we‘lus'
2398 3083 2525 3189 cur-
2548 3104 2795 3189 ῗ⁸⁰Γ⁸Ῐ¹¹¹³
2837 3111 2936 3189 ΨῚ
2962 3140 2978 3166 ’
3020 3116 3261 3161 seorsum
3313 3109 3524 3168 remum

234 3191 297 3234 et
342 3185 623 3254 octoginta
657 3188 727 3242 ab
760 3198 881 3244 octo
913 3194 1349 3265 denominantur,
1382 3185 1841 3273 conjuncto'utro-

233 3288 342 3339 que
368 3289 624 3343 numero,
646 3290 863 3333 centum
883 3284 1268 3356 quinquaginta
1294 3292 1480 3348 diebus
1505 3298 1734 3355 exaltata
1757 3314 1840 3359 est

232 3377 400 3429 aqua,
431 3368 683 3421 eamdem
716 3374 1101 3429 commendans
1133 3380 1285 3433 nobis
1321 3390 1480 3452 atque
1510 3392 1836 3448 conlirmans

232 3456 577 3510 altitudinem
625 3458 878 3526 baptismi
922 3463 976 3517 in
1027 3471 1291 3524 sacrando
1335 3488 1478 3527 novo
1523 3476 1740 3537 homine
1767 3486 1831 3539 ad

231 3549 528 3600 tertendam
562 3550 765 3618 quietis
795 3563 847 3607 et
876 3559 1284 3615 resurrecﬁonis
1314 3564 1495 3624 ﬁdem.

306 3637 402 3691 9.6.
428 3639 585 3707 Quod
616 3650 736 3709 post
756 3643 873 3699 dies
895 3648 1240 3719 quadraginta
1264 3656 1493 3713 emissus
1512 3674 1705 3719 corvus
1727 3680 1829 3721 non

231 3738 318 3781 est
348 3745 646 3795 reversus,
709 3744 799 3787 aut
858 3739 1012 3804 aquis
1080 3744 1258 3809 utique
1321 3746 1690 3819 interceptus,
1740 3769 1832 3812 aut

226 3818 419 3884 aliquo
448 3830 841 3888 supernatante
870 3827 1133 3883 cadavere
1179 3833 1415 3900 illectus,
1446 3818 1705 3908 signiﬁcat
1735 3847 1831 3899 lto-

234 3908 413 3961 mines
445 3908 499 3961 in
526 3911 863 3965 immunditia
886 3917 1193 3983 cupiditatis
1216 3925 1538 3994 teterrimos,
1564 3941 1618 3983 et
1637 3932 1704 3987 ob
1726 3933 1827 3990 hoc

230 3998 299 4050 ad
327 4013 395 4051 ea
418 4015 539 4065 qua:
570 4001 697 4055 foris
724 4013 849 4058 sunt
896 4006 947 4058 in
992 4007 1092 4062 hoc
1133 4013 1327 4067 mundo
1369 4015 1543 4071 nimis.
1570 4017 1824 4091 intentos,

226 4096 325 4141 aut
360 4090 683 4157 rebaptizari
710 4134 726 4158 ,
757 4105 849 4148 aut
872 4097 938 4150 ab
968 4096 1048 4151 his
1074 4142 1088 4163 ,
1121 4116 1254 4170 quos
1286 4116 1481 4172 praeter
1524 4125 1699 4167 arcam
1728 4155 1743 4179 ,
1772 4114 1824 4172 id

220 4190 330 4242 est,
373 4194 569 4248 praeter
622 4184 913 4242 Ecclesiam
965 4190 1260 4260 baptismus
1288 4199 1514 4265 occidit,
1548 4204 1729 4263 seduci
1771 4219 1824 4265 et

221 4282 423 4326 teneri.

288 4362 389 4415 '27.
434 4362 587 4428 Quod
624 4369 871 4424 columba
900 4374 1135 4443 emissa,
1182 4393 1286 4433 non
1336 4380 1546 4441 inventa
1592 4392 1815 4464 requie,

1946 3182 2381 3229 commemoratae
2408 3179 2572 3231 sunt?
2612 3182 2711 3236 nisi
2742 3187 2883 3254 quod
2911 3189 2961 3242 in
3004 3191 3105 3247 hoc
3135 3203 3373 3266 tempore
3398 3218 3523 3257 caro

1941 3264 2271 3329 concupiscit
2297 3266 2559 3324 adversus
2591 3274 2870 3344 spiritum,
2905 3293 2960 3335 et
2999 3284 3220 3351 spiritus
3264 3292 3521 3348 adversus

1938 3364 2156 3404 carnem
2181 3352 2205 3404 ?
2229 3353 2579 3413 Postmodum
2598 3372 2773 3418 autem
2796 3381 2991 3424 exeunt
3011 3371 3125 3428 Noe
3144 3384 3198 3429 et
3219 3394 3352 3434 uxor
3375 3383 3514 3453 ejus,

1937 3447 1991 3490 et
2022 3454 2218 3496 uxores
2244 3442 2474 3499 ﬁliorum
2506 3451 2644 3515 ejus.

2006 3554 2095 3609 52.
2141 3557 2253 3612 Hoc
2275 3570 2378 3626 est,
2407 3578 2899 3626 commemorantur
2921 3576 3188 3645 conjuncti
3214 3589 3435 3643 masculi
3459 3602 3516 3647 et

1936 3643 2147 3700 femina:
2170 3690 2185 3713 ,
2214 3652 2334 3716 quia
2369 3652 2419 3705 in
2451 3656 2556 3709 ﬁne
2588 3660 2767 3713 saeculi
2796 3701 2809 3723 ,
2841 3673 3003 3731 atque
3035 3668 3085 3721 in
3119 3678 3515 3735 resurrectione

1928 3732 2221 3802 justorum,
2246 3742 2554 3797 omnimoda
2581 3756 2633 3799 et
2662 3749 2894 3817 perfecta
2922 3770 3051 3820 pace
3079 3760 3287 3827 spiritui
3317 3779 3513 3834 corpus

1932 3827 2225 3883 adhaerebit
2249 3873 2264 3894 ,
2299 3833 2440 3886 nulla
2472 3838 2814 3895 mortalitatis
2847 3845 3133 3913 indigentia
3164 3892 3177 3913 ,
3222 3856 3383 3927 292
3418 3827 3510 3914 vel

1930 3921 2364 3987 mncupiscentia
2414 3926 2721 3983 resistente.
2764 3930 2873 3985 Cur
2919 3938 3206 4005 animalia,
3262 3950 3509 4012 quamvis

1932 4007 2129 4062 munda
2151 4020 2206 4064 et
2232 4012 2505 4068 immunda
2531 4017 2581 4071 in
2606 4033 2726 4072 arca
2753 4020 2969 4089 iuerint,
2996 4036 3171 4083 tamen
3198 4044 3317 4100 post
3337 4048 3510 4106 egres-

1930 4111 2047 4152 sum
2081 4101 2149 4155 de
2194 4117 2316 4157 arca
2362 4121 2467 4160 non
2516 4108 2815 4166 olTeruntur
2854 4113 2964 4169 Deo
2995 4116 3046 4169 in
3077 4121 3377 4193 sacriﬁcio,
3406 4128 3509 4183 nisi

1928 4190 2162 4244 Inunda?

1997 4300 2086 4357 55.
2127 4302 2261 4370 Quid
2293 4304 2486 4360 deinde
2517 4309 2643 4363 velit
2667 4311 2802 4379 sibi,
2836 4315 2946 4370 Deo
2982 4317 3234 4387 loquente
3261 4325 3328 4380 ad
3352 4326 3465 4382 Noe
3488 4369 3505 4393 ,

1927 4406 1982 4450 et
2008 4404 2256 4466 tanquam
2287 4415 2473 4455 rursus
2512 4403 2579 4456 ab
2626 4407 2890 4464 exordio?
2926 4411 3059 4479 Quia
3112 4418 3294 4474 multis
3336 4424 3509 4479 modis

214 4467 443 4506 ’e'e'sa
471 4465 553 4508 ⁸⁸⁸
578 4501 593 4523 ν
627 4461 864 4514 θδίθηάίι
912 4478 1005 4531 Per
1047 4465 1249 4523 Novum
1280 4470 1677 4534 Testamentum
1729 4461 1816 4538 re;
1853 4471 1906 4531 Ῑ)
1933 4502 2050 4542 eam
2073 4488 2372 4558 signiﬁcare
2394 4495 2675 4560 oportebat
2697 4497 2916 4568 ﬁguram
2941 4502 3217 4573 Ecclesia,
3240 4524 3509 4569 commen-

214 4544 405 4573 ...ιῖοηι
438 4549 637 4573 ρει-...ιη
672 4550 719 4573 ε-.
758 4552 857 4573 ι.--
891 4570 975 4573 μ-.-
1038 4556 1079 4573 ι-
1116 4560 1263 4573 ---

214 4544 406 4607 quiem
438 4549 639 4601 sanctis
672 4550 722 4602 in
757 4552 859 4606 hoc
891 4556 1089 4609 mundo
1112 4560 1272 4632 291
1307 4577 1411 4617 non
1433 4582 1553 4623 esse
1585 4575 1818 4638 promis-

217 4648 370 4687 sam.
402 4632 533 4689 Post
561 4641 910 4712 quadraginta
962 4646 1105 4701 enim
1153 4649 1269 4706 dies
1315 4657 1511 4712 emissa
1558 4672 1671 4726 est;
1724 4668 1818 4736 qui

214 4740 485 4779 numerus
513 4732 675 4783 vitam
708 4748 828 4799 qua:
867 4738 919 4789 in
952 4736 1055 4791 hoc
1093 4743 1289 4796 mundo
1317 4747 1491 4815 agitur
1527 4732 1814 4821 signiﬁcat.

214 4816 475 4885 Denique
526 4830 648 4887 post
694 4834 899 4892 septem
942 4827 1058 4882 dies
1105 4831 1324 4888 dimissa
1353 4876 1367 4899 ,
1412 4816 1630 4910 propter
1671 4846 1812 4905 illam

284 4948 559 5053 ?i.c$r.ca
587 4958 750 5053 fedit.
800 4958 893 5053 ltq‘
922 4962 1203 5032 Augustin.
1262 4968 1498 5041 Resedit,
1550 4976 1812 5053 Eucher.,

214 5018 339 5090 Val.
371 5021 544 5090 Sedit,
576 5029 823 5085 Ambros.
853 5018 1052 5088 Gaul:

286 5087 431 5182 lJbid'.
466 5087 806 5182 Quajperfecti
831 5087 1172 5182 requiesrunt.
1200 5105 1278 5160 Ilii
1298 5126 1513 5182 quoque,
1538 5130 1643 5173 etc.
1675 5123 1809 5181 Eod.

207 5161 383 5214 modo
411 5161 668 5243 legendus
689 5161 751 5253 ;et
780 5161 1237 5253 interpungendus
1278 5161 1809 5253 ιιῖἔλῖἷέιῖἑιῖἓιῖῖδῖ

204 5246 315 5319 fus
340 5273 356 5295 ,
402 5236 835 5319 _qui.m’endosus
871 5236 1248 5308 circumfertur
1272 5289 1287 5313 ,
1332 5266 1397 5305 ex
1430 5236 1808 5319 emendatione

203 5299 558 5358 Lovaniensi.
588 5305 782 5364 GBIAL.

280 5370 376 5455 ἓξ.
421 5374 543 5455 alii,
576 5394 731 5443 porro
753 5380 887 5455 ipsa_,
917 5384 1116 5455 omisso
1144 5388 1285 5455 quia.
1319 5393 1490 5448 Annv.

280 5439 491 5529 915.00:
516 5439 661 5500 nulla
679 5439 821 5518 genis.
855 5439 884 5505 ζ
906 5465 922 5503 ι
951 5439 1595 5529 ιιιιιιαιάιαεξαβῦἆτίιθά.
1626 5483 1679 5525 et
1707 5476 1773 5527 Pa

200 5510 345 5564 ient.
380 5510 571 5570 σιω..

421 5584 574 5665 Quod
603 5601 715 5665 post
740 5593 846 5665 dies
872 5594 1127 5665 quadrag.
1163 5597 1238 5651 Ex
1272 5616 1321 5654 c.
1354 5604 1444 5657 20.
1476 5609 1667 5665 GRIAL.

279 5651 370 5705 28.
416 5655 747 5713 Consaciatur
773 5651 1034 5717 Εετίτεὶίῑι.
1061 5651 1135 5720 lia
1161 5651 1797 5739 August:hetiTI-TCOJ.

703 5756 964 5816 Parnm.
1017 5761 1370 5845 LXXXIII.

1924 4579 2087 4634 dante
2111 4581 2253 4650 quod
2284 4583 2564 4653 progenies
2587 4586 2703 4656 ejus
2724 4589 3057 4649 hencdicitur
3084 4599 3151 4652 ad
3181 4601 3504 4671 implendam

1925 4659 2145 4725 terram.
2174 4672 2323 4739 Quod
2356 4674 2553 4729 dantur
2582 4677 2662 4731 eis
2700 4679 2752 4733 in
2780 4695 2958 4738 escam
2990 4698 3181 4744 cuncta
3212 4693 3457 4750 animalia
3484 4736 3500 4761 ,

1920 4763 2059 4815 sicut
2084 4761 2136 4816 in
2169 4762 2437 4827 illoydisco
2485 4765 2644 4821 Petro
2684 4768 2917 4826 dicitur:
2954 4773 3127 4832 Macta
3161 4788 3210 4833 et
3251 4784 3501 4838 mandura

1923 4854 2058 4922 (Art.
2095 4851 2169 4921 κ).

1920 4992 2172 5051 Satiatur,
2209 4990 2299 5043 Val
2330 5032 2345 5054 ,
2377 4993 2649 5049 mendose.
2682 4994 2871 5053 GntAL.

1989 5061 2125 5114 Ibid.
2158 5061 2390 5137 Grialius
2413 5061 2465 5137 in
2489 5073 2614 5137 nota
2636 5072 2956 5122 consocialur
2978 5068 3240 5137 Ecclesiw,
3265 5075 3318 5129 in
3341 5084 3489 5131 textu

1913 5132 2232 5185 tonsocialur
2256 5130 2509 5187 Ecclesia.
2542 5135 2711 5189 Anav.

1982 5202 2068 5255 ‘29.
2114 5200 2216 5254 Cur
2245 5204 2625 5265 sexcentesimo.
2661 5207 2701 5260 Ε
2728 5223 2780 5262 c.
2810 5208 2899 5263 21.
2929 5209 3120 5265 ϐιηΑι.

1981 5273 2071 5325 5').
2114 5271 2347 5351 Siccasse
2384 5283 2596 5351 terram.
2646 5278 2718 5329 lta
2767 5284 2989 5349 August.
3020 5285 3089 5335 'et
3128 5282 3364 5351 plerique
3394 5285 3486 5339 lib.

1912 5340 2117 5396 Siccata
2142 5358 2268 5403 esse,
2307 5343 2418 5394 Val.
2450 5342 2640 5399 GRIAL.

1979 5412 2068 5465 '52.
2101 5412 2476 5491 (Iur_an_imalia
2499 5454 2516 5491 _,
2546 5430 2713 5491 usque
2741 5418 2804 5472 ad
2835 5420 2903 5472 ad
2930 5421 3242 5491 implendam
3263 5434 3447 5480 terram
3468 5467 3486 5489 ,

1905 5483 2096 5534 absunt
2139 5498 2167 5535 a
2212 5482 2327 5535 Val.
2365 5494 2419 5537 et
2461 5482 2725 5555 plerisque
2751 5529 2765 5551 ,
2810 5502 2934 5545 sunt
2971 5482 3147 5547 tamen
3181 5502 3317 5565 apud
3351 5482 3487 5568 Aug:

1906 5551 2094 5607 GRIAL.

1976 5622 2117 5677 Ibid.
2151 5623 2256 5676 Cur
2282 5626 2545 5689 animalia,
2581 5637 2684 5681 etc.
2719 5628 2919 5685 Desunt
2951 5632 3063 5688 haec
3093 5636 3250 5691 etiam
3282 5639 3331 5692 in
3360 5638 3488 5694 Edi-

1908 5692 2051 5748 tione
2082 5695 2378 5750 Coloniensi
2417 5697 2567 5751 1550.
2602 5704 2772 5752 Anu.

3055 5794 3099 5856 8
