4064 6170
523 278 629 333 2Ἵῦ

1520 268 1577 325 S.
1621 267 1865 325 lSlDURl
1910 264 2350 323 IIISPALENSIS
2391 263 2698 321 EPISCOPI

3688 262 3788 317 258

598 394 688 448 34.
729 392 879 459 Quod
922 393 1095 460 ejerto
1141 387 1399 455 sanguine
1436 384 1694 454 jubentur
1738 385 2062 440 manducare
2085 423 2100 446 ,
2130 387 2182 445 Α
2211 382 2411 454 impius
2443 382 2751 438 Judteorum
2788 381 2930 449 (ideo
2964 382 3192 447 medius,
3220 381 3345 451 quia
3379 393 3479 436 nec
3508 379 3790 450 primatum

536 501 601 541 ne
630 486 735 539 vita
768 482 1013 552 pristina,
1039 479 1190 549 quasi
1220 475 1479 531 suffocata
1501 475 1554 530 in
1574 473 1899 531 conscientia
1924 484 2110 529 tenea-

537 587 641 637 tur,
673 573 766 629 sed
806 571 1001 625 habeat
1033 578 1285 641 tanquam
1326 566 1642 620 effusionem
1682 579 1778 634 per
1810 564 2106 620 confess'o-

534 680 678 720 nem.
711 663 863 729 Quod
898 674 1024 713 vero
1055 664 1433 712 testamentum
1474 655 1618 710 Deus
1656 655 1835 722 posuit
1873 655 2014 709 inter
2053 666 2113 706 se

534 764 587 810 c‘t
623 754 887 815 homines,
920 761 1082 817 atque
1110 762 1322 802 omnem
1355 746 1585 800 animam
1610 745 1806 811 vivam,
1835 759 1901 798 ne
1927 743 2114 811 perdat

532 860 651 898 eam
682 840 881 894 diluvio
906 878 921 902 ,
954 852 1134 891 areum
1163 876 1179 900 ,
1211 836 1300 905 qui
1331 846 1613 903 appareret
1641 833 1692 888 in
1724 834 1951 888 nubibus
1976 875 1989 898 ,
2023 832 2111 900 qui

534 944 801 1000 nunquam
836 929 934 983 nisi
965 928 1035 982 de
1059 927 1171 981 sole
1202 925 1531 994 resplendet.
1567 924 1648 979 Illi
1681 924 1826 980 enim
1863 939 1967 978 non
1994 938 2115 991 per-

530 1032 659 1077 tuut
688 1022 912 1087 diluvio,
954 1019 1040 1089 qui
1076 1020 1128 1073 iu
1181 1016 1451 1086 prophetis
1480 1027 1534 1071 et
1563 1016 1616 1071 in
1645 1016 1896 1070 omnibus
1922 1014 2115 1069 divinis

531 1111 848 1183 Scripturis,
883 1121 1132 1179 tauquam
1166 1109 1217 1164 in
1246 1107 1341 1163 Dei
1363 1106 1612 1173 nubibus,
1637 1113 1937 1177 agnoscunt
1958 1103 2116 1159 Cbri-

528 1208 596 1261 sti
626 1205 871 1276 gloriam,
900 1216 954 1259 et
981 1219 1087 1257 non
1114 1210 1361 1270 quierunt
1387 1214 1559 1254 suam.

1137 1311 1363 1385 caruit
1396 1314 1527 1367 vut.

530 1413 611 1469 De
644 1412 757 1468 Noe
786 1421 833 1464 et
862 1408 1310 1531 benedictioniﬂus.
1337 1409 1486 1544 ἥτε..
1539 1405 1766 1459 maximo
1808 1402 2119 1470 minimoque

1137 1495 1195 1533 ca
1241 1486 1335 1530 atts
1426 1491 1507 1530 its.

1137 1486 1335 1533 collatis
1366 1486 1507 1533 Iutis.

607 1576 659 1629 1.
700 1572 815 1629 Jam
850 1585 979 1626 vero
1019 1568 1144 1624 illud
1192 1566 1335 1638 quod
1385 1574 1506 1635 post
1546 1564 1802 1619 diluvium
1849 1563 1917 1619 de
1964 1564 2117 1618 vinea

534 1679 693 1734 quam
726 1661 1020 1734 plantavit,
1067 1659 1361 1713 inebriatus
1402 1665 1487 1712 est
1516 1654 1628 1711 Noe
1653 1693 1669 1719 ,
1710 1663 1765 1710 et
1804 1655 2036 1710 nudatus
2065 1653 2117 1709 in

2214 476 2581 545 apostolorum
2606 473 2802 537 tenuit,
2826 474 2925 529 nec
2947 473 3166 529 ultimus
3190 472 3242 527 in
3271 472 3519 540 gentibus
3546 471 3793 539 credidit)

2214 566 2347 620 vidit
2380 566 2673 619 nuditatem
2710 565 2902 633 patris,
2935 565 3057 634 quia
3086 562 3360 620 consensit
3387 564 3438 617 in
3469 578 3655 617 necem
3685 563 3794 616 Do-

2214 656 2347 710 mini
2388 654 2704 711 Salvatoris.
2750 655 2877 710 Post
2919 656 3033 709 haec
3063 656 3324 710 nuntiavit
3357 656 3501 708 foras
3520 652 3794 709 fratribus.

2218 745 2322 802 Per
2362 762 2484 800 eum
2525 746 2723 815 quippe
2761 747 3158 801 manifestatum
3190 759 3297 813 εει,
3330 755 3383 799 et
3406 746 3799 813 quodammodo

2216 838 2572 906 publicatum,
2606 837 2746 908 quod
2790 848 2905 891 erat
2939 842 2989 891 in
3024 837 3301 907 prophetia
3324 848 3611 892 secretum.
3648 837 3798 893 Ideo-

2214 943 2322 997 que
2352 926 2410 981 ﬁt
2441 942 2632 982 servus
2659 929 2877 981 fratrum
2900 943 3143 983 suorum.

2292 1021 2347 1073 7.
2380 1020 2518 1086 Quid
2561 1031 2643 1075 est
2673 1021 2814 1074 enim
2849 1021 3006 1075 hodie
3032 1020 3175 1076 aliud
3208 1035 3337 1089 gens
3364 1022 3499 1087 ipsa,
3532 1021 3630 1075 nisi
3656 1037 3801 1088 qum-

2217 1109 2343 1165 dam
2364 1112 2639 1166 scriniaria
2663 1111 3109 1179 Christianorum,
3129 1113 3369 1182 bajulans
3395 1115 3562 1180 legum
3597 1121 3653 1166 et
3680 1128 3803 1181 pro-

2220 1202 2407 1269 phetas
2442 1203 2507 1255 ad
2552 1203 2913 1256 lestimmtium
2962 1204 3278 1257 assertionis
3309 1202 3581 1265 Ecclesiae,
3617 1213 3670 1255 ut
3700 1220 3801 1255 nos

2221 1292 2554 1348 honoremus
2579 1310 2670 1361 per
2716 1307 3133 1359 sacramentum,
3165 1293 3309 1363 quod
3351 1293 3559 1349 nuntiat
3586 1296 3669 1348 illa
3710 1310 3805 1362 per

2220 1383 2486 1438 litteram?
2518 1385 2645 1439 Post
2676 1385 2790 1438 base
2821 1385 3210 1439 benedicuntur
3236 1384 3341 1438 duo
3372 1383 3447 1437 illi
3478 1386 3569 1454 qui
3594 1384 3805 1437 nudita-

2221 1484 2327 1528 tem
2359 1476 2523 1544 patris
2564 1474 2984 1528 honoraverunt.
3026 1473 3356 1537 Benedictus,
3400 1473 3594 1542 inquit,
3624 1471 3807 1526 Doni-

2221 1583 2319 1620 nus
2352 1566 2484 1621 Deus
2525 1565 2671 1631 Seni,
2720 1581 3022 1636 quanquam
3079 1565 3209 1633 ipsis
3252 1566 3412 1618 etiam
3452 1562 3696 1632 gentibus
3737 1563 3809 1616 sit

2226 1657 2481 1711 Dominus
2505 1657 2648 1712 Deus
2679 1656 2860 1712 Israel.

534 1757 696 1811 domo
724 1771 840 1821 sua,
871 1752 955 1808 cui
990 1767 1095 1806 non
1139 1759 1393 1820 appareat
1438 1746 1635 1803 Christi
1682 1760 1803 1801 esse
1849 1745 2116 1814 ﬁguram?
2150 1746 2195 1805 Β
2295 1747 2456 1821 294
2483 1748 2535 1804 8.
2569 1749 2633 1802 Et
2675 1748 2813 1802 unde
2863 1748 2965 1802 hoc
3010 1746 3208 1801 factum
3241 1756 3344 1812 est,
3377 1746 3475 1800 nisi
3498 1761 3563 1800 ex
3591 1745 3810 1800 benedi-

534 1849 624 1919 qui
658 1847 948 1901 inebriatus
978 1853 1060 1898 est
1086 1884 1101 1907 ,
1147 1844 1272 1897 dum
1320 1854 1510 1909 passus
1548 1849 1672 1903 est;
1725 1836 1953 1891 nudatus
1993 1845 2076 1891 est
2100 1875 2116 1901 ,

535 1940 660 1993 dum
688 1939 973 1992 cruciﬁxus
1001 1946 1120 1999 e5t;
1166 1932 1217 1987 in
1262 1931 1423 1986 domo
1454 1945 1547 1984 sua
1575 1970 1590 1995 ,
1623 1929 1675 1983 id
1706 1937 1788 1983 est
1813 1967 1830 1994 ,
1880 1928 1931 1980 in
1963 1935 2121 1994 gente

536 2046 653 2097 sua,
683 2039 738 2083 et
769 2030 820 2081 in
852 2024 1162 2081 domesticis
1191 2021 1466 2090 sanguinis
1496 2021 1599 2085 sui,
1635 2020 1816 2088 utique
1844 2016 2069 2073 Judacis.

609 2123 665 2174 '2.
689 2119 839 2173 Tunc
864 2116 1004 2172 enim
1037 2114 1232 2169 nudata
1258 2121 1341 2167 est
1370 2110 1647 2166 inﬁrmitas
1674 2110 1850 2162 carnis
1876 2108 2015 2178 ejus,
2036 2105 2117 2160 Ju-

540 2214 672 2269 dmis
693 2210 1030 2275 scandalum,
1046 2207 1298 2277 gentibus
1319 2215 1493 2259 autem
1516 2203 1759 2266 stultitia,
1784 2202 1913 2269 ipsis
1942 2214 2120 2255 autent

541 2305 746 2359 vocatis
768 2301 993 2365 Judaeis,
1011 2310 1063 2355 et
1090 2298 1335 2369 gentibus
1362 2308 1610 2365 tanquam
1638 2294 1763 2349 Seni
1791 2302 1845 2347 et
1865 2292 2118 2360 .Iaphetb,

539 2396 635 2451 Dei
665 2396 865 2460 virtus,
898 2400 954 2447 et
983 2390 1077 2445 Dei
1129 2387 1387 2457 sapientia
1409 2426 1424 2450 ,
1464 2385 1586 2454 quia
1631 2384 1789 2455 293
1832 2384 1965 2453 quod
1994 2383 2120 2437 stul-

544 2500 650 2539 tum
670 2494 744 2536 est
778 2481 894 2547 Dei',
934 2478 1216 2552 sapientius
1239 2487 1311 2532 est
1339 2492 1492 2545 quant
1522 2474 1773 2539 homines,
1803 2485 1849 2527 et
1880 2474 2015 2544 quod
2042 2474 2124 2527 in-

541 2580 748 2646 ﬁrmum
763 2586 833 2629 est
861 2574 974 2639 Dei,
1012 2572 1194 2643 fortius
1220 2581 1289 2624 est
1312 2584 1466 2641 quam
1486 2568 1713 2621 homines
1733 2565 1785 2637 (1
1802 2566 1922 2621 Cor.
1945 2566 2119 2633 1,15).

614 2669 669 2722 5.
691 2665 919 2720 Proinde
942 2664 994 2718 iu
1022 2664 1228 2717 duobus
1254 2662 1396 2727 ﬁliis,
1414 2662 1648 2717 maximo
1672 2670 1725 2714 et
1748 2658 1989 2725 minimo,
2012 2659 2121 2712 duo

542 2758 724 2828 pepuli
757 2757 1074 2826 ﬁgurantur,
1108 2755 1313 2809 scilicet
1338 2752 1671 2807 circumcisio
1693 2762 1747 2806 et
1775 2752 2117 2822 pravputiutn,

542 2866 699 2903 unam
742 2857 874 2902 νθηιι
897 2863 945 2900 ιιι
991 2845 1109 2901 lidei
1144 2860 1173 2899 a
1204 2856 1355 2913 tergo
1396 2852 1693 2913 portantes,
1726 2853 2120 2897 sacramentum

540 2940 747 2995 scilicet
793 2939 899 3007 jam
945 2938 1230 3008 praeteritae
1274 2936 1562 2990 doxninicm
1614 2935 1898 3003 passionis,
1954 2948 2125 3002 neque

544 3031 837 3086 nuditatem
871 3030 1035 3097 patris
1068 3029 1362 3097 intuentur,
1415 3026 1536 3096 quia
1591 3026 1645 3079 in
1691 3024 1891 3080 Christi
1935 3039 2121 3079 necem

2224 1842 2404 1895 etione
2451 1838 2722 1907 Japheth?
2783 1840 2835 1892 itt
2886 1838 3081 1909 populo
3128 1841 3274 1893 enim
3328 1838 3587 1908 gentium,
3640 1849 3811 1892 totum

2224 1932 2409 1987 orbem
2442 1941 2702 1985 terrarum
2733 1932 3011 2000 occupavit
3041 1931 3303 1985 Ecclesia.
3336 1931 3447 1985 lloc
3478 1931 3809 2000 prmuuntia-

2226 2024 2403 2089 batur,
2431 2037 2550 2077 cum
2589 2023 2851 2077 diceretur
2878 2040 2891 2075 :
2923 2020 3116 2076 Dilatet
3136 2020 3276 2076 Deus
3297 2019 3545 2091 Japlietlt,
3578 2033 3624 2076 et
3647 2023 3802 2075 liabio

2225 2121 2294 2166 tet
2322 2112 2375 2165 in
2404 2112 2747 2166 tabernaculis
2770 2113 2914 2166 Sent.

2296 2211 2349 2265 9.
2394 2212 2531 2266 Ecce
2552 2211 2822 2280 quomodo
2850 2211 3042 2265 dilatat
3071 2212 3214 2267 Deus
3244 2208 3495 2281 Japhetb,
3520 2219 3575 2263 et
3604 2211 3818 2266 habitat

2225 2301 2279 2356 in
2314 2302 2669 2356 tabernaculis
2715 2304 2862 2368 Seni,
2896 2311 2953 2356 ut
2981 2302 3174 2357 Paulus
3206 2303 3372 2357 dicit:
3401 2300 3524 2355 Non
3562 2303 3682 2354 estis
3726 2319 3819 2371 pe—

2224 2391 2416 2461 regrini
2445 2401 2489 2445 et
2518 2392 2763 2462 hospites,
2795 2393 2883 2444 sed
2912 2394 3029 2447 estis
3077 2393 3206 2447 cives
3249 2402 3541 2446 sanctorum
3567 2400 3617 2445 et
3641 2392 3824 2445 dome-

2222 2482 2337 2534 stici
2369 2479 2484 2546 Dei,
2525 2482 2766 2548 wdiﬁcati
2792 2498 2947 2549 super
2970 2483 3364 2551 fundamentum
3391 2483 3748 2553 apostolorum
3775 2493 3823 2535 et

2226 2571 2586 2640 prophetarum
2612 2570 2835 2639 (Ephes.
2865 2588 2924 2636 tt,
2962 2570 3073 2644 l9).
3106 2571 3430 2635 Benedictus,
3459 2572 3647 2641 inquit,
3677 2572 3826 2626 Deus

2226 2661 2347 2718 Sent
2368 2680 2386 2728 ;
2417 2664 2483 2715 sit
2510 2661 2757 2716 Chanaan
2802 2678 2928 2730 puer
2951 2663 3113 2716 illius.
3161 2662 3353 2717 Dilatet
3396 2662 3536 2716 Deus
3557 2661 3821 2729 Japlietli,

2225 2769 2273 2810 et
2314 2757 2503 2809 habitet
2542 2758 2594 2809 in
2638 2756 2979 2809 tabernaculis
3022 2756 3163 2810 Sem.
3214 2756 3308 2809 Hic
3336 2755 3459 2810 Scin
3492 2754 3664 2825 major
3690 2769 3828 2808 natu

2228 2849 2340 2916 ipse
2380 2857 2485 2910 est,
2510 2862 2575 2901 es
2620 2863 2728 2916 quo
2759 2846 3113 2914 patriarchze,
3167 2848 3463 2916 prophetae,
3505 2859 3559 2901 et
3588 2847 3830 2915 apostoli

2225 2942 2461 3009 generati
2491 2949 2610 2994 sunt
2623 2977 2637 2992 .

2299 3031 2386 3087 10.
2434 3031 2667 3100 Japbeth
2705 3040 2881 3085 autem
2927 3031 3161 3098 gentium
3189 3040 3269 3084 est
3295 3038 3469 3099 pater,
3501 3029 3623 3097 quia
3650 3031 3827 3084 etiam

541 3138 646 3177 non
674 3118 1036 3181 consentiunt,
1071 3128 1126 3173 et
1158 3129 1333 3171 tamen
1364 3119 1629 3173 honorant
1658 3117 1979 3182 velamento,
2009 3126 2121 3169 tan-
2149 3124 2196 3187 ς
2230 3123 2446 3176 latitudo
2475 3123 2878 3190 interpretatur.
2912 3122 3044 3177 Cum
3070 3123 3271 3192 ingenti
3302 3123 3443 3177 enim
3477 3122 3833 3177 multitudine

539 3229 698 3283 quam
725 3213 953 3266 scientes
983 3211 1122 3263 unde
1152 3211 1255 3264 sint
1285 3210 1414 3261 nati.

611 3308 664 3362 4.
709 3307 876 3373 Quam
921 3303 1250 3367 nuditatem,
1294 3303 1345 3357 id
1401 3310 1505 3368 est,
1554 3302 1853 3369 passionem
1901 3300 2124 3368 Christi,

540 3399 728 3454 videns
756 3397 921 3451 Cham
950 3396 1157 3460 derisit,
1213 3406 1267 3450 et
1316 3394 1483 3450 Juda'i
1535 3394 1731 3449 Christi
1777 3404 2001 3448 mortem
2050 3394 2125 3447 vi-

545 3492 737 3544 ilcntes
782 3490 1266 3545 subsaunaverunt.
1314 3489 1435 3543 Seni
1469 3503 1595 3543 vero
1636 3498 1689 3542 et
1717 3487 1966 3555 Japhcth,
2003 3497 2124 3541 tan-
2156 3498 2161 3503 ‘

542 3596 699 3649 quam
745 3580 852 3633 duo
901 3580 1079 3648 populi
1110 3595 1173 3633 ex
1204 3577 1612 3633 circumcisione
1642 3589 1693 3631 et
1724 3580 1981 3646 praeputio
2010 3594 2127 3633 cre-

546 3676 755 3736 dentes,
809 3672 1016 3739 cognita
1070 3670 1310 3724 nuditate
1358 3667 1537 3738 patris,
1582 3684 1684 3736 qua
1728 3669 2128 3737 signiﬁcabatur

547 3762 721 3829 ansiO
756 3760 1066 3822 Salvatoris,
1103 3768 1379 3815 sumentes
1419 3758 1798 3812 vestimentum
1836 3769 2127 3828 posnerunt

546 3866 705 3919 super
732 3851 892 3905 dorsa
919 3867 1035 3915 sua,
1068 3860 1121 3905 ct
1165 3851 1430 3905 intuentes
1459 3851 1634 3905 aversi
1666 3859 1993 3919 operuerunt
2025 3868 2126 3943 nq-

545 3945 765 3995 dttatem
821 3941 1005 4007 patris,
1064 3955 1162 3995 nec
1203 3940 1638 4010 viderunt'quod
1690 3940 1927 3996 verendo
1978 3940 2127 3997 texe-

547 4042 690 4087 runt.

714 4125 953 4190 Quodam
994 4124 1134 4176 enim
1186 4124 1345 4178 modo
1393 4123 1694 4191 passionem
1740 4125 1938 4179 Christi
1991 4125 2127 4192 tegi-

548 4201 687 4283 mus,
722 4218 772 4270 id
802 4225 906 4281 est,
938 4225 1274 4269 sacramento
1302 4214 1645 4281 honoramus,
1672 4217 1895 4285 ejusque
1925 4227 2122 4287 myste-

549 4310 612 4362 rii
644 4310 900 4363 rationem
934 4306 1201 4373 videntes,
1230 4304 1538 4359 Judmorum
1573 4308 1959 4361 detractionem
1999 4323 2128 4376 ope-

552 4401 737 4452 rimus.
792 4396 1181 4457 Vestimcntum
1220 4397 1361 4449 enim
1404 4395 1669 4463 signiﬁcat
1708 4405 2124 4458 sacramentum,

550 4489 708 4543 dorsa
769 4488 1081 4541 memoriam
1145 4489 1581 4553 praueritorum,
1640 4488 1763 4556 quia
1824 4488 2123 4555 passionem
2161 4497 2208 4555 ο

551 4578 745 4632 Christi
772 4586 1091 4631 transactam
1115 4578 1353 4630 celebrat
1383 4576 1642 4643 Ecclesia,
1673 4593 1775 4631 non
1807 4577 1980 4630 adhuc
2006 4592 2125 4646 pro-

551 4679 755 4735 spectat
783 4667 1034 4721 futuram.

627 4762 678 4813 li.
724 4759 925 4815 Medius
974 4769 1152 4814 autem
1187 4761 1346 4813 frater
1394 4760 1587 4824 Cham,
1648 4758 1697 4813 id
1752 4769 1857 4826 est,
1900 4761 2129 4829 populus

625 4904 713 4955 5i.
759 4901 957 4956 [labent
1003 4909 1243 4969 tanquam
1288 4899 1606 4967 c/fusionem.
1655 4897 1725 4952 Ita
1758 4899 1977 4966 August.
2013 4896 2128 4949 Ha-

558 4974 701 5026 beant
734 4974 825 5027 lib.
859 4986 950 5033 0.;
980 4971 1118 5039 quod
1153 4971 1276 5023 ferri
1310 4980 1513 5034 potest,
1545 4982 1598 5021 ut
1625 4970 1689 5021 ad
1724 4971 1894 5031 ipsos,
1930 4983 2033 5021 non
2065 4969 2128 5020 ad

557 5055 739 5107 imam,
771 5042 1049 5096 referatur.
1082 5040 1219 5106 Quid
1248 5040 1289 5093 si
1324 5042 1465 5105 legas
1493 5056 1506 5091 :
1544 5040 1646 5093 Sed
1673 5042 1849 5092 habeat
1888 5047 2133 5108 tanquam

556 5113 801 5179 effusione
830 5128 917 5182 per
947 5112 1350 5182 conlessionem?
1383 5110 1573 5182 GltlAL.

623 5185 749 5236 (ῖΛιι.
785 5178 891 5236 κιίι.
928 5183 991 5234 Ν.
1027 5178 1077 5235 1.
1110 5178 1230 5231 Jam
1260 5196 1374 5232 vero
1409 5180 1561 5232 illud.
1608 5179 1679 5232 litt
1723 5193 1773 5231 c.
1812 5179 1901 5233 25.
1935 5178 2126 5232 GutAL.

624 5260 680 5306 ‘2'.
720 5253 919 5306 Judmis
950 5252 1280 5306 scandalum.
1313 5265 1480 5319 usque
1508 5250 1570 5302 ad
1608 5251 1740 5300 unde
1768 5250 1865 5300 sint
1895 5251 1997 5301 uati
2023 5288 2036 5306 .
2067 5264 2128 5300 ex

557 5328 690 5390 Aug.
723 5324 1025 5377 describere
1057 5322 1338 5375 maluimus
1364 5361 1378 5384 ,
1407 5320 1814 5385 astipulautibus
1857 5319 2132 5383 impressis

557 5395 707 5447 libris
728 5431 742 5453 ,
775 5407 933 5460 quam
960 5406 1024 5446 ex
1055 5392 1324 5445 veteribus
1353 5393 1681 5459 aliquantum
1726 5392 2003 5441 inunututa
2039 5404 2133 5455 po—

554 5478 708 5536 "0'9t
730 5464 917 5536 C31“:-
1086 5531 1096 5536 -
1219 5533 1226 5536 .
1370 5514 1383 5536 ι

632 5533 765 5585 Ibid.
803 5532 935 5595 Quia
959 5531 1096 5598 quod
1125 5533 1334 5584 stultum
1363 5528 1506 5584 est...
1544 5530 1677 5582 unde
1706 5530 1803 5582 sint
1836 5532 1959 5581 nati.
2012 5528 2137 5582 "100

559 5619 664 5655 non
695 5604 953 5657 habentur
976 5601 1027 5653 in
1056 5604 1143 5653 cii.
1177 5602 1419 5655 Editioue
1441 5599 1766 5653 (lolonicusi.
1797 5600 1847 5652 lu
1874 5599 2092 5669 Vulgata
2121 5615 2132 5649 :

559 5673 852 5741 Sapientiae
875 5682 944 5726 est
969 5670 1319 5725 hominibus...
1344 5671 1529 5740 fortius
1545 5684 1613 5723 est
1635 5670 1937 5724 homin;btts.
1967 5674 2132 5725 Anu.

2230 3216 2483 3269 dilatatus
2505 3224 2589 3270 est
2611 3216 2835 3284 p0pu|us
2858 3229 2927 3269 ex
2956 3216 3225 3285 gentibus,
3265 3216 3353 3285 qui
3385 3230 3504 3270 cum
3541 3217 3835 3285 prophetis

2230 3320 2283 3363 et
2308 3308 2565 3376 apostolis
2599 3317 2716 3361 erat
2747 3308 3101 3362 habitaturus.
3148 3308 3421 3377 Siquidem
3463 3317 3517 3363 et
3557 3308 3832 3373 vidimus,

2230 3404 2378 3467 juxta
2431 3401 2541 3455 Noe
2594 3400 2761 3469 patris
2809 3402 3179 3469 propheticam
3229 3402 3707 3467 benedictionem,
3774 3404 3833 3456 in

2235 3493 2579 3546 tabernaculo
2627 3491 2752 3546 Setn
2803 3492 3061 3546 transisse
3114 3490 3501 3546 habitationem
3554 3490 3835 3558 Japheth,

2231 3584 2331 3637 hoc
2374 3592 2475 3646 est,
2520 3584 2572 3637 in
2603 3581 2763 3636 domo
2811 3583 2942 3652 legis
2986 3592 3041 3638 et
3092 3584 3469 3651 prophetarum
3521 3583 3836 3638 Ecclesiatn

2232 3676 2403 3744 potius
2423 3673 2725 3742 iustiﬁcati,
2754 3673 3017 3729 minorem
3046 3666 3262 3745 quidem
3290 3683 3553 3744 tempore,
3575 3674 3671 3729 sed
3693 3690 3839 3744 gra-

2232 3767 2315 3819 tia!
2342 3764 2456 3833 lege
2486 3763 2763 3833 majorem.

2308 3856 2390 3908 11.
2425 3855 2589 3907 Chatti
2622 3870 2802 3923 porro,
2832 3854 2920 3923 qui
2949 3856 3332 3922 interpretatur
3355 3855 3580 3921 calidus,
3613 3855 3844 3910 medius

2234 3947 2394 4011 lilius,
2439 3957 2690 4014 tanquam
2722 3945 2790 3999 ab
2822 3957 3047 4015 utroque
3088 3948 3372 4014 discretus,
3418 3963 3517 4001 nec
3548 3946 3600 3999 iu
3636 3947 3845 4015 primi-

2232 4036 2319 4089 tiis
2349 4038 2730 4102 lsraelitaruut,
2770 4050 2867 4090 nec
2898 4038 2949 4089 iu
2983 4037 3309 4104 plenitudine
3334 4038 3573 4106 gentium
3605 4052 3846 4105 perina-

2235 4139 2386 4188 nens,
2416 4126 2683 4195 signiﬁcat
2710 4143 2814 4179 non
2836 4126 3006 4180 solum
3038 4126 3368 4192 Judaeorum,
3400 4127 3493 4180 sed
3516 4129 3674 4180 etiam
3718 4128 3848 4181 ha:-

2232 4221 2518 4271 reticorunt
2549 4232 2718 4286 genus
2753 4218 3001 4285 calidum,
3047 4234 3152 4273 non
3181 4222 3368 4287 Spiritu
3400 4220 3699 4288 sapientia},
3739 4224 3847 4274 sed

2236 4307 2606 4374 impatientim,
2642 4320 2747 4373 quo
2785 4307 2961 4362 solent
3005 4309 3379 4364 hmreticorum
3426 4310 3635 4365 fervere
3684 4326 3853 4377 prac—

2234 4395 2437 4457 cordia,
2466 4407 2519 4449 et
2549 4409 2730 4462 pacem
2761 4397 3073 4464 perturbare
3104 4409 3433 4453 sanctorum.

2310 4487 2397 4540 12.
2452 4484 2558 4540 Sed
2598 4499 2649 4541 ct
2697 4504 2881 4543 omnes
2930 4490 3019 4558 qui
3061 4489 3369 4546 Christiano
3410 4492 3668 4546 vocabulo
3712 4494 3856 4563 glo-

2237 4576 2460 4639 tiantur,
2511 4587 2563 4630 ct
2608 4577 2813 4645 perdite
2861 4581 3069 4643 vivunt,
3121 4584 3287 4649 ipsius
3339 4585 3560 4652 ﬁguram
3612 4595 3859 4653 gestare

2238 4667 2504 4722 videntur.
2538 4668 2847 4727 Passionem
2895 4673 3090 4741 quippe
3138 4673 3355 4739 Christi,
3405 4692 3523 4743 qua:
3563 4678 3709 4731 illius
3744 4680 3858 4729 lm-

2240 4761 2395 4815 miuis
2423 4763 2661 4817 nuditate
2699 4762 2992 4832 signiﬁcata
3041 4775 3157 4830 est,
3209 4774 3263 4820 et
3310 4770 3627 4821 annuntiaut
3688 4771 3857 4823 betie

2309 4897 2360 4952 4.
2405 4899 2526 4951 8cm
2568 4914 2680 4971 vero
2715 4908 2759 4971 et
2791 4897 3043 4964 lup/retia,
3076 4913 3242 4971 usque
3271 4900 3334 4951 ad
3363 4911 3651 4968 prospectat
3680 4905 3859 4971 futu—

2238 4986 2368 5023 rum.
2400 4971 2473 5021 Et
2507 4984 2588 5022 xvt
2613 4969 2679 5022 de
2700 4969 2877 5027 (3|qu
2904 4986 2951 5021 r.
2978 4972 3030 5020 '2.
3062 4970 3247 5022 tinus.

2309 5039 2361 5091 b'.
2398 5038 2597 5091 Medius
2644 5051 2809 5090 autem
2852 5044 3026 5103 frater,
3075 5054 3241 5104 usque
3270 5038 3334 5092 ad
3366 5056 3454 5106 per
3475 5041 3727 5093 litteram.
3765 5044 3863 5100 Ex

2239 5125 2309 5164 ιιι
2334 5117 2503 5160 routr.
2540 5109 2747 5165 Faust..
2779 5124 2826 5159 c.
2859 5106 2948 5161 35.
2983 5109 3175 5162 (istac.

2311 5176 2522 5253 7.A_Pos_t
2560 5180 2665 5232 Itwc
2705 5178 3095 5253 benedicuntur.
3119 5217 3131 5230 .
3159 5218 3172 5231 .
3197 5180 3514 5253 _p:‘0pltelttr_.
3577 5181 3651 5233 lix
3704 5200 3859 5253 cap.

2238 5249 2328 5301 25.
2361 5247 2511 5313 Quod
2539 5257 2713 5302 autem
2749 5248 2861 5300 hac
2887 5263 2915 5300 a
2941 5247 3326 5316 ntanuscriptis‘
3346 5250 3542 5303 nostris
3570 5247 3870 5309 omnibus

2241 5318 2668 5391 altsint,‘initiutn
2701 5318 3085 5391 benedictionis
3112 5320 3389 5387 repetitum
3430 5317 3689 5374 fefellisse
3744 5341 3872 5391 μι-

2241 5400 2414 5442 tamus
2444 5389 2709 5441 librarios.
2740 5388 2929 5442 Cum.

2316 5458 2398 5511 lt.
2425 5456 2581 5528 Citam
2615 5473 2787 5528 porro.
2816 5495 2830 5511 .
2853 5494 2867 5509 .
2908 5474 3062 5524 quam
3105 5475 3231 5528 Opus
3273 5460 3487 5512 corum?
3536 5459 3612 5512 Ex
3638 5474 3747 5515 xvs
3784 5464 3872 5519 dc

2242 5529 2421 5583 Οἰνία..
2454 5543 2500 5581 c.
2531 5526 2584 5578 :2.
2612 5527 2799 5581 GltlAL.

2315 5597 2451 5667 Ibid.
2490 5595 2853 5650 ercticorum
2884 5600 3074 5665 fervere
3104 5599 3404 5665 primordia.
3441 5598 3511 5652 lla
3543 5598 3688 5667 apud
3736 5605 3850 5657 Au

2244 5678 2382 5739 gusl.
2418 5666 2713 5722 Primordia
2736 5668 2795 5723 in
2824 5669 2976 5724 libris
3005 5670 3212 5724 nostris.
3239 5670 3427 5725 CBIAL.
