4034 6148
369 222 475 277 95⁸1

1200 213 1650 284 ρυΑςδτιοΝεε
1688 215 1753 271 ΙΝ
1798 212 1953 269 VET.
1997 210 2295 268 TESTAM.
2330 239 2399 249 —
2428 210 2491 264 LV
2535 207 2852 265 GENESIN.

3536 212 3643 266 238

371 329 696 400 proﬁtendo,
746 338 798 382 et
836 326 974 381 male
1008 326 1216 395 agendo
1259 325 1617 381 eshonorant.
1652 326 1729 381 De
1761 326 1953 381 talibus
1982 329 2035 386 Α
2060 334 2348 379 cernuntur
2375 340 2389 388 ;
2421 330 2475 377 et
2498 336 2632 394 quos
2654 331 2827 376 armat
2851 322 3107 378 adversus
3139 324 3304 378 Deum
3336 326 3489 381 elata:
3515 342 3644 384 con-

366 424 517 478 enitn
562 421 820 491 scriptum
849 429 933 474 est
958 436 971 471 :
997 418 1043 472 Α
1067 418 1317 489 fructibus
1340 435 1514 473 eorum
1541 420 1855 490 cognoscetis
1875 435 1960 472 eos

370 515 591 585 (Matth.
620 530 717 577 vn,
754 513 869 581 16).
914 510 1040 566 Ideo
1076 522 1129 566 et
1157 510 1325 565 Cham
1358 512 1408 564 in
1442 511 1551 563 ﬁlio
1593 525 1692 563 suo
1738 510 1960 565 maledi-

373 614 497 659 ctus
526 614 630 667 est,
681 614 931 673 tanquam
968 603 1020 656 in
1055 603 1229 656 fructu
1270 616 1393 665 suo,
1443 602 1494 655 id
1547 610 1648 665 est,
1694 600 1748 655 in
1796 617 1960 671 opere

367 714 488 760 suo,
540 696 684 751 unde
731 696 1111 749 convenienter
1167 704 1220 748 et
1262 693 1378 762 ipse
1402 691 1541 746 ﬁlius
1564 693 1681 762 ejus
1707 692 1957 747 Chanaan

368 789 758 854 interpretatur
799 795 978 839 motus
1027 798 1239 839 eorum.
1283 784 1435 850 Quod
1484 783 1610 853 quid
1659 783 1802 837 aliud
1854 793 1954 848 est,

365 892 527 948 quam
559 891 696 945 Opus
722 876 946 931 eorum?

443 970 532 1023 13.
577 970 708 1024 item
735 968 903 1038 quod,
950 966 1118 1021 Cham
1171 976 1463 1034 peccante,
1517 963 1795 1034 posteritas
1842 963 1957 1031 ejus

368 1060 683 1128 damnatur,
732 1057 1000 1128 signiﬁcat
1046 1057 1188 1126 quod
1244 1056 1457 1120 reprobi
1500 1055 1587 1109 hic
1617 1055 1831 1124 quidem
1862 1055 1956 1107 dc-

370 1154 642 1222 Iinquunt,
675 1152 768 1205 sed
799 1152 850 1203 in
876 1160 1168 1219 posterum,
1200 1147 1363 1219 295
1394 1146 1446 1201 id
1477 1157 1579 1211 est,
1609 1146 1663 1200 in
1694 1146 1950 1211 futurum,

369 1245 694 1298 sententiam
736 1241 1096 1297 damnationis
1137 1240 1430 1308 excipiunt.
1488 1240 1633 1294 Sicut
1694 1248 1750 1293 et
1807 1239 1955 1307 plebs

365 1334 577 1403 Jndma,
611 1351 731 1405 qua:
761 1335 1042 1389 Dominum
1073 1332 1355 1399 cruciﬁxit,
1391 1334 1552 1387 etiam
1585 1333 1637 1387 in
1670 1332 1793 1388 ﬁliis
1844 1348 1953 1402 pa:-

372 1445 497 1482 natn
542 1428 901 1483 damnationis
957 1442 1067 1481 suae
1117 1426 1431 1481 transmisit.
1485 1426 1744 1481 Dixerunt
1772 1426 1951 1479 enim;

374 1518 605 1590 Sanguis
630 1522 743 1591 ejus
769 1536 926 1589 super
954 1534 1048 1572 nos
1098 1527 1145 1572 et
1172 1534 1324 1588 super
1351 1517 1488 1586 ﬁlios
1511 1528 1708 1572 nostros
1733 1517 1950 1590 (Matth.

368 1625 536 1674 um,
558 1608 679 1679 '25).

443 1701 534 1756 14.
570 1700 874 1757 Benedictis
903 1700 1064 1770 igitur
1092 1699 1301 1754 duobus
1338 1702 1466 1755 ﬁliis
1492 1700 1623 1766 Noe,
1656 1709 1817 1769 atque
1848 1715 1954 1753 uno
1991 1700 2034 1758 Β

367 1808 553 1847 eorum
605 1794 783 1847 medio
833 1792 1136 1855 maledicto,
1186 1790 1441 1860 deinceps
1468 1792 1839 1862 generationes
1868 1805 1963 1845 eo-

369 1900 493 1939 rum
538 1893 830 1949 texuntur,
881 1898 944 1938 ex
993 1884 1186 1953 quibus
1228 1884 1560 1953 septuaginta
1603 1882 1724 1937 duae
1770 1892 1960 1951 gentes

366 1986 501 2031 sunt
537 1987 694 2041 Ortac,
728 1976 779 2029 id
802 1984 905 2041 est,
937 1976 1241 2045 quindecim
1269 1975 1337 2031 de
1360 1976 1613 2046 Japheth,
1646 1976 1860 2047 triginta
1892 1975 1959 2030 de

363 2066 562 2128 Citam,
591 2066 781 2136 viginti
810 2076 1015 2135 septem
1048 2066 1114 2120 de
1140 2066 1287 2121 Sent.

986 2198 1212 2254 CAPUT
1254 2197 1345 2255 IX.

499 2287 576 2343 De
608 2287 844 2344 Nentrod
874 2292 1078 2361 gigante
1107 2300 1156 2345 et
1188 2292 1486 2361 confusione
1512 2292 1824 2362 linguarum.

447 2400 499 2454 1.
534 2399 751 2455 Primus
782 2411 904 2470 post
941 2401 1204 2455 diluvium
1255 2402 1392 2457 inter
1434 2403 1682 2458 homines
1732 2402 1962 2460 Nemrod

365 2488 512 2543 illius
534 2490 681 2544 Chus
711 2506 845 2544 nova
878 2491 1089 2560 imperii
1125 2492 1421 2558 cupiditate
1452 2477 1788 2563 tyrannidem
1824 2496 1959 2549 arri-

367 2582 504 2646 puit,
540 2583 893 2649 regnat-itque
921 2584 974 2635 in
1006 2582 1321 2652 Babylonia,
1353 2599 1470 2652 qua:
1503 2585 1572 2639 ab
1598 2601 1686 2649 eo,
1715 2588 1857 2655 quod
1890 2585 1961 2640 ibi

365 2668 608 2726 ευηίιιείε
656 2680 781 2725 sunt
831 2672 1047 2745 linguze,
1090 2671 1248 2725 Babel
1276 2675 1538 2741 appellata
1571 2686 1675 2739 cst,
1706 2676 1845 2744 quod
1878 2679 1961 2730 in-

365 2773 698 2831 terpretatur
740 2764 993 2834 confusio.
1044 2763 1209 2832 Cujus
1256 2764 1587 2819 mdtllcandte
1630 2769 1791 2820 turris
1822 2768 1959 2821 idem

365 2855 608 2909 λειπτοά
639 2856 846 2909 exstitit
876 2865 1093 2918 auctor;
1128 2856 1217 2924 qui
1250 2872 1345 2925 pro
1371 2872 1437 2911 eo
1466 2858 1607 2926 quod
1642 2861 1775 2913 ultra
1808 2872 1961 2914 natu-

366 2962 485 2999 ram
514 2962 668 3000 suam
699 2948 823 3001 εωιί
850 2948 954 3000 alta
988 2958 1269 3017 penetrare
1300 2952 1603 3015 contendit,
1638 2968 1743 3005 non
1773 2956 1960 3007 int-on-

2065 415 2375 484 spirationis
2443 414 2743 484 perniciosa
2792 415 3104 479 consensio,
3155 431 3357 483 rursus,
3414 418 3640 475 interce-

2062 505 2223 559 dente
2265 505 2572 575 dogmatum
2618 504 2905 572 discordia,
2948 506 3143 561 dividit
3185 509 3374 565 oborta
3420 523 3642 582 repente

2061 596 2327 651 conlusio.

2131 686 2185 741 4.
2225 689 2371 754 Quos
2396 688 2609 757 quidem
2652 688 2764 757 ipsa
2818 688 3053 744 Trinitas
3098 690 3341 757 damnat,
3388 694 3440 746 in
3481 710 3638 762 quam

2060 778 2375 842 offendunt,
2428 779 2541 847 ipsa
2593 793 2687 834 eos
2734 779 3012 849 dispergit,
3062 782 3187 835 dum
3238 782 3407 837 dicit:
3440 783 3643 851 Venite,

2058 870 2447 934 descendamus,
2492 880 2540 923 et
2587 871 2961 941 confundantus
3009 872 3213 942 linguas
3252 875 3536 941 eorum;in
3561 892 3644 928 va-

2060 959 2250 1013 rietate
2275 960 2455 1028 utique
2484 959 2705 1026 erroris,
2765 961 2878 1015 sive
2922 961 3294 1017 schismatum.
3348 965 3426 1018 Eo
3460 978 3638 1020 autem

2062 1061 2331 1121 tempore,
2377 1052 2591 1121 quando
2637 1054 2932 1120 linguarum
2976 1054 3112 1107 facta
3158 1064 3242 1109 est
3287 1060 3539 1123 varietas,
3588 1059 3640 1113 in

2059 1145 2173 1199 sola
2219 1145 2381 1199 domo
2422 1145 2617 1210 lleber,
2659 1160 2778 1215 quae
2806 1156 2960 1201 antea
2993 1149 3109 1213 luit,
3160 1148 3335 1217 lingua
3365 1152 3642 1203 remansit.

2057 1238 2208 1293 Nunc
2229 1252 2441 1307 quoque
2464 1239 2514 1291 in
2537 1238 2650 1292 sola
2676 1238 2936 1303 Ecclesia,
2965 1256 3083 1305 quze
3105 1252 3185 1295 est
3208 1241 3400 1295 donius
3422 1242 3643 1306 Chii-ti,

2060 1331 2261 1384 unitum
2286 1345 2405 1385 esse
2426 1329 2779 1384 confessionis
2804 1340 2859 1385 et
2886 1331 3007 1387 lidei
3032 1347 3239 1401 pacem,
3266 1333 3449 1388 divisis
3471 1334 3642 1387 omni—

2059 1422 2157 1476 bus
2185 1422 2446 1491 reprobis,
2478 1422 2835 1492 agnoscimus.

2680 1558 2910 1615 CAPUT
2954 1543 3047 1615 x.’

2395 1648 2475 1705 De
2498 1666 2699 1720 egressu
2728 1653 2948 1706 Abrahae
2974 1670 3003 1705 a
3025 1651 3298 1708 Chaldaeis.

2139 1765 2186 1819 1.
2216 1764 2399 1819 Restat
2423 1766 2619 1819 deinde
2639 1766 2706 1819 de
2722 1767 2928 1821 actibus
2956 1767 3204 1832 Abrahae,
3230 1767 3312 1822 vel
3333 1768 3401 1823 de
3423 1768 3503 1823 his
3525 1783 3645 1838 qua

2065 1856 2137 1910 illi
2170 1856 2547 1925 repromiserat
2573 1859 2850 1922 Dominus,
2879 1859 3278 1925 exponendum.
3312 1860 3544 1914 Locutus
3563 1872 3647 1915 est

2064 1949 2208 2003 enim
2236 1949 2286 2003 ei
2315 1948 2573 2003 Dominus
2597 1966 2609 2001 :
2637 1948 2895 2020 Egredere
2922 1950 2988 2002 de
3017 1959 3154 2004 terra
3195 1962 3316 2015 tua,
3363 1960 3411 2003 et
3448 1952 3513 2005 de
3557 1966 3645 2004 eoo

2063 2042 2300 2109 gnatione
2328 2052 2435 2106 tua,
2474 2052 2521 2094 et
2551 2042 2615 2095 de
2639 2044 2791 2095 domo
2819 2043 2981 2112 patris
3002 2044 3095 2096 tui.
3124 2044 3256 2110 Quis
3281 2053 3461 2097 autem
3503 2045 3644 2098 alius

2063 2132 2196 2187 exiit
2222 2133 2274 2187 in
2302 2133 2572 2187 Abraham
2609 2134 2679 2188 de
2708 2143 2875 2200 terra,
2908 2144 2963 2190 et
2983 2134 3051 2190 de
3082 2135 3404 2205 cOgnatione
3437 2151 3554 2202 sua,
3590 2149 3648 2191 ut

2064 2224 2206 2292 apud
2259 2234 2473 2279 exteros
2521 2224 2981 2293 locupletaretur,
3037 2235 3093 2280 ct
3141 2235 3289 2281 esset
3334 2228 3386 2281 in
3428 2238 3647 2296 gentem

2066 2328 2333 2382 magnam,
2394 2316 2493 2369 nisi
2543 2314 2811 2381 Christus,
2862 2316 2977 2385 qui,
3026 2318 3209 2371 relicta
3256 2326 3433 2385 terra,
3463 2329 3519 2373 et
3558 2335 3651 2374 co-

2064 2406 2318 2474 gnatione
2346 2406 2678 2473 Judaeorum,
2712 2408 2990 2477 pra-pollet
3016 2424 3178 2472 nunc,
3210 2418 3268 2463 ut
3293 2410 3557 2476 videmus,
3593 2412 3646 2464 in

2064 2498 2345 2565 gendbus?

2136 2586 2191 2639 2.
2232 2589 2335 2641 Sed
2374 2598 2429 2642 et
2473 2589 2630 2642 nobis
2675 2589 2740 2643 ad
2783 2590 3089 2658 exemplum
3119 2590 3318 2643 Christi
3344 2590 3646 2645 exeundum

2065 2675 2134 2731 de
2164 2690 2301 2731 terra
2348 2689 2533 2733 nostra
2576 2688 2679 2745 est,
2733 2680 2784 2733 id
2824 2692 2928 2745 est,
2975 2682 3044 2735 de
3101 2682 3439 2736 facultatibus
3491 2682 3646 2751 hujus

2066 2773 2271 2838 mundi,
2296 2774 2591 2844 opibusque
2616 2776 2863 2840 terrenis,
2889 2784 2945 2829 et
2971 2775 3038 2829 de
3076 2774 3400 2845 cognatione
3443 2786 3647 2835 nostra,

2066 2865 2116 2917 id
2143 2874 2246 2929 est,
2278 2866 2347 2918 de
2386 2866 2821 2931 conversatione,
2850 2879 2904 2919 et
2936 2866 3196 2930 moribus,
3230 2863 3478 2934 vitiisque
3508 2866 3653 2934 prio-

2067 2956 2234 3022 ribus,
2277 2972 2416 3025 qum,
2454 2956 2607 3012 nobis
2654 2972 2683 3010 a
2734 2966 2912 3010 nostra
2966 2958 3247 3011 nativitate
3296 2956 3649 3023 cohaerentia,

362 3054 506 3109 grue
544 3040 758 3094 diabolo
785 3051 1146 3109 comparatur,
1177 3041 1289 3110 qui,
1321 3043 1644 3111 cogitatione
1672 3045 1849 3098 cordis
1876 3047 1956 3100 sui
1992 3069 2038 3130 ε
2070 3052 2212 3103 velut
2239 3047 2500 3102 afﬁnitate
2527 3047 2757 3117 quadam
2784 3058 2838 3103 et
2864 3044 3329 3117 consanguinitate
3359 3048 3645 3118 conjuncta

361 3133 763 3197 intumescens,
808 3148 970 3201 super
994 3133 1171 3187 sidera
1209 3134 1446 3187 exaltare
1473 3150 1531 3189 se
1562 3134 1745 3201 voluit,
1776 3137 1825 3190 id
1855 3148 1960 3203 est,

362 3238 531 3288 super
576 3238 792 3275 onmem
842 3232 1157 3290 p0testatetn
1208 3225 1560 3292 angelorum,
1620 3222 1729 3277 Deo
1772 3242 1831 3279 se
1870 3244 1961 3280 co-

359 3326 592 3377 :equare
622 3312 932 3377 disponens,
960 3312 1085 3363 dum
1109 3312 1238 3365 dicit
1265 3330 1276 3362 :
1304 3312 1587 3364 Ascendam
1610 3330 1759 3382 super
1782 3314 1959 3368 altitu-

359 3402 544 3452 dinem
572 3400 808 3464 nubium,
836 3408 882 3451 et
913 3416 997 3452 ero
1027 3398 1211 3452 similis
1241 3400 1524 3453 Altissimo.

440 3506 495 3559 Ξ.
540 3507 691 3573 Quod
725 3516 904 3561 autem
938 3506 1137 3560 dicitur
1182 3516 1415 3571 perlator,
1465 3506 1591 3575 quid
1628 3508 1960 3578 signiﬁcatur

359 3599 471 3657 hoc
503 3602 743 3665 nomine,
779 3600 878 3656 nisi
909 3601 1301 3671 terrigenarum
1343 3598 1637 3656 animarum
1678 3601 1957 3671 deceptor,

355 3704 421 3747 et
448 3696 670 3759 capiens
697 3694 939 3747 homines
967 3694 1032 3747 ad
1062 3692 1536 3746 mortemTTurris
1563 3692 1679 3762 ejus
1708 3696 1955 3761 superbia

361 3785 534 3853 hujus
581 3786 767 3838 mundi
816 3795 920 3848 cst,
954 3786 1038 3839 vel
1069 3785 1227 3853 impia
1258 3784 1511 3853 dogmata
1545 3786 1947 3849 haereticorum,

359 3878 459 3946 qui
498 3888 778 3946 postquam
829 3877 960 3931 moti
1003 3888 1128 3931 sunt
1169 3877 1237 3931 ab
1276 3879 1517 3942 Oriente,
1552 3879 1601 3929 id
1634 3888 1735 3942 est,
1770 3892 1799 3931 a
1830 3894 2005 3953 vero.

365 3968 576 4020 lumine
626 3977 987 4031 recesserunt,
1032 3980 1084 4021 ct
1127 3980 1389 4024 venerunt
1428 3970 1481 4023 in
1524 3985 1771 4039 campum
1818 3972 1955 4026 Sett-

364 4073 524 4117 naar,
567 4059 655 4126 qui
703 4058 1084 4126 interpretatur
1122 4060 1353 4112 ext-assio
1380 4060 1626 4126 dentium,
1661 4065 1837 4116 statim
1864 4062 1957 4116 ad-

364 4164 563 4201 versus
616 4148 783 4203 Deum
829 4150 1122 4218 impietatis
1171 4167 1281 4204 sum
1322 4153 1586 4207 aediﬁcant
1632 4157 1840 4220 turrim,
1893 4172 1957 4211 ac

363 4239 619 4307 dogmata
650 4241 915 4305 superbia:
948 4242 1153 4295 nefario
1181 4257 1313 4294 ausu
1344 4245 1678 4311 conﬁngunt,
1714 4246 1956 4301 volentes

368 4330 689 4381 curiositate
721 4344 825 4383 non
858 4331 1000 4385 licita
1029 4331 1193 4397 ipsius
1224 4334 1344 4385 cmli
1370 4332 1477 4385 alta
1512 4347 1810 4401 penetrare.

2068 3152 2233 3205 sunt;
2281 3150 2339 3195 et
2385 3140 2453 3194 de
2501 3140 2663 3195 domo
2704 3140 2869 3209 patris
2912 3140 3102 3205 nostri,
3157 3141 3207 3195 id
3252 3150 3357 3205 est,
3398 3139 3467 3195 de
3500 3140 3648 3195 omni

2066 3232 2325 3286 memoria
2378 3228 2585 3297 tnttntli,
2647 3243 2703 3286 ut
2752 3231 2801 3288 ei
2844 3234 3217 3287 renuntiantes
3276 3236 3546 3301 possimus
3594 3234 3647 3286 in

2065 3329 2263 3396 populo
2308 3326 2395 3383 Dei
2439 3329 2672 3394 dilatari,
2717 3338 2773 3384 et
2812 3330 2865 3384 in
2910 3341 3106 3384 terram
3140 3330 3510 3396 promissionis
3537 3346 3646 3384 eteo

2066 3420 2236 3489 lestis,
2264 3437 2385 3475 cum
2417 3431 2627 3490 tempus
2655 3421 2953 3487 advenerit,
2986 3422 3038 3475 in
3069 3422 3277 3476 roduci.

2133 3515 2292 3585 297
2316 3515 2370 3567 5.
2402 3510 2529 3566 Duae
2556 3525 2730 3567 autem
2766 3516 3147 3582 promissiunes
3170 3514 3397 3567 Abrahae
3419 3512 3637 3566 dantur:

2065 3621 2198 3667 una,
2233 3619 2326 3671 per
2352 3618 2510 3672 quam
2544 3614 2738 3657 tetram
2769 3604 3023 3659 Chanaan
3055 3621 3421 3672 possessorum
3461 3617 3643 3658 semen

2060 3698 2177 3766 ejus
2222 3699 2565 3765 promittitur,
2600 3697 2725 3750 dum
2779 3698 2911 3751 dicit
2958 3698 3126 3753 Deus:
3182 3696 3321 3751 Vade
3360 3699 3411 3750 in
3461 3708 3646 3751 terram

2060 3805 2215 3858 quam
2256 3790 2608 3842 demonstrabo
2640 3788 2762 3853 tibi,
2784 3790 3072 3858 faciamque
3112 3799 3161 3840 te
3206 3786 3257 3840 in
3302 3796 3503 3857 gentem
3539 3804 3651 3841 ma-

2060 3895 2233 3951 guunt.
2265 3879 2381 3931 Alia
2417 3894 2544 3932 vero
2588 3878 2744 3947 longe
2778 3879 3048 3946 praeStauti
3075 3894 3116 3930 tr
3150 3888 3258 3942 est,
3294 3891 3397 3930 non
3433 3876 3501 3930 de
3528 3892 3646 3929 car-

2062 3970 2200 4032 nali,
2233 3968 2329 4022 sed
2373 3968 2441 4021 de
2488 3968 2748 4035 spirituali
2791 3964 3029 4030 semine,
3073 3982 3165 4035 per
3206 3966 3346 4034 quod
3389 3975 3541 4034 pater
3569 3976 3652 4019 est

2061 4075 2167 4112 non
2218 4057 2375 4111 unius
2413 4058 2587 4127 gentis
2630 4056 2969 4120 lsraelgticaz,
3012 4056 3104 4111 sed
3135 4058 3371 4110 omnium
3414 4055 3649 4125 gentium

2060 4167 2180 4220 quae
2211 4150 2332 4206 ﬁdei
2375 4152 2491 4221 ejus
2526 4150 2752 4221 veStigia
2784 4163 3206 4218 consequuntur,
3238 4149 3381 4220 quod
3414 4148 3650 4218 promitti

2059 4244 2222 4313 coepit
2252 4243 2336 4297 bis
2366 4244 2577 4297 verbis:
2613 4237 2680 4296 Et
2708 4242 3068 4297 benedicentur
3112 4243 3163 4295 in
3212 4252 3261 4295 te
3290 4240 3536 4296 universi:
3563 4256 3651 4295 co.

2060 4337 2318 4406 gnationes
2351 4346 2515 4388 terrte.

442 4423 499 4475 3.
540 4422 644 4475 Sed
674 4424 816 4476 sicut
848 4425 919 4477 illi
956 4440 1053 4492 per
1083 4427 1387 4493 superbiam
1437 4428 1504 4479 ab
1545 4442 1647 4480 una
1696 4427 1867 4497 lingua
1901 4430 1954 4484 in
1989 4443 2038 4501 ι)
2132 4428 2187 4483 4.
2223 4427 2476 4497 Egressus
2506 4438 2679 4480 autem
2712 4418 2982 4481 Abrahnn
3010 4426 3076 4479 de
3104 4426 3268 4480 Carra
3296 4428 3442 4480 venit
3470 4424 3536 4479 ad
3562 4422 3628 4480 Si

366 4517 571 4567 multas
615 4516 771 4568 divisi
819 4527 966 4580 sunt,
1010 4516 1080 4569 ita
1121 4527 1176 4569 et
1215 4514 1472 4582 hanetici,
1504 4518 1570 4571 ab
1602 4519 1801 4573 unitate
1832 4521 1955 4574 lidei

364 4606 685 4657 confusione
739 4605 1047 4674 segregati,
1108 4606 1248 4658 inter
1295 4620 1395 4669 se,
1442 4606 1605 4675 296
1646 4607 1961 4663 diversitate

367 4701 593 4763 erroris,
625 4700 778 4768 quasi
810 4713 903 4766 pcr
928 4698 1316 4752 dissonantiant
1358 4697 1578 4767 linguas,
1611 4698 1837 4754 invicem
1878 4716 1959 4756 see

444 4876 531 4932 l-i.
559 4877 871 4940 Benedictis,
887 4892 1053 4948 usque
1073 4877 1138 4930 ad
1163 4876 1454 4939 maledicto,
1474 4875 1634 4930 verba
1652 4885 1775 4929 sunt
1789 4878 1951 4945 Ang,

370 4951 505 5004 ibid.
532 4949 725 5003 (inut.

443 5018 584 5074 Ibid.
612 5020 694 5072 Ea:
720 5018 903 5088 quibus
936 5018 1261 5088 septuaginta
1299 5019 1415 5070 «tua:
1447 5029 1639 5088 gentes.
1676 5015 1797 5071 Vid.
1840 5027 1951 5069 not.

367 5092 434 5143 ad
469 5106 519 5143 ε.
546 5096 583 5142 ’Ζ
603 5092 695 5143 lib.
723 5087 775 5142 ιι
803 5088 979 5158 Etytn.
1013 5087 1202 5142 ϐκιλι..

440 5160 573 5214 Car.
609 5176 689 5214 ιι.
722 5159 787 5215 Ν.
814 5155 1097 5211 ‘|.'Primus
1122 5166 1233 5227 post
1256 5155 1522 5220 diluvium,
1551 5171 1716 5227 usque
1741 5157 1811 5212 ad
1834 5175 1954 5211 con-

365 5232 533 5298 Ῑιιιὲο,
562 5231 895 5299 ΙΙὶεῐὈηγηι..
924 5228 1061 5282 lrad.
1090 5237 1141 5279 in
1165 5228 1323 5288 Gen.,
1351 5244 1401 5282 c.
1432 5230 1517 5279 10.
1547 5226 1737 5282 CRIAL.

442 5301 498 5353 Ξ.
532 5301 685 5364 Quod
712 5309 880 5351 autem
921 5300 1105 5351 dicitur
1133 5310 1355 5358 venator,
1393 5314 1558 5369 usque
1588 5301 1652 5350 ad
1682 5299 1916 5369 superbia
1938 5339 1952 5362 ,

365 5372 532 5425 verba
566 5380 690 5423 sunt
722 5375 881 5438 Ang.,
912 5386 997 5422 xvt
1023 5373 1089 5422 de
1108 5369 1291 5432 Civit.,
1320 5384 1368 5422 c.
1390 5369 1446 5422 4.
1473 5367 1664 5422 ϐωλι..

442 5441 498 5493 4.
539 5439 616 5491 Eo
654 5452 826 5496 autem
876 5449 1121 5506 tempore,
1173 5454 1343 5509 usque
1372 5443 1436 5493 ad
1467 5440 1642 5509 lingua
1688 5441 1952 5505 retnansit,

364 5512 548 5578 cjnsd.
580 5525 699 5577 cap.
729 5512 813 5563 tl.
846 5510 1040 5564 Cum.

445 5580 589 5634 Ibid.
619 5579 851 5636 Grialius
880 5582 932 5634 in
958 5584 1086 5649 solo,
1118 5580 1257 5651 quod
1288 5579 1537 5635 mendum
1576 5581 1779 5636 clarum
1814 5582 1957 5635 vide-

366 5666 478 5706 tur.
510 5656 683 5703 Annv.

2062 4518 2251 4583 chetn,
2290 4528 2616 4586 acceptoque
2656 4516 2895 4571 secundo
2942 4518 3159 4569 oracnl'o
3190 4515 3257 4568 de
3288 4513 3645 4583 promissione

2065 4620 2222 4663 terra:
2251 4608 2449 4677 ipsius,
2474 4608 2752 4662 :edillcavit
2791 4609 2977 4661 altare.
3014 4607 3079 4660 Et
3107 4605 3374 4675 profectus
3404 4603 3528 4657 inde
3555 4602 3653 4656 ha?

2065 4701 2249 4755 bitavit
2277 4699 2331 4755 in
2362 4715 2571 4765 eremo,
2609 4711 2767 4770 atque
2794 4701 2937 4769 inde,
2973 4699 3125 4753 famis
3153 4696 3327 4766 inopia
3354 4695 3606 4765 expulsus
3628 4738 3643 4761 ,

2131 4877 2260 4933 Car.
2295 4894 2349 4932 ι.
2378 4876 2444 4932 Ν.
2487 4877 2538 4930 1.
2582 4877 2709 4941 Quis
2736 4885 2897 4929 autent
2927 4876 3081 4939 alius,
3108 4887 3274 4943 usque
3298 4871 3363 4924 ad
3392 4871 3448 4925 in
3473 4875 3637 4940 gentis

2058 4948 2170 5072 aus,
2203 4949 2479 5019 Augustini
2518 4959 2644 5003 sunt
2678 4950 2859 5009 verbo,
2894 4961 2968 5000 sit
3003 4956 3179 4999 contr.
3212 4943 3421 5005 Faust.,
3461 4957 3510 4995 c.
3543 4942 3632 4997 Q5.

2109 5034 2245 5072 nnc.

2109 5034 2245 5072 ttlAL.

2127 5089 2181 5140 2.
2230 5090 2486 5155 Grialins,
2530 5097 2584 5141 et
2625 5089 2712 5141 alii
2759 5085 3002 5153 impressi
3053 5083 3408 5153 operibusque.
3453 5081 3637 5136 Melius

2058 5158 2189 5212 Cod.
2225 5159 2599 5213 Albornuzian.
2639 5157 2935 5226 opibusque.
2969 5160 3143 5210 Ansv.

2129 5228 2179 5282 ὅ.
2220 5230 2347 5282 Una:
2374 5246 2441 5281 au
2465 5245 2543 5281 ent
2574 5224 2956 5295 promissiones,
2983 5240 3151 5295 usque
3206 5225 3269 5274 ad
3312 5224 3640 5293 cognationes

2062 5310 2229 5361 teme.
2260 5300 2456 5365 ejusd.,
2492 5315 2575 5352 xvi
2602 5299 2669 5353 de
2696 5299 2879 5360 Civit.,
2912 5310 2961 5350 c.
2994 5298 3077 5350 lo.
3103 5296 3294 5349 GliHL.

2132 5369 2185 5424 εί.
2220 5363 2469 5441 Egressus
2490 5370 2767 5441 Abraham,
2792 5383 2959 5437 usque
2984 5367 3048 5419 ad
3073 5370 3222 5418 teme
3240 5365 3423 5433 ipsius,
3442 5363 3639 5433 cjusd.,

2062 5457 2147 5495 3m
2174 5443 2243 5496 de
2271 5439 2407 5501 Civ.,
2435 5458 2484 5493 c.
2517 5440 2601 5491 l8.
2634 5439 2822 5494 GRIAL.

2135 5511 2269 5563 Ibid.
2302 5508 2602 5578 .Ediﬁcuvit
2640 5512 2822 5574 altare,
2856 5524 3023 5578 usque
3052 5508 3116 5563 ad
3144 5507 3412 5576 sanguine,
3440 5501 3643 5572 ejusd,

2062 5600 2109 5637 c.
2148 5583 2231 5638 '19.
2260 5582 2450 5637 GltML.
