4064 6170
392 255 498 309 9.39

1429 243 1486 297 S.
1529 240 1773 297 lSIDORI
1816 238 2260 297 IIISPAIJSNSIS
2300 237 2613 295 EPISCOPI

394 371 667 430 descendit
695 371 744 425 in
777 369 1099 442 (Egyptum,
1125 366 1214 422 ubi
1240 379 1460 419 uxorem
1504 378 1655 419 suam
1682 362 1816 417 dixit
1856 375 1975 417 esse
2004 365 2051 422 Α
2080 369 2251 416 matre
2295 359 2506 429 genitus
2538 372 2632 425 per
2677 353 3045 419 divinitatem,
3078 352 3193 423 ipse
3234 352 3302 408 de
3346 361 3515 410 matre
3558 354 3676 409 sine

393 480 656 521 sororem.
700 463 810 519 Nec
861 455 1295 527 mentitus,quia
1347 452 1643 525 propinqua
1698 459 1814 508 erat
1859 465 1983 506 san-

384 559 571 629 guine.

462 649 516 702 5.
544 649 713 714 Quam
757 654 932 699 tamen
979 640 1186 695 Pharao
1230 652 1325 692 rex
1374 635 1587 707 Egypti
1618 635 1802 690 volens
1845 634 1983 688 acci-

394 755 552 809 pere,
580 735 910 808 gravissimis
960 732 1175 786 territus
1214 729 1498 792 monstris,
1530 726 1821 794 multisque
1862 740 1984 794 pro-

394 843 511 899 pter
557 844 674 885 eam
729 827 881 881 malis
939 825 1196 886 afﬂictus,
1248 822 1336 875 ubi
1385 834 1506 875 esse
1565 821 1681 887 ejus
1728 818 1983 871 divinitus

396 932 617 973 uxorem
646 915 864 980 didicit,
917 910 1197 967 confestim
1237 910 1458 964 illaesum
1506 922 1626 963 cum
1667 908 1868 961 honore
1898 921 1984 960 re-

394 1014 585 1067 stituit.
616 1012 722 1064 lloc
754 1010 951 1077 itaque,
973 1021 1093 1062 cum
1114 1008 1180 1061 de
1204 1004 1513 1061 Abimelech
1539 1004 1925 1078 dicerevcoepct
1942 1003 1981 1057 i-

392 1115 510 1156 mus
533 1141 547 1168 ,
573 1112 925 1168 exponemus.

999 1229 1226 1285 CAPUT
1279 1228 1371 1283 XI.

674 1345 751 1399 De
770 1344 981 1399 victoria
999 1342 1218 1397 Abrahae
1239 1351 1284 1395 et
1310 1337 1704 1395 Melchisedech.

464 1461 517 1516 1.
545 1459 785 1513 Reverso
832 1457 987 1525 igitur
1024 1454 1296 1510 Abraham
1327 1468 1391 1509 ex
1420 1451 1655 1522 Egypto
1674 1492 1689 1517 ,
1719 1449 1860 1506 unde
1890 1466 1979 1506 ve-

384 1560 542 1607 nerat
562 1593 577 1619 ,
610 1558 737 1605 tunc
763 1549 863 1604 Lot
890 1548 1067 1602 fratris
1099 1546 1238 1600 filius
1268 1547 1334 1600 ab
1364 1546 1457 1600 illo
1501 1546 1562 1597 in'
1587 1552 1781 1598 terram
1809 1542 1983 1597 Sodo-

392 1661 602 1701 morum
650 1644 794 1698 salva
832 1642 1092 1697 charitate
1130 1639 1383 1703 secessit,
1408 1638 1581 1693 vitans
1621 1634 1940 1689 discordiam
1963 1675 1978 1700 ,

2088 460 2239 523 patre
2280 467 2377 521 per
2409 448 2818 504 humanitatem.

2157 544 2209 599 5.
2243 545 2360 614 Ipse
2382 556 2593 612 quoque
2614 539 2860 594 sacerdos
2880 545 3113 593 aeternus
3133 580 3147 605 ,
3176 537 3241 591 ad
3264 553 3419 605 quem
3443 537 3670 594 dicitur:

2090 634 2168 688 Tu
2191 650 2243 688 es
2271 634 2508 688 sacerdos
2527 633 2579 685 in
2607 642 2850 685 externum
2891 629 3169 683 secundum
3199 630 3429 682 ordinem
3461 629 3677 684 Melchi-

2086 725 2263 781 sedech
2299 725 2526 795 (Psahn.
2564 723 2697 794 (ιιι).
2752 721 2943 788 Utique
2972 730 3187 789 propter
3233 721 3543 791 mysterium
3590 737 3679 776 sa-

2086 821 2373 885 cramenti,
2406 819 2545 887 quod
2598 814 2921 870 Christianis
2970 814 3247 868 celebrare
3301 815 3584 883 praecepit,
3619 824 3677 868 ut

2088 930 2192 969 non
2221 919 2515 969 secundum
2564 917 2742 965 Aaron
2791 908 3051 979 pecudum
3094 908 3368 975 victimas,
3396 907 3493 962 sed
3523 908 3673 962 obla-

2088 1006 2283 1060 tionem
2320 1003 2470 1072 panis
2519 1012 2574 1057 et
2623 1000 2762 1067 vini,
2798 1000 2848 1052 id
2880 998 3256 1066 est,corporis
3302 1011 3357 1053 et
3400 998 3676 1068 sanguinis

2087 1097 2203 1166 ejus
2227 1106 2643 1159 sacramentum,
2676 1092 2727 1145 in
2760 1089 3079 1145 sacrificium
3107 1089 3414 1144 offeramus.

2157 1186 2210 1241 6.
2243 1185 2395 1251 Quod
2439 1199 2568 1238 vero
2615 1181 2915 1251 patriarcha
2961 1194 3185 1250 magnus
3228 1180 3464 1234 decimas
3503 1186 3679 1234 omnis

2086 1276 2396 1331 substantiae
2423 1289 2531 1328 sure
2562 1272 2952 1327 Melchisedech
2997 1272 3258 1326 sacerdmi
3294 1282 3410 1340 post
3453 1273 3678 1326 benedi-

2087 1370 2319 1423 ctionem
2342 1366 2487 1422 dedit
2509 1407 2523 1431 ,
2544 1365 2725 1420 sciens
2746 1363 3092 1430 spiritualiter
3110 1365 3298 1417 melius
3316 1364 3675 1418 sacerdotium

2087 1457 2321 1512 futurum
2354 1456 2407 1510 in
2436 1455 2634 1524 populo
2678 1453 2918 1521 gentium
2961 1466 3118 1521 quam
3151 1451 3478 1518 Leviticnm,
3532 1446 3674 1522 quod

2089 1550 2158 1605 de
2200 1551 2316 1617 ipso
2364 1550 2417 1602 in
2462 1546 2625 1601 Israel
2670 1555 2783 1599 erat
2832 1546 3193 1608 nasciturum,
3225 1545 3594 1614 futurumque,
3621 1557 3679 1601 ut

2086 1642 2443 1697 sacerdotium
2479 1639 2730 1694 Ecclesia
2760 1638 2963 1692 habens
2992 1639 3307 1706 prteputium
3331 1637 3677 1693 benediceret

390 1738 513 1805 quia
541 1735 731 1789 divites
776 1733 899 1787 facti
930 1739 1112 1795 erant,
1144 1740 1198 1784 et
1226 1738 1474 1799 pastores
1514 1742 1701 1783 eorum
1754 1727 1980 1781 invicem
2017 1730 2061 1790 Β
2091 1733 2140 1787 in
2165 1732 2432 1787 Abraham
2456 1730 2619 1801 299
2640 1729 2957 1783 circumciso
2978 1728 3335 1784 sacerdotium
3359 1730 3675 1801 Synagogae.

392 1825 724 1878 rixahantur.
755 1820 1056 1876 Permansit
1084 1828 1262 1874 autem
1297 1818 1562 1873 Abraham
1591 1818 1643 1871 in
1678 1828 1819 1873 terra
1842 1818 1983 1873 Cha-

390 1912 943 1982 naan,habitavitque
982 1911 1131 1981 juxta
1172 1926 1423 1979 quercum
1460 1910 1716 1965 Mambre.

462 2005 625 2074 298
651 2004 705 2058 2.
739 2003 941 2058 Deinde
989 2016 1018 2056 a
1065 2003 1302 2070 quinque
1332 2001 1577 2072 regibus,
1604 2002 1696 2070 qui
1724 1999 1981 2055 Sodomis

393 2096 696 2159 irruera'nt,
720 2106 930 2163 captum
962 2093 1060 2148 Lot
1091 2092 1278 2147 bberat
1299 2134 1312 2156 ,
1337 2091 1540 2147 habens
1560 2106 1740 2147 secum
1770 2091 1821 2144 in
1857 2107 1983 2159 pra:-

390 2182 462 2237 lio
503 2191 770 2240 trecentos
804 2183 990 2239 decem
1021 2191 1076 2238 et
1117 2193 1238 2237 octo
1274 2182 1544 2236 vernulas.
1580 2182 1685 2236 Sed
1713 2180 1838 2251 quid
1868 2181 1983 2237 haec

392 2276 610 2330 victoria
646 2275 875 2331 Abrahae
904 2276 971 2331 de
1011 2277 1241 2345 quinque
1282 2274 1494 2342 regibus
1521 2272 1824 2337 indicabat,
1848 2288 1982 2341 quos

393 2367 486 2421 ille
539 2366 659 2421 fidei
706 2377 857 2435 pater
900 2367 1155 2435 mysterio
1184 2364 1615 2433 superavit,nisi
1654 2363 1796 2433 quod
1849 2364 1981 2418 fides

397 2468 577 2512 nostra
600 2500 615 2523 ,
643 2459 687 2512 si
711 2460 1020 2514 confirmata
1042 2457 1112 2512 sit
1134 2458 1185 2511 in
1210 2456 1398 2526 spiritu
1424 2456 1734 2524 principali,
1760 2457 1979 2511 totidem

394 2549 633 2615 corporis
664 2548 832 2603 nostri
880 2562 1069 2603 sensus
1099 2548 1262 2602 verbo
1296 2547 1387 2601 Dei
1422 2547 1627 2615 subigat
1659 2545 1859 2619 [Forte,
1893 2564 1979 2602 su-

397 2635 546 2707 bigit]
575 2636 598 2689 τ
626 2637 757 2691 Nam
802 2638 939 2691 sicut
970 2638 1057 2691 ille
1085 2637 1153 2691 de
1194 2638 1439 2705 proximo
1469 2636 1520 2690 in
1546 2639 1760 2706 regibus
1788 2639 1977 2705 victor,

394 2729 463 2779 ita
492 2726 710 2780 etfides
753 2735 932 2779 nostra
976 2740 1070 2795 per
1109 2725 1340 2780 animam
1383 2725 1576 2780 victrix
1606 2727 1674 2781 de
1713 2729 1980 2784 exteriore
2028 2792 2032 2797 ,

401 2818 617 2871 homine
647 2815 958 2884 triumphat.

467 2930 521 2984 5.
551 2928 704 2995 Quod
733 2943 860 2983 vero
891 2928 978 2983 ille
1021 2943 1125 2983 non
1158 2930 1494 2986 multitudine
1514 2972 1529 2996 ,
1562 2945 1659 2985 nec
1690 2930 1886 2987 virtute
1911 2934 1974 2986 le-

390 3021 606 3090 gionum
629 3063 643 3087 ,
674 3018 768 3074 sed
819 3030 1019 3074 tantum
1054 3023 1312 3077 trecentis
1357 3024 1540 3079 decem
1569 3035 1623 3079 et
1668 3035 1791 3080 octo
1821 3026 1980 3080 comi-

395 3112 656 3178 tantibus,
687 3109 1028 3165 adversarios
1071 3111 1337 3182 principes
1366 3115 1684 3181 debellavit,
1710 3118 1819 3185 jam
1858 3126 1980 3171 tunc

402 3204 453 3255 in
482 3210 823 3257 sacramento
868 3203 1080 3269 crucis,
1109 3204 1258 3272 cujus
1292 3203 1457 3274 figura
1491 3223 1581 3275 per
1614 3206 1722 3260 Ταιι
1754 3208 1981 3262 litteram

393 3290 632 3346 Graecam
684 3307 908 3346 numero
956 3301 1317 3348 trecentorum
1366 3288 1985 3367 exprimitur,imagina-

393 3383 568 3449 batur,
599 3383 740 3452 quod
784 3397 880 3438 nos
925 3383 1123 3439 Christi
1154 3386 1331 3454 passio
1371 3386 1623 3442 liberaret
1652 3404 1681 3441 a
1708 3388 1983 3443 dominatu

393 3474 628 3542 quinque
679 3474 973 3529 carnalium
1026 3478 1436 3544 sensuum,qui
1470 3494 1567 3533 nos
1619 3491 1773 3535 antea
1819 3483 1984 3537 variis

394 3563 532 3618 vitiis
562 3564 893 3631 captivantes
920 3575 1394 3632 exsuperaverant.

469 3674 521 3727 4.
554 3671 865 3727 Revertenti
911 3674 1070 3743 igitur
1096 3690 1124 3728 a
1167 3675 1311 3730 caede
1342 3676 1569 3730 hostium
1601 3678 1866 3734 Abraham
1893 3698 1983 3736 oc-

397 3763 566 3817 currit
594 3763 639 3818 ei
676 3778 797 3819 mox
820 3764 1239 3831 Melchisedech,
1264 3781 1353 3820 rex
1386 3766 1560 3822 Salem
1584 3770 1835 3824 sacerdos
1866 3772 1979 3838 Dei,

404 3854 746 3911 inenarrabili
780 3866 997 3927 parente
1028 3859 1364 3926 progenitus;
1396 3858 1773 3930 benedixitque
1814 3862 1983 3917 Abra-

396 3946 548 4015 ham,
580 3947 811 4002 oll‘erens
859 3962 1050 4016 panem
1088 3955 1143 4001 et
1176 3948 1356 4001 vimnn
1401 3949 1453 4002 in
1485 3952 1801 4006 sacrificium
1848 3954 1978 4009 Deo.

397 4036 548 4090 Ilunc
593 4038 983 4093 Melchisedech
1028 4041 1300 4107 apostolus
1352 4040 1545 4095 Paulus
1591 4043 1707 4097 sine
1750 4056 1900 4113 patre
1927 4056 1982 4099 et

396 4127 511 4179 sine
545 4135 713 4180 matre
738 4143 1197 4197 commemorans,
1231 4130 1516 4198 figuraliter
1548 4132 1711 4186 refert
1739 4134 1803 4187 ad
1827 4135 1979 4188 Chri-

397 4225 536 4267 stum
568 4212 754 4283 (Hebr.
804 4216 921 4283 vn).
949 4216 1068 4285 Ipse
1104 4226 1188 4272 est
1231 4219 1372 4273 enim
1417 4220 1563 4273 solus
1593 4220 1661 4275 de
1690 4235 1840 4291 patre
1863 4226 1979 4279 sine

465 4392 518 4445 5.
557 4391 922 4466 Quam_tamen
954 4389 1188 4466 Pha_rao_,
1220 4406 1389 4461 usque
1414 4392 1477 4446 ad
1506 4396 1745 4462 restituit,
1774 4397 1969 4466 ejusd.,

400 4477 505 4514 χχιι
534 4472 679 4515 cont.
708 4460 912 4525 Fanst.,
944 4477 992 4515 c.
1023 4461 1111 4516 55.
1144 4460 1334 4516 ϐηιΑι..

467 4531 493 4605 l_
501 4532 604 4605 bid.
626 4531 764 4605 Cod.
798 4531 1121 4599 Regiovatic.
1146 4535 1275 4596 295,
1306 4542 1424 4602 post
1465 4535 1683 4588 restituit
1708 4536 1775 4589 ad
1800 4552 1969 4605 marg.

396 4602 540 4655 addit
575 4601 732 4671 gHoc
770 4604 1006 4670 itaque...
1046 4601 1390 4671 exponemus;
1418 4612 1473 4659 et
1512 4604 1692 4659 addit:
1733 4606 1798 4659 In
1837 4601 1973 4662 Sara

393 4674 529 4745 enim
558 4670 747 4725 Christi
774 4671 1002 4725 Ecclesia
1022 4670 1377 4743 ﬁgurabatur,
1394 4691 1544 4744 quam
1574 4675 1761 4730 violare
1787 4679 1972 4745 inﬁde-

393 4743 550 4815 litatis
581 4758 721 4795 error
748 4759 848 4794 non
877 4753 1099 4815 poterat,
1121 4746 1240 4810 quia
1265 4749 1374 4798 sne
1401 4743 1606 4797 macula
1636 4756 1707 4799 est
1745 4757 1792 4801 et
1825 4743 1969 4815 ruga.

397 4812 631 4865 Monstra
660 4826 828 4865 au'em
856 4813 1037 4880 quibus
1071 4814 1278 4867 Pharao
1308 4816 1510 4868 territus
1532 4824 1621 4874 est.
1646 4817 1800 4870 virtus
1827 4812 1977 4872 mira-

392 4882 627 4935 culorum
647 4892 743 4946 est,
769 4898 883 4950 qua:
902 4886 1023 4935 dunt
1047 4886 1263 4938 mundus
1301 4886 1500 4949 aspicit.
1532 4886 1772 4954 confusus
1802 4889 1971 4942 obstu-

397 4956 527 5026 puit.
557 4955 625 5007 Ita
650 4955 810 5008 etiam
830 4954 963 5008 Cod.
990 4954 1224 5008 Floreat.
1256 4957 1302 5009 I.
1334 4957 1404 5009 De
1419 4956 1725 5010 Abimelech
1746 4973 1865 5026 cap.
1890 4962 1974 5016 16.

393 5025 563 5077 Aasv.

399 5161 439 5215 G
467 5095 596 5149 Car.
631 5111 701 5149 χι.
753 5093 816 5148 Ν.
851 5094 900 5148 1.
940 5093 1156 5147 Ileverso
1205 5093 1526 5147 rimabantur.
1566 5095 1749 5164 Eju-d.
1803 5114 1850 5154 c.
1886 5102 1976 5156 20.

448 5179 587 5215 nm“

448 5179 587 5218 BIAL.

471 5233 608 5286 Ibid.
642 5234 942 5287 Permansit
990 5248 1155 5303 usque
1199 5233 1265 5287 ad
1299 5233 1557 5289 Mambre.
1604 5237 1668 5290 Et
1700 5241 1896 5293 mansit
1926 5245 1977 5296 in

399 5302 504 5375 alio
532 5303 770 5368 ejllsdt'lll
802 5313 960 5375 terra:
986 5302 1123 5371 loco,
1153 5305 1205 5358 id
1234 5316 1335 5370 est,
1361 5306 1513 5375 juxta
1537 5323 1790 5375 quercum
1816 5310 1981 5365 Mam-

399 5372 511 5425 bre.
547 5378 678 5438 Aug.
710 5390 755 5426 e.
793 5374 885 5428 9.2.
907 5374 1108 5429 Cum"

466 5440 519 5494 2.
553 5439 748 5493 Deinde
776 5461 806 5494 α
849 5446 1071 5516 quinque
1110 5446 1331 5514 regibus,
1363 5461 1531 5515 usque
1560 5446 1625 5501 ad
1651 5449 1970 5517 vernaculas,

394 5514 554 5565 Ana”
589 5511 717 5564 iit-id.
754 5513 941 5565 GRIAL.

446 5528 554 5581 ng.,
589 5527 717 5564 nua.
754 5527 941 5567 URIAL.

470 5583 605 5635 Ibid.
633 5582 865 5635 Grialius
904 5585 953 5634 in
981 5594 1125 5638 textu
1148 5587 1401 5649 uernulas,
1430 5588 1479 5640 in
1506 5599 1614 5641 not.
1653 5592 1968 5645 vernaculos.

392 5651 477 5705 Sic
505 5654 666 5707 etiam
698 5667 821 5706 mox
858 5669 947 5721 per
991 5652 1122 5720 Tuu,
1146 5667 1197 5708 et
1234 5673 1321 5724 per
1347 5657 1406 5709 Τ.
1441 5658 1617 5713 Anev.

2089 1822 2189 1888 Qui
2216 1822 2357 1877 enim
2392 1820 2657 1876 benedicit
2677 1862 2692 1886 ,
2724 1820 2895 1887 major
2922 1828 3179 1888 estquam
3206 1821 3295 1889 qui
3318 1819 3675 1876 benedicitur.

2158 1914 2211 1965 7.
2249 1911 2401 1966 Unde
2429 1921 2478 1964 et
2503 1910 2811 1964 sacerdotes
2840 1923 2905 1963 ex
2936 1909 3141 1963 semine
3171 1908 3400 1963 Abrahae
3426 1910 3532 1963 nati
3564 1910 3678 1963 fra-

2088 2013 2193 2058 tres
2222 2016 2349 2057 suos
2376 2000 2792 2065 benedicehant,
2824 1997 2876 2053 id
2907 2008 3025 2064 est,
3060 1998 3311 2069 populum
3335 1998 3536 2065 Israel,
3561 2001 3679 2069 qui-

2086 2094 2185 2148 bus
2219 2092 2292 2146 illi
2324 2092 2559 2147 decimas
2598 2090 2796 2144 dabant
2834 2090 3124 2143 secundum
3176 2089 3480 2144 mandatum
3503 2130 3518 2155 ,
3551 2104 3681 2145 vere

2087 2192 2144 2239 ut
2190 2182 2486 2251 majoribus
2527 2188 2583 2236 et
2607 2178 3050 2235 eminentioribus
3093 2178 3228 2233 suis.
3261 2178 3467 2233 Nomen
3496 2187 3677 2234 autem

2086 2278 2255 2346 ipsum
2287 2274 2683 2330 Melchisedech
2716 2291 2808 2329 rea:
2838 2276 3007 2341 pacis,
3041 2278 3124 2329 vel
3146 2290 3236 2327 rex
3258 2274 3478 2345 justitia
3508 2274 3676 2328 inter-

2087 2377 2343 2438 pretatur,
2376 2367 2518 2437 quod
2553 2368 2687 2421 bene
2720 2367 2949 2420 refertur
2972 2365 3036 2420 ad
3066 2364 3359 2420 Christum.

2120 2449 2224 2517 18.
2262 2459 2380 2526 Ipse
2405 2466 2488 2510 est
2518 2456 2661 2510 enim
2694 2470 2785 2510 rex
2817 2456 2997 2524 pacis,
3024 2454 3143 2523 quia
3172 2470 3265 2523 per
3291 2454 3463 2522 ipsum
3492 2468 3679 2508 recon-

2088 2547 2331 2601 ciliamur
2358 2546 2486 2599 Deo.
2517 2544 2635 2612 Ipse
2665 2553 2747 2597 est
2779 2559 2868 2596 rex
2896 2542 3151 2611 justitite,
3181 2543 3299 2611 quia
3327 2543 3440 2611 ipse
3465 2542 3669 2609 veniet,

2088 2646 2145 2691 ut
2192 2636 2463 2690 discernat
2501 2644 2718 2689 sanctos
2766 2632 2833 2686 ab
2862 2632 3062 2701 impiis.
3090 2632 3232 2688 Idem
3279 2648 3490 2703 quoque
3540 2648 3679 2687 unus

2087 2725 2377 2790 sacerdos,
2426 2732 2481 2778 et
2523 2738 2648 2790 rex,
2692 2724 2812 2794 quia
2862 2724 2925 2775 ad
2968 2723 3388 2792 redemptionem
3433 2723 3674 2777 omnium

2087 2817 2319 2871 hosriam
2353 2817 2463 2872 Deo
2493 2816 2633 2870 Patri
2656 2830 2713 2869 se
2743 2815 2912 2883 ipsum
2943 2816 3164 2882 obtulit,
3199 2824 3254 2869 et
3294 2826 3352 2870 ut
3394 2831 3551 2873 verus
3578 2832 3675 2871 rex

2087 2910 2136 2962 in
2165 2907 2415 2977 praesenti
2443 2908 2642 2963 saeculo
2674 2906 2923 2977 populum
2950 2923 3103 2960 suum
3134 2908 3301 2978 regit,
3330 2918 3383 2962 et
3412 2909 3463 2962 in
3494 2905 3675 2963 futuro

2082 3000 2364 3071 judicabit.

2688 3087 2915 3143 CAPUT
2949 3088 3061 3143 XII.

2295 3202 2370 3256 De
2395 3201 2646 3268 sacri/icio
2678 3200 2896 3254 Abraha:
2927 3212 2975 3254 et
3004 3200 3335 3271 promissione
3360 3200 3474 3255 Dii.

2159 3314 2209 3368 I.
2237 3312 2366 3366 Post
2394 3311 2533 3365 hanc
2560 3310 2835 3365 victoriam
2864 3311 3059 3365 factum
3099 3322 3180 3366 est
3203 3313 3422 3367 verbum
3454 3313 3673 3372 Domini

2086 3401 2151 3456 ad
2178 3400 2448 3456 Abraham
2477 3401 2527 3453 in
2559 3401 2672 3455 visu
2695 3442 2710 3468 ,
2746 3400 2870 3453 dum
2902 3410 3045 3454 esset
3084 3400 3150 3455 de
3181 3403 3490 3469 posteritate
3513 3404 3667 3459 solli-

2087 3491 2223 3545 citus
2244 3532 2258 3556 ,
2281 3500 2337 3546 et
2365 3490 2467 3545 sibi
2514 3491 2718 3544 videret
2748 3506 2855 3544 non
2889 3491 3033 3546 nasci
3066 3491 3229 3545 lilium
3248 3534 3263 3560 ,
3289 3501 3342 3546 et
3371 3503 3550 3549 tamen
3578 3510 3671 3551 se-

2087 3581 2215 3635 mini
2241 3594 2341 3633 suo
2373 3581 2568 3634 factam
2598 3580 3012 3650 promissionem
3047 3591 3283 3649 teneret,
3306 3585 3484 3638 statim
3510 3584 3569 3639 lit
3590 3586 3672 3642 illi

2087 3672 2137 3726 in
2171 3672 2335 3742 figura
2381 3673 2578 3741 duplex
2626 3672 2910 3741 promissio
2948 3674 3169 3730 seminis
3207 3675 3356 3746 ejus,
3391 3676 3441 3731 id
3470 3687 3589 3741 est,
3615 3678 3670 3733 in

2085 3764 2486 3820 similitudinem
2537 3780 2717 3821 arena:
2773 3769 2965 3835 maris,
3027 3769 3111 3825 vel
3175 3770 3228 3825 in
3276 3771 3673 3830 multitudinem

2085 3858 2357 3911 stellarum
2380 3858 2501 3913 ρωιί
2526 3858 2735 3912 futura.
3260 3844 3267 3848 ⁷

2060 3946 2083 3969 ⁸
2154 3945 2212 3999 2.
2246 3946 2478 4014 Ejieiens
2506 3960 2634 4015 ergo
2661 3945 2930 4000 Abraham
2964 3947 3104 4002 Deus
3134 3948 3308 4015 foras,
3333 3950 3565 4006 ostendit
3590 3950 3672 4006 illi

2083 4036 2267 4089 stellas
2297 4034 2418 4091 οωῐί
2439 4076 2453 4101 ,
2484 4035 2697 4090 dicens:
2732 4035 2822 4092 Sic
2852 4037 3038 4105 faciam
3067 4053 3235 4092 semen
3272 4050 3443 4107 tuum,
3476 4040 3525 4095 id
3552 4052 3671 4107 est,

2083 4126 2427 4179 christianam
2450 4136 2697 4194 gentem,
2729 4126 2879 4194 cujus
2905 4137 2958 4179 tu
2994 4139 3140 4194 pater
3168 4128 3219 4181 in
3262 4129 3364 4183 lide
3386 4130 3668 4195 subsistis,

2084 4220 2161 4272 sic
2206 4218 2395 4273 faciam
2451 4218 2652 4274 lumine
2698 4218 3105 4274 resurrectionis
3135 4234 3437 4277 coruscare.
3468 4222 3674 4278 Deinde

2155 4396 2208 4450 5.
2240 4395 2400 4473 Cttsz
2428 4398 2711 4473 ﬁgura‘per
2803 4399 3043 4473 litteram.
3079 4398 3131 4473 Id
3164 4402 3355 4469 repetit
3382 4403 3671 4473 aliquoties

2010 4469 2059 4528 ι)
2082 4468 2213 4536 Aug.
2247 4480 2298 4521 et
2324 4467 2483 4536 Gregl
2514 4467 2630 4520 Vid.
2685 4470 2800 4532 inf.,
2829 4468 2954 4522 Iud.
2988 4486 3039 4522 v.
3080 4467 3271 4525 Garat.

2153 4530 2301 4609 Ibid.
2322 4530 2471 4609 Hanc
2499 4530 2804 4609 allegoriam
2833 4539 3107 4608 eleganter
3133 4540 3453 4596 Prudentius
3485 4558 3669 4609 perse—

2082 4606 2398 4680 cutus__fuit.
2435 4607 2563 4680 Vide
2589 4623 2707 4663 mea
2741 4606 3121 4680 Prudentiana,
3154 4627 3272 4680 pag.
3298 4610 3421 4667 166.
3453 4606 3628 4667 Ᾱιιεν.

2158 4675 2496 4752 6._Ilab_cntis
2536 4679 2868 4747 praeputium,
2921 4675 3125 4749 aliquot
3154 4675 3329 4748 uss...
3368 4693 3423 4738 et
3477 4683 3669 4752 ltnpr.,

2083 4748 2222 4801 haud
2266 4747 2424 4801 male.
2458 4746 2645 4802 GRIAL.

2155 4819 2207 4870 7.
2227 4815 2441 4890 Nomen
2467 4828 2648 4890 autem
2665 4819 2832 4890 ipsum
2868 4818 3237 4875 Melchisedech
3273 4838 3365 4875 res:
3405 4823 3564 4890 pacis,
3591 4826 3670 4877 vel

2080 4904 2173 4960 rex
2205 4888 2442 4960 justitic.
2480 4888 2586 4960 vox
2631 4888 3018 4960 Melchisedech
3050 4906 3229 4959 regem
3261 4888 3462 4946 tantum
3507 4888 3668 4960 justi-

2092 4959 2179 5011 titc
2218 4957 2494 5023 significat.
2529 4959 2631 5013 Sed
2666 4958 2785 5025 quia
2814 4960 2953 5015 idem
2988 4976 3081 5014 rex
3111 4957 3225 5015 erat
3254 4962 3453 5026 Saletn,
3484 4957 3681 5017 Saleio

2091 5039 2267 5110 autem
2300 5042 2483 5151 placem
2514 5027 2795 5097 significat,
2820 5045 2924 5084 non
2968 5031 3199 5086 absurde
3229 5042 3514 5103 utrumque
3536 5049 3670 5088 con-

2091 5107 2277 5151 iunxit.
2357 5112 2497 5150 man.

2084 5099 2277 5166 juuxit.
2309 5098 2497 5151 Cum”

2157 5168 2287 5222 Car.
2321 5170 2507 5237 xu._N.
2541 5167 2597 5222 Ξ.
2629 5167 2766 5223 Inter
2816 5171 3082 5237 Epistolas
3131 5171 3274 5226 Pauli
3324 5173 3502 5227 Alt-ari
3530 5172 3666 5227 Cor-

2085 5237 2340 5311 drnhcnsis
2368 5226 2436 5291 ad
2469 5240 2757 5292 Auderium
2783 5226 3019 5294 Flavium
3046 5241 3328 5306 Joannem,
3351 5226 3664 5311 episconuin

2088 5310 2481 5377 Hispalensem,
2514 5312 2711 5362 sarculo
2747 5325 2817 5374 ix,
2848 5328 2979 5379 quas
2998 5311 3169 5365 edidit
3202 5310 3495 5375 Florezius,
3530 5310 3664 5369 tom.

2086 5379 2153 5451 XI
2184 5380 2509 5451 Hisp.sacr_.,
2534 5382 2687 5447 epist.
2717 5379 2768 5443 4,
2799 5395 2918 5450 pag.
2947 5380 3069 5443 114,
3096 5384 3353 5451 allegatur
3375 5384 3667 5439 bielsidori

2081 5449 2227 5503 locus
2251 5464 2371 5501 cum
2404 5449 2583 5519 aliquo
2614 5449 2896 5505 verborum
2921 5449 3265 5507 discrimine:
3286 5456 3441 5519 Audi,
3470 5457 3544 5507 ait
3574 5458 3668 5508 Al-

2082 5534 2261 5583 varus,
2285 5530 2429 5591 tuum
2453 5518 2715 5591 [siderum
2743 5522 3081 5587 inquientem:
3107 5518 3466 5591 Multiplicabo
3495 5539 3668 5579 semen

2079 5600 2239 5665 tuam,
2260 5590 2392 5665 sicut
2416 5590 2600 5665 stellas
2615 5591 2745 5665 creti,
2769 5593 2821 5640 id
2845 5602 2937 5654 est,
2958 5590 3303 5665 Christianam
3326 5605 3585 5665 gentem...
3617 5606 3667 5648 et

2076 5661 2243 5713 dixit:
2267 5658 2357 5713 Sic
2384 5658 2729 5728 multiplicabo
2750 5676 2916 5713 semen
2940 5672 3102 5731 tuum,
3125 5663 3221 5717 hoc
3243 5658 3346 5733 est;
3362 5675 3465 5721 etc.
3492 5665 3667 5719 Aur.

3568 235 3673 292 ato
3762 312 3767 319 _
