  <div class='ocr_page' id='page_1' title='image "/cluster/home/n/w/nwhite01/storage/ocr_20150623/83/hvd.32044054758875/126.png"; bbox 0 0 4064 6170; ppageno 0'>
   <div class='ocr_carea' id='block_1_1' title="bbox 280 351 2727 425">
    <p class='ocr_par' dir='ltr' id='par_1_1' title="bbox 280 351 2727 425">
     <span class='ocr_line' id='line_1_1' title="bbox 280 351 2727 425; baseline -0.006 -6"><span class='ocrx_word' id='word_1_1' title='bbox 280 365 366 420; x_wconf 73' lang='lat' dir='ltr'><strong>2H</strong></span> <span class='ocrx_word' id='word_1_2' title='bbox 1085 356 1540 425; x_wconf 56' lang='lat' dir='ltr'><strong>QUIESTIONES</strong></span> <span class='ocrx_word' id='word_1_3' title='bbox 1581 358 1641 409; x_wconf 70' lang='lat' dir='ltr'>IN</span> <span class='ocrx_word' id='word_1_4' title='bbox 1688 356 1841 409; x_wconf 77' lang='lat' dir='ltr'><strong>VE&#39;I‘.</strong></span> <span class='ocrx_word' id='word_1_5' title='bbox 1882 354 2171 408; x_wconf 72' lang='lat' dir='ltr'><strong>TESTMI.</strong></span> <span class='ocrx_word' id='word_1_6' title='bbox 2208 384 2276 391; x_wconf 99' lang='lat'>—</span> <span class='ocrx_word' id='word_1_7' title='bbox 2306 354 2367 407; x_wconf 73' lang='lat' dir='ltr'>IN</span> <span class='ocrx_word' id='word_1_8' title='bbox 2409 351 2727 407; x_wconf 75' lang='lat' dir='ltr'><strong>GENESIN.</strong></span> 
     </span>
    </p>
   </div>
   <div class='ocr_carea' id='block_1_2' title="bbox 276 462 3536 536">
    <p class='ocr_par' dir='ltr' id='par_1_2' title="bbox 276 462 3536 536">
     <span class='ocr_line' id='line_1_2' title="bbox 276 462 3536 536; baseline -0.005 -4"><span class='ocrx_word' id='word_1_9' title='bbox 276 474 580 536; x_wconf 84' lang='lat' dir='ltr'><strong>monstravit</strong></span> <span class='ocrx_word' id='word_1_10' title='bbox 627 474 701 528; x_wconf 85' lang='lat' dir='ltr'><strong>illi</strong></span> <span class='ocrx_word' id='word_1_11' title='bbox 751 488 966 529; x_wconf 89' lang='lat' dir='ltr'><strong>arenam</strong></span> <span class='ocrx_word' id='word_1_12' title='bbox 1014 472 1205 535; x_wconf 86' lang='lat' dir='ltr'><strong>maris,</strong></span> <span class='ocrx_word' id='word_1_13' title='bbox 1240 481 1293 527; x_wconf 89' lang='lat' dir='ltr'><strong>et</strong></span> <span class='ocrx_word' id='word_1_14' title='bbox 1333 472 1503 526; x_wconf 83' lang='lat' dir='ltr'><strong>dixit:</strong></span> <span class='ocrx_word' id='word_1_15' title='bbox 1530 470 1619 525; x_wconf 89' lang='lat' dir='ltr'><strong>Sic</strong></span> <span class='ocrx_word' id='word_1_16' title='bbox 1654 469 1749 521; x_wconf 87' lang='lat' dir='ltr'><strong>erit</strong></span> <span class='ocrx_word' id='word_1_17' title='bbox 1794 469 1845 520; x_wconf 89' lang='lat' dir='ltr'><strong>in</strong></span> <span class='ocrx_word' id='word_1_18' title='bbox 1878 472 1923 529; x_wconf 72' lang='grc' dir='ltr'><strong>Α</strong></span> <span class='ocrx_word' id='word_1_19' title='bbox 1954 465 2267 535; x_wconf 83' lang='lat' dir='ltr'><strong>Evangelio:</strong></span> <span class='ocrx_word' id='word_1_20' title='bbox 2305 463 2413 516; x_wconf 85' lang='lat' dir='ltr'><strong>Erit</strong></span> <span class='ocrx_word' id='word_1_21' title='bbox 2462 464 2597 516; x_wconf 88' lang='lat' dir='ltr'><strong>enim</strong></span> <span class='ocrx_word' id='word_1_22' title='bbox 2641 471 2759 517; x_wconf 87' lang='lat' dir='ltr'><strong>tunc</strong></span> <span class='ocrx_word' id='word_1_23' title='bbox 2816 462 3075 516; x_wconf 71' lang='lat' dir='ltr'><strong>tribulatio</strong></span> <span class='ocrx_word' id='word_1_24' title='bbox 3126 477 3341 532; x_wconf 86' lang='lat' dir='ltr'><strong>magna,</strong></span> <span class='ocrx_word' id='word_1_25' title='bbox 3369 465 3536 532; x_wconf 79' lang='lat' dir='ltr'><strong>qualis</strong></span> 
     </span>
    </p>
   </div>
   <div class='ocr_carea' id='block_1_3' title="bbox 274 551 3018 632">
    <p class='ocr_par' dir='ltr' id='par_1_3' title="bbox 274 551 3018 632">
     <span class='ocr_line' id='line_1_3' title="bbox 274 551 3018 632; baseline -0.007 -7"><span class='ocrx_word' id='word_1_26' title='bbox 274 569 593 625; x_wconf 79' lang='lat' dir='ltr'><strong>multitudine</strong></span> <span class='ocrx_word' id='word_1_27' title='bbox 615 582 781 621; x_wconf 83' lang='lat' dir='ltr'><strong>semen</strong></span> <span class='ocrx_word' id='word_1_28' title='bbox 809 578 951 620; x_wconf 90' lang='lat' dir='ltr'><strong>tuum</strong></span> <span class='ocrx_word' id='word_1_29' title='bbox 971 608 985 632; x_wconf 90' lang='lat'><strong>,</strong></span> <span class='ocrx_word' id='word_1_30' title='bbox 1013 564 1114 618; x_wconf 86' lang='lat' dir='ltr'><strong>hoc</strong></span> <span class='ocrx_word' id='word_1_31' title='bbox 1135 573 1249 629; x_wconf 85' lang='lat' dir='ltr'><strong>est,</strong></span> <span class='ocrx_word' id='word_1_32' title='bbox 1271 564 1375 619; x_wconf 90' lang='lat' dir='ltr'><strong>erit</strong></span> <span class='ocrx_word' id='word_1_33' title='bbox 1395 561 1611 630; x_wconf 87' lang='lat' dir='ltr'><strong>quidem</strong></span> <span class='ocrx_word' id='word_1_34' title='bbox 1638 560 1853 628; x_wconf 89' lang='lat' dir='ltr'><strong>copiosa</strong></span> <span class='ocrx_word' id='word_1_35' title='bbox 1958 574 2057 611; x_wconf 89' lang='lat' dir='ltr'><strong>non</strong></span> <span class='ocrx_word' id='word_1_36' title='bbox 2087 557 2185 625; x_wconf 76' lang='lat' dir='ltr'><strong>fuit</strong></span> <span class='ocrx_word' id='word_1_37' title='bbox 2216 556 2278 607; x_wconf 80' lang='lat' dir='ltr'><strong>ab</strong></span> <span class='ocrx_word' id='word_1_38' title='bbox 2308 556 2452 607; x_wconf 84' lang='lat' dir='ltr'><strong>initio</strong></span> <span class='ocrx_word' id='word_1_39' title='bbox 2483 551 2692 624; x_wconf 79' lang='lat' dir='ltr'><strong>(Matth.</strong></span> <span class='ocrx_word' id='word_1_40' title='bbox 2728 567 2867 617; x_wconf 79' lang='lat' dir='ltr'><strong>sxw,</strong></span> <span class='ocrx_word' id='word_1_41' title='bbox 2901 552 3018 621; x_wconf 74' lang='lat'><strong>2|).</strong></span> 
     </span>
    </p>
   </div>
   <div class='ocr_carea' id='block_1_4' title="bbox 271 649 3525 732">
    <p class='ocr_par' dir='ltr' id='par_1_4' title="bbox 271 649 3525 732">
     <span class='ocr_line' id='line_1_4' title="bbox 271 649 3525 732; baseline -0.005 -15"><span class='ocrx_word' id='word_1_42' title='bbox 271 677 396 732; x_wconf 88' lang='lat' dir='ltr'><strong>gens</strong></span> <span class='ocrx_word' id='word_1_43' title='bbox 425 659 730 716; x_wconf 72' lang='lat' dir='ltr'><strong>Judzcorutn</strong></span> <span class='ocrx_word' id='word_1_44' title='bbox 751 700 767 723; x_wconf 94' lang='lat'><strong>,</strong></span> <span class='ocrx_word' id='word_1_45' title='bbox 793 656 888 711; x_wconf 89' lang='lat' dir='ltr'><strong>sed</strong></span> <span class='ocrx_word' id='word_1_46' title='bbox 942 657 1140 712; x_wconf 90' lang='lat' dir='ltr'><strong>sterilis</strong></span> <span class='ocrx_word' id='word_1_47' title='bbox 1182 664 1237 712; x_wconf 88' lang='lat' dir='ltr'><strong>et</strong></span> <span class='ocrx_word' id='word_1_48' title='bbox 1270 652 1550 709; x_wconf 78' lang='lat' dir='ltr'><strong>infecunda</strong></span> <span class='ocrx_word' id='word_1_49' title='bbox 1582 651 1853 718; x_wconf 88' lang='lat' dir='ltr'><strong>manebit,</strong></span> <span class='ocrx_word' id='word_1_50' title='bbox 2030 653 2116 706; x_wconf 79' lang='grc'><strong>10.</strong></span> <span class='ocrx_word' id='word_1_51' title='bbox 2164 650 2314 717; x_wconf 84' lang='lat' dir='ltr'><strong>Quod</strong></span> <span class='ocrx_word' id='word_1_52' title='bbox 2342 666 2467 706; x_wconf 86' lang='lat' dir='ltr'><strong>vero</strong></span> <span class='ocrx_word' id='word_1_53' title='bbox 2519 650 2823 719; x_wconf 83' lang='lat' dir='ltr'><strong>adjungitur</strong></span> <span class='ocrx_word' id='word_1_54' title='bbox 2852 670 2863 701; x_wconf 86' lang='lat'><strong>:</strong></span> <span class='ocrx_word' id='word_1_55' title='bbox 2903 649 3030 702; x_wconf 89' lang='lat' dir='ltr'><strong>Cum</strong></span> <span class='ocrx_word' id='word_1_56' title='bbox 3059 651 3371 704; x_wconf 84' lang='lat' dir='ltr'><strong>occubuisset</strong></span> <span class='ocrx_word' id='word_1_57' title='bbox 3422 652 3525 715; x_wconf 89' lang='lat' dir='ltr'><strong>sol,</strong></span> 
     </span>
    </p>
   </div>
   <div class='ocr_carea' id='block_1_5' title="bbox 273 739 3528 810">
    <p class='ocr_par' dir='ltr' id='par_1_5' title="bbox 273 739 3528 810">
     <span class='ocr_line' id='line_1_5' title="bbox 273 739 3528 810; baseline -0.003 -4"><span class='ocrx_word' id='word_1_58' title='bbox 273 754 407 807; x_wconf 90' lang='lat' dir='ltr'><strong>sicut</strong></span> <span class='ocrx_word' id='word_1_59' title='bbox 432 763 616 804; x_wconf 82' lang='lat' dir='ltr'><strong>arena.</strong></span> <span class='ocrx_word' id='word_1_60' title='bbox 1959 741 2099 810; x_wconf 72' lang='lat' dir='ltr'><strong>facta</strong></span> <span class='ocrx_word' id='word_1_61' title='bbox 2128 750 2199 794; x_wconf 88' lang='lat' dir='ltr'><strong>est</strong></span> <span class='ocrx_word' id='word_1_62' title='bbox 2222 741 2389 810; x_wconf 87' lang='lat' dir='ltr'><strong>caligo</strong></span> <span class='ocrx_word' id='word_1_63' title='bbox 2409 740 2691 806; x_wconf 88' lang='lat' dir='ltr'><strong>tenebrosa,</strong></span> <span class='ocrx_word' id='word_1_64' title='bbox 2717 750 2763 793; x_wconf 90' lang='lat' dir='ltr'><strong>et</strong></span> <span class='ocrx_word' id='word_1_65' title='bbox 2782 739 3020 809; x_wconf 79' lang='lat' dir='ltr'><strong>apparuit</strong></span> <span class='ocrx_word' id='word_1_66' title='bbox 3047 739 3277 793; x_wconf 84' lang='lat' dir='ltr'><strong>clibanus</strong></span> <span class='ocrx_word' id='word_1_67' title='bbox 3300 742 3528 809; x_wconf 82' lang='lat' dir='ltr'><strong>fumans,</strong></span> 
     </span>
    </p>
   </div>
   <div class='ocr_carea' id='block_1_6' title="bbox 340 830 3541 907">
    <p class='ocr_par' dir='ltr' id='par_1_6' title="bbox 340 830 3541 907">
     <span class='ocr_line' id='line_1_6' title="bbox 340 830 3541 907; baseline -0.003 -13"><span class='ocrx_word' id='word_1_68' title='bbox 340 843 395 896; x_wconf 80' lang='grc'><strong>5.</strong></span> <span class='ocrx_word' id='word_1_69' title='bbox 424 843 548 895; x_wconf 77' lang='lat' dir='ltr'><strong>Post</strong></span> <span class='ocrx_word' id='word_1_70' title='bbox 574 840 687 893; x_wconf 72' lang='lat' dir='ltr'><strong>lure</strong></span> <span class='ocrx_word' id='word_1_71' title='bbox 711 853 829 893; x_wconf 92' lang='lat' dir='ltr'><strong>cum</strong></span> <span class='ocrx_word' id='word_1_72' title='bbox 857 839 1252 907; x_wconf 87' lang='lat' dir='ltr'><strong>repromitteret</strong></span> <span class='ocrx_word' id='word_1_73' title='bbox 1285 838 1334 891; x_wconf 91' lang='lat' dir='ltr'><strong>ei</strong></span> <span class='ocrx_word' id='word_1_74' title='bbox 1370 837 1509 892; x_wconf 82' lang='lat' dir='ltr'><strong>Deus</strong></span> <span class='ocrx_word' id='word_1_75' title='bbox 1548 836 1686 903; x_wconf 85' lang='lat' dir='ltr'><strong>quod</strong></span> <span class='ocrx_word' id='word_1_76' title='bbox 1716 845 1859 891; x_wconf 85' lang='lat' dir='ltr'><strong>esset</strong></span> <span class='ocrx_word' id='word_1_77' title='bbox 1958 842 2003 885; x_wconf 90' lang='lat' dir='ltr'><strong>et</strong></span> <span class='ocrx_word' id='word_1_78' title='bbox 2023 831 2218 902; x_wconf 84' lang='lat' dir='ltr'><strong>lampas</strong></span> <span class='ocrx_word' id='word_1_79' title='bbox 2246 833 2379 903; x_wconf 81' lang='lat' dir='ltr'><strong>ignis</strong></span> <span class='ocrx_word' id='word_1_80' title='bbox 2408 834 2660 885; x_wconf 86' lang='lat' dir='ltr'><strong>transiens</strong></span> <span class='ocrx_word' id='word_1_81' title='bbox 2701 832 2832 884; x_wconf 84' lang='lat' dir='ltr'><strong>inter</strong></span> <span class='ocrx_word' id='word_1_82' title='bbox 2878 831 3047 883; x_wconf 79' lang='lat' dir='ltr'><strong>media</strong></span> <span class='ocrx_word' id='word_1_83' title='bbox 3078 830 3193 895; x_wconf 89' lang='lat' dir='ltr'><strong>illa,</strong></span> <span class='ocrx_word' id='word_1_84' title='bbox 3224 847 3338 898; x_wconf 77' lang='lat' dir='ltr'><strong>qua:</strong></span> <span class='ocrx_word' id='word_1_85' title='bbox 3375 832 3541 888; x_wconf 80' lang='lat' dir='ltr'><strong>divisa</strong></span> 
     </span>
    </p>
   </div>
   <div class='ocr_carea' id='block_1_7' title="bbox 272 922 3538 1001">
    <p class='ocr_par' dir='ltr' id='par_1_7' title="bbox 272 922 3538 1001">
     <span class='ocr_line' id='line_1_7' title="bbox 272 922 3538 1001; baseline -0.002 -18"><span class='ocrx_word' id='word_1_86' title='bbox 272 946 545 1001; x_wconf 76' lang='lat' dir='ltr'><strong>possessor</strong></span> <span class='ocrx_word' id='word_1_87' title='bbox 575 928 1007 997; x_wconf 86' lang='lat' dir='ltr'><strong>repromissionis</strong></span> <span class='ocrx_word' id='word_1_88' title='bbox 1054 938 1213 981; x_wconf 76' lang='lat' dir='ltr'><strong>terra:</strong></span> <span class='ocrx_word' id='word_1_89' title='bbox 1254 927 1489 990; x_wconf 79' lang='lat' dir='ltr'><strong>iuturus,</strong></span> <span class='ocrx_word' id='word_1_90' title='bbox 1525 927 1732 995; x_wconf 87' lang='lat' dir='ltr'><strong>signum</strong></span> <span class='ocrx_word' id='word_1_91' title='bbox 1758 939 1858 992; x_wconf 90' lang='lat' dir='ltr'><strong>pe-</strong></span> <span class='ocrx_word' id='word_1_92' title='bbox 1959 932 2125 988; x_wconf 86' lang='lat' dir='ltr'><strong>erant,</strong></span> <span class='ocrx_word' id='word_1_93' title='bbox 2165 925 2433 992; x_wconf 86' lang='lat' dir='ltr'><strong>signiﬁcat</strong></span> <span class='ocrx_word' id='word_1_94' title='bbox 2481 932 2602 991; x_wconf 92' lang='lat' dir='ltr'><strong>post</strong></span> <span class='ocrx_word' id='word_1_95' title='bbox 2658 923 2814 977; x_wconf 89' lang='lat' dir='ltr'><strong>ﬁnem</strong></span> <span class='ocrx_word' id='word_1_96' title='bbox 2864 923 3046 976; x_wconf 76' lang='lat' dir='ltr'><strong>szeculi</strong></span> <span class='ocrx_word' id='word_1_97' title='bbox 3099 922 3339 977; x_wconf 79' lang='lat' dir='ltr'><strong>futurum</strong></span> <span class='ocrx_word' id='word_1_98' title='bbox 3397 924 3538 980; x_wconf 90' lang='lat' dir='ltr'><strong>diem</strong></span> 
     </span>
    </p>
   </div>
   <div class='ocr_carea' id='block_1_8' title="bbox 272 1013 3538 1092">
    <p class='ocr_par' dir='ltr' id='par_1_8' title="bbox 272 1013 3538 1092">
     <span class='ocr_line' id='line_1_8' title="bbox 272 1013 3538 1092; baseline -0.003 -15"><span class='ocrx_word' id='word_1_99' title='bbox 272 1025 378 1087; x_wconf 91' lang='lat' dir='ltr'><strong>tiit,</strong></span> <span class='ocrx_word' id='word_1_100' title='bbox 411 1037 506 1092; x_wconf 88' lang='lat' dir='ltr'><strong>per</strong></span> <span class='ocrx_word' id='word_1_101' title='bbox 534 1020 675 1091; x_wconf 88' lang='lat' dir='ltr'><strong>quod</strong></span> <span class='ocrx_word' id='word_1_102' title='bbox 703 1027 1054 1087; x_wconf 74' lang='lat' dir='ltr'><strong>agnosceret,</strong></span> <span class='ocrx_word' id='word_1_103' title='bbox 1084 1018 1244 1087; x_wconf 81' lang='lat'><strong>300</strong></span> <span class='ocrx_word' id='word_1_104' title='bbox 1273 1032 1378 1070; x_wconf 92' lang='lat' dir='ltr'><strong>non</strong></span> <span class='ocrx_word' id='word_1_105' title='bbox 1416 1018 1566 1085; x_wconf 87' lang='lat' dir='ltr'><strong>quasi</strong></span> <span class='ocrx_word' id='word_1_106' title='bbox 1610 1016 1860 1070; x_wconf 86' lang='lat' dir='ltr'><strong>dubitans</strong></span> <span class='ocrx_word' id='word_1_107' title='bbox 1955 1015 2140 1085; x_wconf 84' lang='lat' dir='ltr'><strong>judicii</strong></span> <span class='ocrx_word' id='word_1_108' title='bbox 2166 1058 2180 1082; x_wconf 88' lang='lat'><strong>,</strong></span> <span class='ocrx_word' id='word_1_109' title='bbox 2243 1030 2349 1084; x_wconf 92' lang='lat' dir='ltr'><strong>quo</strong></span> <span class='ocrx_word' id='word_1_110' title='bbox 2400 1030 2494 1083; x_wconf 88' lang='lat' dir='ltr'><strong>per</strong></span> <span class='ocrx_word' id='word_1_111' title='bbox 2543 1013 2719 1083; x_wconf 90' lang='lat' dir='ltr'><strong>ignem</strong></span> <span class='ocrx_word' id='word_1_112' title='bbox 2773 1014 3195 1082; x_wconf 80' lang='lat' dir='ltr'><strong>segregabuntur</strong></span> <span class='ocrx_word' id='word_1_113' title='bbox 3236 1022 3538 1091; x_wconf 67' lang='lat' dir='ltr'><strong>sanctorum</strong></span> 
     </span>
    </p>
   </div>
   <div class='ocr_carea' id='block_1_9' title="bbox 3434 353 3539 409">
    <p class='ocr_par' dir='ltr' id='par_1_9' title="bbox 3434 353 3539 409">
     <span class='ocr_line' id='line_1_9' title="bbox 3434 353 3539 409; baseline 0.029 -3"><span class='ocrx_word' id='word_1_114' title='bbox 3434 353 3539 409; x_wconf 63' lang='lat'><strong>24%</strong></span> 
     </span>
    </p>
   </div>
   <div class='ocr_carea' id='block_1_10' title="bbox 272 1107 1750 1180">
    <p class='ocr_par' dir='ltr' id='par_1_10' title="bbox 272 1107 1750 1180">
     <span class='ocr_line' id='line_1_10' title="bbox 272 1107 1750 1180; baseline -0.007 -11"><span class='ocrx_word' id='word_1_115' title='bbox 272 1130 336 1169; x_wconf 84' lang='lat' dir='ltr'><strong>an</strong></span> <span class='ocrx_word' id='word_1_116' title='bbox 368 1117 549 1176; x_wconf 76' lang='lat' dir='ltr'><strong>Iierel,</strong></span> <span class='ocrx_word' id='word_1_117' title='bbox 574 1111 667 1164; x_wconf 84' lang='lat' dir='ltr'><strong>sed</strong></span> <span class='ocrx_word' id='word_1_118' title='bbox 697 1110 967 1180; x_wconf 87' lang='lat' dir='ltr'><strong>quomodo</strong></span> <span class='ocrx_word' id='word_1_119' title='bbox 1001 1109 1234 1162; x_wconf 80' lang='lat' dir='ltr'><strong>futurum</strong></span> <span class='ocrx_word' id='word_1_120' title='bbox 1276 1115 1420 1163; x_wconf 86' lang='lat' dir='ltr'><strong>esset</strong></span> <span class='ocrx_word' id='word_1_121' title='bbox 1436 1107 1750 1176; x_wconf 76' lang='lat' dir='ltr'><strong>exquirens.</strong></span> 
     </span>
    </p>
   </div>
   <div class='ocr_carea' id='block_1_11' title="bbox 339 1196 1858 1267">
    <p class='ocr_par' dir='ltr' id='par_1_11' title="bbox 339 1196 1858 1267">
     <span class='ocr_line' id='line_1_11' title="bbox 339 1196 1858 1267; baseline -0.005 -10"><span class='ocrx_word' id='word_1_122' title='bbox 339 1208 397 1260; x_wconf 72' lang='grc'><strong>4.</strong></span> <span class='ocrx_word' id='word_1_123' title='bbox 432 1204 528 1259; x_wconf 82' lang='lat' dir='ltr'><strong>Cui</strong></span> <span class='ocrx_word' id='word_1_124' title='bbox 594 1202 846 1259; x_wconf 85' lang='lat' dir='ltr'><strong>Dominus</strong></span> <span class='ocrx_word' id='word_1_125' title='bbox 912 1199 1050 1254; x_wconf 91' lang='lat' dir='ltr'><strong>hanc</strong></span> <span class='ocrx_word' id='word_1_126' title='bbox 1106 1200 1507 1254; x_wconf 84' lang='lat' dir='ltr'><strong>similitudinem</strong></span> <span class='ocrx_word' id='word_1_127' title='bbox 1556 1196 1858 1267; x_wconf 90' lang='lat' dir='ltr'><strong>proposuit:</strong></span> 
     </span>
    </p>
   </div>
   <div class='ocr_carea' id='block_1_12' title="bbox 276 1287 1865 1364">
    <p class='ocr_par' dir='ltr' id='par_1_12' title="bbox 276 1287 1865 1364">
     <span class='ocr_line' id='line_1_12' title="bbox 276 1287 1865 1364; baseline -0.008 -13"><span class='ocrx_word' id='word_1_128' title='bbox 276 1298 471 1358; x_wconf 83' lang='lat' dir='ltr'><strong>Sume,</strong></span> <span class='ocrx_word' id='word_1_129' title='bbox 496 1295 698 1364; x_wconf 78' lang='lat' dir='ltr'><strong>inquit,</strong></span> <span class='ocrx_word' id='word_1_130' title='bbox 734 1294 858 1345; x_wconf 85' lang='lat' dir='ltr'><strong>mihi</strong></span> <span class='ocrx_word' id='word_1_131' title='bbox 905 1308 1108 1344; x_wconf 85' lang='lat' dir='ltr'><strong>vaccam</strong></span> <span class='ocrx_word' id='word_1_132' title='bbox 1156 1294 1399 1344; x_wconf 79' lang='lat' dir='ltr'><strong>triennem</strong></span> <span class='ocrx_word' id='word_1_133' title='bbox 1421 1332 1435 1355; x_wconf 95' lang='lat'><strong>,</strong></span> <span class='ocrx_word' id='word_1_134' title='bbox 1458 1300 1504 1343; x_wconf 86' lang='lat' dir='ltr'><strong>et</strong></span> <span class='ocrx_word' id='word_1_135' title='bbox 1546 1305 1751 1359; x_wconf 87' lang='lat' dir='ltr'><strong>capram</strong></span> <span class='ocrx_word' id='word_1_136' title='bbox 1774 1287 1865 1340; x_wconf 82' lang='lat' dir='ltr'><strong>tri-</strong></span> 
     </span>
    </p>
   </div>
   <div class='ocr_carea' id='block_1_13' title="bbox 275 1381 1863 1449">
    <p class='ocr_par' dir='ltr' id='par_1_13' title="bbox 275 1381 1863 1449">
     <span class='ocr_line' id='line_1_13' title="bbox 275 1381 1863 1449; baseline -0.006 -9"><span class='ocrx_word' id='word_1_137' title='bbox 275 1404 441 1449; x_wconf 88' lang='lat' dir='ltr'><strong>mam,</strong></span> <span class='ocrx_word' id='word_1_138' title='bbox 470 1395 516 1439; x_wconf 86' lang='lat' dir='ltr'><strong>et</strong></span> <span class='ocrx_word' id='word_1_139' title='bbox 543 1384 748 1437; x_wconf 77' lang='lat' dir='ltr'><strong>arietem</strong></span> <span class='ocrx_word' id='word_1_140' title='bbox 787 1397 1038 1437; x_wconf 87' lang='lat' dir='ltr'><strong>annorum</strong></span> <span class='ocrx_word' id='word_1_141' title='bbox 1075 1381 1177 1434; x_wconf 86' lang='lat' dir='ltr'><strong>triu</strong></span> <span class='ocrx_word' id='word_1_142' title='bbox 1199 1398 1262 1443; x_wconf 80' lang='grc' dir='ltr'><em>η,</em></span> <span class='ocrx_word' id='word_1_143' title='bbox 1291 1390 1534 1433; x_wconf 86' lang='lat' dir='ltr'><strong>turturem</strong></span> <span class='ocrx_word' id='word_1_144' title='bbox 1583 1394 1782 1447; x_wconf 86' lang='lat' dir='ltr'><strong>quoque</strong></span> <span class='ocrx_word' id='word_1_145' title='bbox 1814 1387 1863 1430; x_wconf 85' lang='lat' dir='ltr'><strong>et</strong></span> 
     </span>
    </p>
   </div>
   <div class='ocr_carea' id='block_1_14' title="bbox 275 1467 1867 1541">
    <p class='ocr_par' dir='ltr' id='par_1_14' title="bbox 275 1467 1867 1541">
     <span class='ocr_line' id='line_1_14' title="bbox 275 1467 1867 1541; baseline -0.007 -9"><span class='ocrx_word' id='word_1_146' title='bbox 275 1476 581 1531; x_wconf 80' lang='lat' dir='ltr'><strong>columbum.</strong></span> <span class='ocrx_word' id='word_1_147' title='bbox 618 1473 833 1527; x_wconf 88' lang='lat' dir='ltr'><strong>Tollens</strong></span> <span class='ocrx_word' id='word_1_148' title='bbox 861 1485 991 1541; x_wconf 90' lang='lat' dir='ltr'><strong>ergo</strong></span> <span class='ocrx_word' id='word_1_149' title='bbox 1032 1471 1299 1525; x_wconf 77' lang='lat' dir='ltr'><strong>Abraham</strong></span> <span class='ocrx_word' id='word_1_150' title='bbox 1332 1471 1576 1524; x_wconf 87' lang='lat' dir='ltr'><strong>universa</strong></span> <span class='ocrx_word' id='word_1_151' title='bbox 1608 1468 1722 1523; x_wconf 67' lang='lat' dir='ltr'><strong>haec</strong></span> <span class='ocrx_word' id='word_1_152' title='bbox 1742 1508 1759 1534; x_wconf 93' lang='lat'><strong>,</strong></span> <span class='ocrx_word' id='word_1_153' title='bbox 1785 1467 1867 1521; x_wconf 87' lang='lat' dir='ltr'><strong>di-</strong></span> 
     </span>
    </p>
   </div>
   <div class='ocr_carea' id='block_1_15' title="bbox 276 1563 1867 1634">
    <p class='ocr_par' dir='ltr' id='par_1_15' title="bbox 276 1563 1867 1634">
     <span class='ocr_line' id='line_1_15' title="bbox 276 1563 1867 1634; baseline -0.003 -16"><span class='ocrx_word' id='word_1_154' title='bbox 276 1567 397 1621; x_wconf 72' lang='lat' dir='ltr'><strong>\‘isil</strong></span> <span class='ocrx_word' id='word_1_155' title='bbox 442 1580 505 1619; x_wconf 87' lang='lat' dir='ltr'><strong>ea</strong></span> <span class='ocrx_word' id='word_1_156' title='bbox 556 1581 651 1634; x_wconf 92' lang='lat' dir='ltr'><strong>per</strong></span> <span class='ocrx_word' id='word_1_157' title='bbox 692 1563 961 1629; x_wconf 86' lang='lat' dir='ltr'><strong>medium,</strong></span> <span class='ocrx_word' id='word_1_158' title='bbox 994 1572 1043 1618; x_wconf 90' lang='lat' dir='ltr'><strong>et</strong></span> <span class='ocrx_word' id='word_1_159' title='bbox 1078 1573 1329 1633; x_wconf 89' lang='lat' dir='ltr'><strong>utrasque</strong></span> <span class='ocrx_word' id='word_1_160' title='bbox 1379 1570 1558 1629; x_wconf 90' lang='lat' dir='ltr'><strong>partes</strong></span> <span class='ocrx_word' id='word_1_161' title='bbox 1596 1569 1777 1615; x_wconf 90' lang='lat' dir='ltr'><strong>contra</strong></span> <span class='ocrx_word' id='word_1_162' title='bbox 1808 1574 1867 1614; x_wconf 84' lang='lat' dir='ltr'><strong>se</strong></span> 
     </span>
    </p>
   </div>
   <div class='ocr_carea' id='block_1_16' title="bbox 276 1654 1551 1722">
    <p class='ocr_par' dir='ltr' id='par_1_16' title="bbox 276 1654 1551 1722">
     <span class='ocr_line' id='line_1_16' title="bbox 276 1654 1551 1722; baseline -0.002 -12"><span class='ocrx_word' id='word_1_163' title='bbox 276 1658 598 1713; x_wconf 65' lang='lat' dir='ltr'><strong>altrinsecus</strong></span> <span class='ocrx_word' id='word_1_164' title='bbox 627 1657 837 1722; x_wconf 83' lang='lat' dir='ltr'><strong>pOStIil,</strong></span> <span class='ocrx_word' id='word_1_165' title='bbox 862 1671 989 1710; x_wconf 86' lang='lat' dir='ltr'><strong>aves</strong></span> <span class='ocrx_word' id='word_1_166' title='bbox 1019 1666 1196 1709; x_wconf 88' lang='lat' dir='ltr'><strong>autem</strong></span> <span class='ocrx_word' id='word_1_167' title='bbox 1223 1670 1327 1709; x_wconf 91' lang='lat' dir='ltr'><strong>non</strong></span> <span class='ocrx_word' id='word_1_168' title='bbox 1354 1654 1551 1709; x_wconf 87' lang='lat' dir='ltr'><strong>divisit.</strong></span> 
     </span>
    </p>
   </div>
   <div class='ocr_carea' id='block_1_17' title="bbox 343 1747 1869 1815">
    <p class='ocr_par' dir='ltr' id='par_1_17' title="bbox 343 1747 1869 1815">
     <span class='ocr_line' id='line_1_17' title="bbox 343 1747 1869 1815; baseline -0.003 -12"><span class='ocrx_word' id='word_1_169' title='bbox 343 1754 398 1803; x_wconf 82' lang='lat'><strong>5.</strong></span> <span class='ocrx_word' id='word_1_170' title='bbox 430 1749 938 1815; x_wconf 78' lang='lat' dir='ltr'><strong>Descenderuntque</strong></span> <span class='ocrx_word' id='word_1_171' title='bbox 980 1748 1229 1801; x_wconf 75' lang='lat' dir='ltr'><strong>volucres</strong></span> <span class='ocrx_word' id='word_1_172' title='bbox 1274 1760 1435 1813; x_wconf 91' lang='lat' dir='ltr'><strong>super</strong></span> <span class='ocrx_word' id='word_1_173' title='bbox 1480 1747 1778 1811; x_wconf 80' lang='lat' dir='ltr'><strong>cadavera,</strong></span> <span class='ocrx_word' id='word_1_174' title='bbox 1814 1753 1869 1798; x_wconf 90' lang='lat' dir='ltr'><strong>et</strong></span> 
     </span>
    </p>
   </div>
   <div class='ocr_carea' id='block_1_18' title="bbox 1964 1104 3541 1177">
    <p class='ocr_par' dir='ltr' id='par_1_18' title="bbox 1964 1104 3541 1177">
     <span class='ocr_line' id='line_1_18' title="bbox 1964 1104 3541 1177; baseline -0.001 -17"><span class='ocrx_word' id='word_1_175' title='bbox 1964 1107 2142 1177; x_wconf 88' lang='lat' dir='ltr'><strong>populi</strong></span> <span class='ocrx_word' id='word_1_176' title='bbox 2199 1116 2254 1161; x_wconf 88' lang='lat' dir='ltr'><strong>et</strong></span> <span class='ocrx_word' id='word_1_177' title='bbox 2299 1106 2625 1173; x_wconf 89' lang='lat' dir='ltr'><strong>iniquorum.</strong></span> <span class='ocrx_word' id='word_1_178' title='bbox 2678 1104 2829 1173; x_wconf 85' lang='lat' dir='ltr'><strong>Quod</strong></span> <span class='ocrx_word' id='word_1_179' title='bbox 2888 1120 3016 1159; x_wconf 86' lang='lat' dir='ltr'><strong>vero</strong></span> <span class='ocrx_word' id='word_1_180' title='bbox 3073 1104 3273 1159; x_wconf 90' lang='lat' dir='ltr'><strong>dictum</strong></span> <span class='ocrx_word' id='word_1_181' title='bbox 3330 1115 3413 1160; x_wconf 90' lang='lat' dir='ltr'><strong>est</strong></span> <span class='ocrx_word' id='word_1_182' title='bbox 3472 1106 3541 1160; x_wconf 87' lang='lat' dir='ltr'><strong>ad</strong></span> 
     </span>
    </p>
   </div>
   <div class='ocr_carea' id='block_1_19' title="bbox 1964 1196 3542 1267">
    <p class='ocr_par' dir='ltr' id='par_1_19' title="bbox 1964 1196 3542 1267">
     <span class='ocr_line' id='line_1_19' title="bbox 1964 1196 3542 1267; baseline -0.004 -14"><span class='ocrx_word' id='word_1_183' title='bbox 1964 1199 2231 1254; x_wconf 82' lang='lat' dir='ltr'><strong>Abraham</strong></span> <span class='ocrx_word' id='word_1_184' title='bbox 2260 1216 2271 1251; x_wconf 92' lang='lat'><strong>:</strong></span> <span class='ocrx_word' id='word_1_185' title='bbox 2308 1198 2534 1252; x_wconf 83' lang='lat' dir='ltr'><strong>Sciendo</strong></span> <span class='ocrx_word' id='word_1_186' title='bbox 2563 1198 2691 1252; x_wconf 86' lang='lat' dir='ltr'><strong>scies</strong></span> <span class='ocrx_word' id='word_1_187' title='bbox 2732 1198 2852 1267; x_wconf 90' lang='lat' dir='ltr'><strong>quia</strong></span> <span class='ocrx_word' id='word_1_188' title='bbox 2897 1197 3218 1266; x_wconf 81' lang='lat' dir='ltr'><strong>peregrinum</strong></span> <span class='ocrx_word' id='word_1_189' title='bbox 3248 1196 3340 1249; x_wconf 86' lang='lat' dir='ltr'><strong>erit</strong></span> <span class='ocrx_word' id='word_1_190' title='bbox 3371 1210 3542 1250; x_wconf 84' lang='lat' dir='ltr'><strong>semen</strong></span> 
     </span>
    </p>
   </div>
   <div class='ocr_carea' id='block_1_20' title="bbox 1965 1288 3544 1358">
    <p class='ocr_par' dir='ltr' id='par_1_20' title="bbox 1965 1288 3544 1358">
     <span class='ocr_line' id='line_1_20' title="bbox 1965 1288 3544 1358; baseline -0.004 -14"><span class='ocrx_word' id='word_1_191' title='bbox 1965 1300 2105 1344; x_wconf 89' lang='lat' dir='ltr'><strong>tuum</strong></span> <span class='ocrx_word' id='word_1_192' title='bbox 2128 1292 2181 1343; x_wconf 86' lang='lat' dir='ltr'><strong>in</strong></span> <span class='ocrx_word' id='word_1_193' title='bbox 2213 1299 2350 1343; x_wconf 87' lang='lat' dir='ltr'><strong>terra</strong></span> <span class='ocrx_word' id='word_1_194' title='bbox 2374 1305 2473 1342; x_wconf 89' lang='lat' dir='ltr'><strong>non</strong></span> <span class='ocrx_word' id='word_1_195' title='bbox 2504 1290 2733 1358; x_wconf 82' lang='lat' dir='ltr'><strong>prapria,</strong></span> <span class='ocrx_word' id='word_1_196' title='bbox 2765 1290 2883 1342; x_wconf 83' lang='lat' dir='ltr'><strong>etin</strong></span> <span class='ocrx_word' id='word_1_197' title='bbox 2912 1288 3199 1340; x_wconf 84' lang='lat' dir='ltr'><strong>seruitutem</strong></span> <span class='ocrx_word' id='word_1_198' title='bbox 3218 1289 3467 1358; x_wconf 70' lang='lat' dir='ltr'><strong>redigant,</strong></span> <span class='ocrx_word' id='word_1_199' title='bbox 3498 1298 3544 1338; x_wconf 90' lang='lat' dir='ltr'><strong>et</strong></span> 
     </span>
    </p>
   </div>
   <div class='ocr_carea' id='block_1_21' title="bbox 1965 1376 3542 1452">
    <p class='ocr_par' dir='ltr' id='par_1_21' title="bbox 1965 1376 3542 1452">
     <span class='ocr_line' id='line_1_21' title="bbox 1965 1376 3542 1452; baseline -0.004 -18"><span class='ocrx_word' id='word_1_200' title='bbox 1965 1382 2185 1452; x_wconf 74' lang='lat' dir='ltr'><strong>aﬂligent</strong></span> <span class='ocrx_word' id='word_1_201' title='bbox 2208 1397 2289 1434; x_wconf 88' lang='lat' dir='ltr'><strong>eos</strong></span> <span class='ocrx_word' id='word_1_202' title='bbox 2316 1378 2698 1449; x_wconf 73' lang='lat' dir='ltr'><strong>quadringentis</strong></span> <span class='ocrx_word' id='word_1_203' title='bbox 2719 1379 2889 1441; x_wconf 88' lang='lat' dir='ltr'><strong>annis,</strong></span> <span class='ocrx_word' id='word_1_204' title='bbox 2914 1378 3016 1431; x_wconf 89' lang='lat' dir='ltr'><strong>hoc</strong></span> <span class='ocrx_word' id='word_1_205' title='bbox 3037 1378 3103 1431; x_wconf 90' lang='lat' dir='ltr'><strong>de</strong></span> <span class='ocrx_word' id='word_1_206' title='bbox 3132 1379 3326 1445; x_wconf 90' lang='lat' dir='ltr'><strong>populo</strong></span> <span class='ocrx_word' id='word_1_207' title='bbox 3360 1376 3542 1441; x_wconf 89' lang='lat' dir='ltr'><strong>Israel,</strong></span> 
     </span>
    </p>
   </div>
   <div class='ocr_carea' id='block_1_22' title="bbox 1966 1470 3549 1544">
    <p class='ocr_par' dir='ltr' id='par_1_22' title="bbox 1966 1470 3549 1544">
     <span class='ocr_line' id='line_1_22' title="bbox 1966 1470 3549 1544; baseline -0.003 -17"><span class='ocrx_word' id='word_1_208' title='bbox 1966 1476 2056 1544; x_wconf 90' lang='lat' dir='ltr'><strong>qui</strong></span> <span class='ocrx_word' id='word_1_209' title='bbox 2087 1483 2204 1529; x_wconf 87' lang='lat' dir='ltr'><strong>erat</strong></span> <span class='ocrx_word' id='word_1_210' title='bbox 2230 1471 2281 1527; x_wconf 93' lang='lat' dir='ltr'><strong>in</strong></span> <span class='ocrx_word' id='word_1_211' title='bbox 2308 1471 2541 1543; x_wconf 67' lang='lat' dir='ltr'><strong>Egypto</strong></span> <span class='ocrx_word' id='word_1_212' title='bbox 2565 1471 2881 1536; x_wconf 87' lang='lat' dir='ltr'><strong>serviturus,</strong></span> <span class='ocrx_word' id='word_1_213' title='bbox 2903 1470 3241 1541; x_wconf 84' lang='lat' dir='ltr'><strong>apertissime</strong></span> <span class='ocrx_word' id='word_1_214' title='bbox 3265 1470 3549 1538; x_wconf 84' lang='lat' dir='ltr'><strong>pr0pheta-</strong></span> 
     </span>
    </p>
   </div>
   <div class='ocr_carea' id='block_1_23' title="bbox 1970 1576 2213 1621">
    <p class='ocr_par' dir='ltr' id='par_1_23' title="bbox 1970 1576 2213 1621">
     <span class='ocr_line' id='line_1_23' title="bbox 1970 1576 2213 1621; baseline -0.008 -1"><span class='ocrx_word' id='word_1_215' title='bbox 1970 1576 2077 1620; x_wconf 89' lang='lat' dir='ltr'><strong>tum</strong></span> <span class='ocrx_word' id='word_1_216' title='bbox 2109 1576 2213 1621; x_wconf 91' lang='lat' dir='ltr'><strong>est.</strong></span> 
     </span>
    </p>
   </div>
   <div class='ocr_carea' id='block_1_24' title="bbox 2046 1650 3555 1732">
    <p class='ocr_par' dir='ltr' id='par_1_24' title="bbox 2046 1650 3555 1732">
     <span class='ocr_line' id='line_1_24' title="bbox 2046 1650 3555 1732; baseline -0.003 -19"><span class='ocrx_word' id='word_1_217' title='bbox 2046 1659 2131 1713; x_wconf 88' lang='lat' dir='ltr'><strong>ll.</strong></span> <span class='ocrx_word' id='word_1_218' title='bbox 2158 1657 2273 1732; x_wconf 74' lang='lat' dir='ltr'><strong>Non</strong></span> <span class='ocrx_word' id='word_1_219' title='bbox 2297 1656 2436 1726; x_wconf 89' lang='lat' dir='ltr'><strong>quod</strong></span> <span class='ocrx_word' id='word_1_220' title='bbox 2463 1657 2561 1711; x_wconf 86' lang='lat' dir='ltr'><strong>sub</strong></span> <span class='ocrx_word' id='word_1_221' title='bbox 2612 1654 2880 1724; x_wconf 63' lang='lat' dir='ltr'><strong>Egyptiis</strong></span> <span class='ocrx_word' id='word_1_222' title='bbox 2934 1650 3339 1725; x_wconf 80' lang='lat' dir='ltr'><strong>quadringentis</strong></span> <span class='ocrx_word' id='word_1_223' title='bbox 3398 1655 3555 1708; x_wconf 84' lang='lat' dir='ltr'><strong>annis</strong></span> 
     </span>
    </p>
   </div>
   <div class='ocr_carea' id='block_1_25' title="bbox 1972 1744 3553 1815">
    <p class='ocr_par' dir='ltr' id='par_1_25' title="bbox 1972 1744 3553 1815">
     <span class='ocr_line' id='line_1_25' title="bbox 1972 1744 3553 1815; baseline -0.005 -11"><span class='ocrx_word' id='word_1_224' title='bbox 1972 1748 2316 1811; x_wconf 80' lang='lat' dir='ltr'><strong>servierunt,</strong></span> <span class='ocrx_word' id='word_1_225' title='bbox 2372 1746 2467 1801; x_wconf 87' lang='lat' dir='ltr'><strong>sed</strong></span> <span class='ocrx_word' id='word_1_226' title='bbox 2505 1747 2755 1815; x_wconf 89' lang='lat' dir='ltr'><strong>quoniam</strong></span> <span class='ocrx_word' id='word_1_227' title='bbox 2813 1748 2911 1799; x_wconf 89' lang='lat' dir='ltr'><strong>iste</strong></span> <span class='ocrx_word' id='word_1_228' title='bbox 2962 1760 3215 1800; x_wconf 89' lang='lat' dir='ltr'><strong>numerus</strong></span> <span class='ocrx_word' id='word_1_229' title='bbox 3266 1746 3317 1798; x_wconf 91' lang='lat' dir='ltr'><strong>in</strong></span> <span class='ocrx_word' id='word_1_230' title='bbox 3366 1744 3553 1798; x_wconf 88' lang='lat' dir='ltr'><strong>eadem</strong></span> 
     </span>
    </p>
   </div>
   <div class='ocr_carea' id='block_1_26' title="bbox 277 1830 3559 1908">
    <p class='ocr_par' dir='ltr' id='par_1_26' title="bbox 277 1830 3559 1908">
     <span class='ocr_line' id='line_1_26' title="bbox 277 1830 3559 1908; baseline -0.002 -14"><span class='ocrx_word' id='word_1_231' title='bbox 277 1841 526 1908; x_wconf 76' lang='lat' dir='ltr'><strong>abigebat</strong></span> <span class='ocrx_word' id='word_1_232' title='bbox 556 1854 649 1893; x_wconf 86' lang='lat' dir='ltr'><strong>eas</strong></span> <span class='ocrx_word' id='word_1_233' title='bbox 674 1839 963 1894; x_wconf 82' lang='lat' dir='ltr'><strong>Abraham.</strong></span> <span class='ocrx_word' id='word_1_234' title='bbox 990 1835 1228 1906; x_wconf 88' lang='lat' dir='ltr'><strong>Cumque</strong></span> <span class='ocrx_word' id='word_1_235' title='bbox 1257 1834 1599 1891; x_wconf 88' lang='lat' dir='ltr'><strong>occubuisset</strong></span> <span class='ocrx_word' id='word_1_236' title='bbox 1639 1835 1749 1901; x_wconf 91' lang='lat' dir='ltr'><strong>sol,</strong></span> <span class='ocrx_word' id='word_1_237' title='bbox 1781 1849 1874 1904; x_wconf 85' lang='lat' dir='ltr'><strong>pa-</strong></span> <span class='ocrx_word' id='word_1_238' title='bbox 1905 1830 1951 1890; x_wconf 89' lang='lat' dir='ltr'><strong>B</strong></span> <span class='ocrx_word' id='word_1_239' title='bbox 1977 1838 2265 1894; x_wconf 76' lang='lat' dir='ltr'><strong>afﬂictione</strong></span> <span class='ocrx_word' id='word_1_240' title='bbox 2321 1837 2619 1905; x_wconf 79' lang='lat' dir='ltr'><strong>completus</strong></span> <span class='ocrx_word' id='word_1_241' title='bbox 2667 1846 2769 1901; x_wconf 75' lang='grc' dir='ltr'><em>εει,</em></span> <span class='ocrx_word' id='word_1_242' title='bbox 2824 1834 2915 1904; x_wconf 92' lang='lat' dir='ltr'><strong>qui</strong></span> <span class='ocrx_word' id='word_1_243' title='bbox 2969 1845 3306 1903; x_wconf 85' lang='lat' dir='ltr'><strong>computatur</strong></span> <span class='ocrx_word' id='word_1_244' title='bbox 3346 1834 3415 1887; x_wconf 91' lang='lat' dir='ltr'><strong>ab</strong></span> <span class='ocrx_word' id='word_1_245' title='bbox 3469 1833 3559 1887; x_wconf 92' lang='lat' dir='ltr'><strong>illo</strong></span> 
     </span>
    </p>
   </div>
   <div class='ocr_carea' id='block_1_27' title="bbox 284 1926 1869 1997">
    <p class='ocr_par' dir='ltr' id='par_1_27' title="bbox 284 1926 1869 1997">
     <span class='ocr_line' id='line_1_27' title="bbox 284 1926 1869 1997; baseline -0.003 -16"><span class='ocrx_word' id='word_1_246' title='bbox 284 1946 379 1983; x_wconf 85' lang='lat' dir='ltr'><strong>vor</strong></span> <span class='ocrx_word' id='word_1_247' title='bbox 407 1928 563 1983; x_wconf 86' lang='lat' dir='ltr'><strong>irruit</strong></span> <span class='ocrx_word' id='word_1_248' title='bbox 593 1942 755 1997; x_wconf 86' lang='lat' dir='ltr'><strong>super</strong></span> <span class='ocrx_word' id='word_1_249' title='bbox 784 1926 1047 1981; x_wconf 81' lang='lat' dir='ltr'><strong>Abraham</strong></span> <span class='ocrx_word' id='word_1_250' title='bbox 1072 1970 1087 1996; x_wconf 88' lang='lat'><strong>,</strong></span> <span class='ocrx_word' id='word_1_251' title='bbox 1116 1936 1168 1980; x_wconf 92' lang='lat' dir='ltr'><strong>et</strong></span> <span class='ocrx_word' id='word_1_252' title='bbox 1201 1928 1393 1981; x_wconf 90' lang='lat' dir='ltr'><strong>horror</strong></span> <span class='ocrx_word' id='word_1_253' title='bbox 1428 1940 1650 1994; x_wconf 79' lang='lat' dir='ltr'><strong>magnus</strong></span> <span class='ocrx_word' id='word_1_254' title='bbox 1670 1966 1683 1987; x_wconf 91' lang='lat'><strong>,</strong></span> <span class='ocrx_word' id='word_1_255' title='bbox 1709 1933 1761 1978; x_wconf 88' lang='lat' dir='ltr'><strong>et</strong></span> <span class='ocrx_word' id='word_1_256' title='bbox 1791 1934 1869 1978; x_wconf 85' lang='lat' dir='ltr'><strong>te-</strong></span> 
     </span>
    </p>
   </div>
   <div class='ocr_carea' id='block_1_28' title="bbox 280 2014 1868 2085">
    <p class='ocr_par' dir='ltr' id='par_1_28' title="bbox 280 2014 1868 2085">
     <span class='ocr_line' id='line_1_28' title="bbox 280 2014 1868 2085; baseline -0.007 -9"><span class='ocrx_word' id='word_1_257' title='bbox 280 2022 539 2076; x_wconf 84' lang='lat' dir='ltr'><strong>nebrosns</strong></span> <span class='ocrx_word' id='word_1_258' title='bbox 572 2020 765 2073; x_wconf 86' lang='lat' dir='ltr'><strong>invasit</strong></span> <span class='ocrx_word' id='word_1_259' title='bbox 790 2033 943 2082; x_wconf 88' lang='lat' dir='ltr'><strong>eum;</strong></span> <span class='ocrx_word' id='word_1_260' title='bbox 972 2018 1323 2085; x_wconf 85' lang='lat' dir='ltr'><strong>apparuitque</strong></span> <span class='ocrx_word' id='word_1_261' title='bbox 1348 2017 1592 2073; x_wconf 86' lang='lat' dir='ltr'><strong>clibanus</strong></span> <span class='ocrx_word' id='word_1_262' title='bbox 1630 2014 1868 2080; x_wconf 81' lang='lat' dir='ltr'><strong>fumans,</strong></span> 
     </span>
    </p>
   </div>
   <div class='ocr_carea' id='block_1_29' title="bbox 281 2107 1868 2180">
    <p class='ocr_par' dir='ltr' id='par_1_29' title="bbox 281 2107 1868 2180">
     <span class='ocr_line' id='line_1_29' title="bbox 281 2107 1868 2180; baseline -0.003 -16"><span class='ocrx_word' id='word_1_263' title='bbox 281 2121 329 2164; x_wconf 84' lang='lat' dir='ltr'><strong>et</strong></span> <span class='ocrx_word' id='word_1_264' title='bbox 359 2111 495 2180; x_wconf 82' lang='lat' dir='ltr'><strong>ignis</strong></span> <span class='ocrx_word' id='word_1_265' title='bbox 543 2109 807 2163; x_wconf 80' lang='lat' dir='ltr'><strong>transiens</strong></span> <span class='ocrx_word' id='word_1_266' title='bbox 839 2110 976 2162; x_wconf 90' lang='lat' dir='ltr'><strong>inter</strong></span> <span class='ocrx_word' id='word_1_267' title='bbox 1008 2107 1178 2161; x_wconf 86' lang='lat' dir='ltr'><strong>media</strong></span> <span class='ocrx_word' id='word_1_268' title='bbox 1210 2109 1296 2161; x_wconf 88' lang='lat' dir='ltr'><strong>illa</strong></span> <span class='ocrx_word' id='word_1_269' title='bbox 1344 2123 1460 2178; x_wconf 66' lang='lat' dir='ltr'><strong>qua!</strong></span> <span class='ocrx_word' id='word_1_270' title='bbox 1493 2107 1662 2161; x_wconf 85' lang='lat' dir='ltr'><strong>divisa</strong></span> <span class='ocrx_word' id='word_1_271' title='bbox 1695 2113 1868 2160; x_wconf 81' lang='lat' dir='ltr'><strong>erant.</strong></span> 
     </span>
    </p>
   </div>
   <div class='ocr_carea' id='block_1_30' title="bbox 284 2201 1873 2271">
    <p class='ocr_par' dir='ltr' id='par_1_30' title="bbox 284 2201 1873 2271">
     <span class='ocr_line' id='line_1_30' title="bbox 284 2201 1873 2271; baseline -0.004 -14"><span class='ocrx_word' id='word_1_272' title='bbox 284 2202 601 2269; x_wconf 68' lang='lat' dir='ltr'><strong>D‘ctumque</strong></span> <span class='ocrx_word' id='word_1_273' title='bbox 628 2211 709 2255; x_wconf 74' lang='lat' dir='ltr'><strong>est</strong></span> <span class='ocrx_word' id='word_1_274' title='bbox 739 2202 821 2255; x_wconf 86' lang='lat' dir='ltr'><strong>ei:</strong></span> <span class='ocrx_word' id='word_1_275' title='bbox 850 2201 1216 2271; x_wconf 84' lang='lat' dir='ltr'><strong>Cognoscendo</strong></span> <span class='ocrx_word' id='word_1_276' title='bbox 1239 2201 1362 2254; x_wconf 77' lang='lat' dir='ltr'><strong>scies</strong></span> <span class='ocrx_word' id='word_1_277' title='bbox 1394 2202 1515 2270; x_wconf 86' lang='lat' dir='ltr'><strong>quia</strong></span> <span class='ocrx_word' id='word_1_278' title='bbox 1549 2201 1873 2270; x_wconf 84' lang='lat' dir='ltr'><strong>peregrinum</strong></span> 
     </span>
    </p>
   </div>
   <div class='ocr_carea' id='block_1_31' title="bbox 283 2291 1878 2360">
    <p class='ocr_par' dir='ltr' id='par_1_31' title="bbox 283 2291 1878 2360">
     <span class='ocr_line' id='line_1_31' title="bbox 283 2291 1878 2360; baseline -0.003 -14"><span class='ocrx_word' id='word_1_279' title='bbox 283 2295 374 2346; x_wconf 87' lang='lat' dir='ltr'><strong>erit</strong></span> <span class='ocrx_word' id='word_1_280' title='bbox 404 2309 574 2346; x_wconf 88' lang='lat' dir='ltr'><strong>semen</strong></span> <span class='ocrx_word' id='word_1_281' title='bbox 603 2300 745 2343; x_wconf 89' lang='lat' dir='ltr'><strong>tuum</strong></span> <span class='ocrx_word' id='word_1_282' title='bbox 772 2293 819 2343; x_wconf 88' lang='lat' dir='ltr'><strong>iu</strong></span> <span class='ocrx_word' id='word_1_283' title='bbox 854 2301 989 2343; x_wconf 90' lang='lat' dir='ltr'><strong>terra</strong></span> <span class='ocrx_word' id='word_1_284' title='bbox 1018 2309 1118 2344; x_wconf 81' lang='lat' dir='ltr'><strong>non</strong></span> <span class='ocrx_word' id='word_1_285' title='bbox 1146 2308 1270 2356; x_wconf 84' lang='lat' dir='ltr'><strong>sua,</strong></span> <span class='ocrx_word' id='word_1_286' title='bbox 1296 2301 1343 2346; x_wconf 89' lang='lat' dir='ltr'><strong>et</strong></span> <span class='ocrx_word' id='word_1_287' title='bbox 1372 2292 1584 2354; x_wconf 86' lang='lat' dir='ltr'><strong>serviet,</strong></span> <span class='ocrx_word' id='word_1_288' title='bbox 1612 2300 1658 2343; x_wconf 87' lang='lat' dir='ltr'><strong>et</strong></span> <span class='ocrx_word' id='word_1_289' title='bbox 1684 2291 1878 2360; x_wconf 75' lang='lat' dir='ltr'><strong>afﬂige-</strong></span> 
     </span>
    </p>
   </div>
   <div class='ocr_carea' id='block_1_32' title="bbox 286 2380 1877 2452">
    <p class='ocr_par' dir='ltr' id='par_1_32' title="bbox 286 2380 1877 2452">
     <span class='ocr_line' id='line_1_32' title="bbox 286 2380 1877 2452; baseline -0.003 -15"><span class='ocrx_word' id='word_1_290' title='bbox 286 2395 365 2437; x_wconf 89' lang='lat' dir='ltr'><strong>tur</strong></span> <span class='ocrx_word' id='word_1_291' title='bbox 384 2426 399 2448; x_wconf 91' lang='lat'><strong>,</strong></span> <span class='ocrx_word' id='word_1_292' title='bbox 424 2394 531 2438; x_wconf 81' lang='lat' dir='ltr'><strong>etc.</strong></span> <span class='ocrx_word' id='word_1_293' title='bbox 561 2383 666 2436; x_wconf 69' lang='lat' dir='ltr'><strong>Iste</strong></span> <span class='ocrx_word' id='word_1_294' title='bbox 688 2393 768 2437; x_wconf 91' lang='lat' dir='ltr'><strong>est</strong></span> <span class='ocrx_word' id='word_1_295' title='bbox 793 2382 970 2450; x_wconf 87' lang='lat' dir='ltr'><strong>itaque</strong></span> <span class='ocrx_word' id='word_1_296' title='bbox 994 2382 1180 2436; x_wconf 87' lang='lat' dir='ltr'><strong>modus</strong></span> <span class='ocrx_word' id='word_1_297' title='bbox 1205 2380 1449 2452; x_wconf 84' lang='lat' dir='ltr'><strong>promissi</strong></span> <span class='ocrx_word' id='word_1_298' title='bbox 1472 2381 1692 2435; x_wconf 87' lang='lat' dir='ltr'><strong>seminis</strong></span> <span class='ocrx_word' id='word_1_299' title='bbox 1711 2381 1877 2435; x_wconf 78' lang='lat' dir='ltr'><strong>Abra-</strong></span> 
     </span>
    </p>
   </div>
   <div class='ocr_carea' id='block_1_33' title="bbox 289 2473 955 2543">
    <p class='ocr_par' dir='ltr' id='par_1_33' title="bbox 289 2473 955 2543">
     <span class='ocr_line' id='line_1_33' title="bbox 289 2473 955 2543; baseline -0.008 -14"><span class='ocrx_word' id='word_1_300' title='bbox 289 2477 405 2539; x_wconf 76' lang='lat' dir='ltr'><strong>hze,</strong></span> <span class='ocrx_word' id='word_1_301' title='bbox 434 2483 491 2529; x_wconf 88' lang='lat' dir='ltr'><strong>et</strong></span> <span class='ocrx_word' id='word_1_302' title='bbox 522 2474 627 2528; x_wconf 88' lang='lat' dir='ltr'><strong>ista</strong></span> <span class='ocrx_word' id='word_1_303' title='bbox 655 2482 737 2527; x_wconf 89' lang='lat' dir='ltr'><strong>est</strong></span> <span class='ocrx_word' id='word_1_304' title='bbox 770 2473 955 2543; x_wconf 84' lang='lat' dir='ltr'><strong>ﬁgura.</strong></span> 
     </span>
    </p>
   </div>
   <div class='ocr_carea' id='block_1_34' title="bbox 354 2561 1878 2630">
    <p class='ocr_par' dir='ltr' id='par_1_34' title="bbox 354 2561 1878 2630">
     <span class='ocr_line' id='line_1_34' title="bbox 354 2561 1878 2630; baseline -0.001 -13"><span class='ocrx_word' id='word_1_305' title='bbox 354 2564 411 2619; x_wconf 86' lang='lat'><strong>6.</strong></span> <span class='ocrx_word' id='word_1_306' title='bbox 442 2565 543 2618; x_wconf 82' lang='lat' dir='ltr'><strong>Per</strong></span> <span class='ocrx_word' id='word_1_307' title='bbox 564 2579 780 2617; x_wconf 88' lang='lat' dir='ltr'><strong>vaccam</strong></span> <span class='ocrx_word' id='word_1_308' title='bbox 809 2562 951 2616; x_wconf 89' lang='lat' dir='ltr'><strong>enim</strong></span> <span class='ocrx_word' id='word_1_309' title='bbox 980 2561 1275 2629; x_wconf 69' lang='lat' dir='ltr'><strong>signiﬁcata</strong></span> <span class='ocrx_word' id='word_1_310' title='bbox 1301 2572 1376 2616; x_wconf 85' lang='lat' dir='ltr'><strong>est</strong></span> <span class='ocrx_word' id='word_1_311' title='bbox 1414 2563 1562 2630; x_wconf 50' lang='lat' dir='ltr'><strong>plelts</strong></span> <span class='ocrx_word' id='word_1_312' title='bbox 1585 2562 1752 2630; x_wconf 87' lang='lat' dir='ltr'><strong>posita</strong></span> <span class='ocrx_word' id='word_1_313' title='bbox 1777 2562 1878 2615; x_wconf 84' lang='lat' dir='ltr'><strong>Sth</strong></span> 
     </span>
    </p>
   </div>
   <div class='ocr_carea' id='block_1_35' title="bbox 285 2653 1876 2726">
    <p class='ocr_par' dir='ltr' id='par_1_35' title="bbox 285 2653 1876 2726">
     <span class='ocr_line' id='line_1_35' title="bbox 285 2653 1876 2726; baseline -0.001 -17"><span class='ocrx_word' id='word_1_314' title='bbox 285 2655 411 2726; x_wconf 73' lang='lat' dir='ltr'><strong>iugo</strong></span> <span class='ocrx_word' id='word_1_315' title='bbox 435 2653 590 2723; x_wconf 73' lang='lat' dir='ltr'><strong>legis.</strong></span> <span class='ocrx_word' id='word_1_316' title='bbox 619 2653 720 2709; x_wconf 89' lang='lat' dir='ltr'><strong>Per</strong></span> <span class='ocrx_word' id='word_1_317' title='bbox 746 2668 959 2722; x_wconf 88' lang='lat' dir='ltr'><strong>capram</strong></span> <span class='ocrx_word' id='word_1_318' title='bbox 989 2653 1174 2708; x_wconf 83' lang='lat' dir='ltr'><strong>eadem</strong></span> <span class='ocrx_word' id='word_1_319' title='bbox 1214 2654 1362 2722; x_wconf 85' lang='lat' dir='ltr'><strong>plebs</strong></span> <span class='ocrx_word' id='word_1_320' title='bbox 1389 2654 1652 2722; x_wconf 76' lang='lat' dir='ltr'><strong>peccatrix</strong></span> <span class='ocrx_word' id='word_1_321' title='bbox 1683 2654 1876 2707; x_wconf 79' lang='lat' dir='ltr'><strong>futura.</strong></span> 
     </span>
    </p>
   </div>
   <div class='ocr_carea' id='block_1_36' title="bbox 290 2744 1881 2814">
    <p class='ocr_par' dir='ltr' id='par_1_36' title="bbox 290 2744 1881 2814">
     <span class='ocr_line' id='line_1_36' title="bbox 290 2744 1881 2814; baseline -0.003 -13"><span class='ocrx_word' id='word_1_322' title='bbox 290 2748 391 2801; x_wconf 82' lang='lat' dir='ltr'><strong>Per</strong></span> <span class='ocrx_word' id='word_1_323' title='bbox 431 2747 657 2801; x_wconf 85' lang='lat' dir='ltr'><strong>arietem</strong></span> <span class='ocrx_word' id='word_1_324' title='bbox 703 2745 887 2800; x_wconf 89' lang='lat' dir='ltr'><strong>eadem</strong></span> <span class='ocrx_word' id='word_1_325' title='bbox 930 2745 1082 2813; x_wconf 86' lang='lat' dir='ltr'><strong>plebs</strong></span> <span class='ocrx_word' id='word_1_326' title='bbox 1122 2754 1426 2814; x_wconf 89' lang='lat' dir='ltr'><strong>regnatura.</strong></span> <span class='ocrx_word' id='word_1_327' title='bbox 1455 2744 1711 2798; x_wconf 73' lang='lat' dir='ltr'><strong>Animalia</strong></span> <span class='ocrx_word' id='word_1_328' title='bbox 1760 2744 1881 2798; x_wconf 90' lang='lat' dir='ltr'><strong>ideo</strong></span> 
     </span>
    </p>
   </div>
   <div class='ocr_carea' id='block_1_37' title="bbox 291 2835 1880 2907">
    <p class='ocr_par' dir='ltr' id='par_1_37' title="bbox 291 2835 1880 2907">
     <span class='ocr_line' id='line_1_37' title="bbox 291 2835 1880 2907; baseline -0.001 -15"><span class='ocrx_word' id='word_1_329' title='bbox 291 2840 448 2893; x_wconf 79' lang='lat' dir='ltr'><strong>trima</strong></span> <span class='ocrx_word' id='word_1_330' title='bbox 470 2838 745 2899; x_wconf 89' lang='lat' dir='ltr'><strong>dicuntur,</strong></span> <span class='ocrx_word' id='word_1_331' title='bbox 765 2835 887 2907; x_wconf 78' lang='lat' dir='ltr'><strong>quia</strong></span> <span class='ocrx_word' id='word_1_332' title='bbox 910 2852 1005 2906; x_wconf 91' lang='lat' dir='ltr'><strong>per</strong></span> <span class='ocrx_word' id='word_1_333' title='bbox 1033 2836 1286 2891; x_wconf 83' lang='lat' dir='ltr'><strong>articulos</strong></span> <span class='ocrx_word' id='word_1_334' title='bbox 1309 2848 1604 2906; x_wconf 90' lang='lat' dir='ltr'><strong>temporum</strong></span> <span class='ocrx_word' id='word_1_335' title='bbox 1624 2837 1690 2891; x_wconf 89' lang='lat' dir='ltr'><strong>ab</strong></span> <span class='ocrx_word' id='word_1_336' title='bbox 1714 2836 1880 2890; x_wconf 81' lang='lat' dir='ltr'><strong>Adam</strong></span> 
     </span>
    </p>
   </div>
   <div class='ocr_carea' id='block_1_38' title="bbox 290 2929 1884 3003">
    <p class='ocr_par' dir='ltr' id='par_1_38' title="bbox 290 2929 1884 3003">
     <span class='ocr_line' id='line_1_38' title="bbox 290 2929 1884 3003; baseline 0.001 -20"><span class='ocrx_word' id='word_1_337' title='bbox 290 2945 461 3003; x_wconf 85' lang='lat' dir='ltr'><strong>usque</strong></span> <span class='ocrx_word' id='word_1_338' title='bbox 490 2930 557 2983; x_wconf 89' lang='lat' dir='ltr'><strong>ad</strong></span> <span class='ocrx_word' id='word_1_339' title='bbox 588 2929 733 2993; x_wconf 83' lang='lat' dir='ltr'><strong>Noe,</strong></span> <span class='ocrx_word' id='word_1_340' title='bbox 769 2939 824 2983; x_wconf 92' lang='lat' dir='ltr'><strong>et</strong></span> <span class='ocrx_word' id='word_1_341' title='bbox 864 2929 989 2984; x_wconf 89' lang='lat' dir='ltr'><strong>inde</strong></span> <span class='ocrx_word' id='word_1_342' title='bbox 1019 2945 1188 2999; x_wconf 90' lang='lat' dir='ltr'><strong>usque</strong></span> <span class='ocrx_word' id='word_1_343' title='bbox 1225 2932 1291 2984; x_wconf 89' lang='lat' dir='ltr'><strong>ad</strong></span> <span class='ocrx_word' id='word_1_344' title='bbox 1342 2930 1610 2985; x_wconf 77' lang='lat' dir='ltr'><strong>Abraham</strong></span> <span class='ocrx_word' id='word_1_345' title='bbox 1632 2972 1645 2995; x_wconf 92' lang='lat'><strong>,</strong></span> <span class='ocrx_word' id='word_1_346' title='bbox 1672 2946 1732 2984; x_wconf 86' lang='lat' dir='ltr'><strong>ac</strong></span> <span class='ocrx_word' id='word_1_347' title='bbox 1761 2931 1884 2985; x_wconf 90' lang='lat' dir='ltr'><strong>inde</strong></span> 
     </span>
    </p>
   </div>
   <div class='ocr_carea' id='block_1_39' title="bbox 295 3020 1884 3099">
    <p class='ocr_par' dir='ltr' id='par_1_39' title="bbox 295 3020 1884 3099">
     <span class='ocr_line' id='line_1_39' title="bbox 295 3020 1884 3099; baseline 0 -22"><span class='ocrx_word' id='word_1_348' title='bbox 295 3037 461 3092; x_wconf 85' lang='lat' dir='ltr'><strong>usque</strong></span> <span class='ocrx_word' id='word_1_349' title='bbox 484 3022 552 3075; x_wconf 87' lang='lat' dir='ltr'><strong>ad</strong></span> <span class='ocrx_word' id='word_1_350' title='bbox 586 3022 750 3075; x_wconf 89' lang='lat' dir='ltr'><strong>David</strong></span> <span class='ocrx_word' id='word_1_351' title='bbox 770 3063 783 3085; x_wconf 90' lang='lat'><strong>,</strong></span> <span class='ocrx_word' id='word_1_352' title='bbox 814 3030 1065 3091; x_wconf 89' lang='lat' dir='ltr'><strong>tanquam</strong></span> <span class='ocrx_word' id='word_1_353' title='bbox 1100 3021 1306 3076; x_wconf 87' lang='lat' dir='ltr'><strong>tertiam</strong></span> <span class='ocrx_word' id='word_1_354' title='bbox 1330 3030 1553 3094; x_wconf 67' lang='lat' dir='ltr'><strong>aetatem</strong></span> <span class='ocrx_word' id='word_1_355' title='bbox 1566 3036 1765 3099; x_wconf 76' lang='lat' dir='ltr'><strong>gerens</strong></span> <span class='ocrx_word' id='word_1_356' title='bbox 1794 3020 1884 3077; x_wconf 91' lang='lat' dir='ltr'><strong>ille</strong></span> 
     </span>
    </p>
   </div>
   <div class='ocr_carea' id='block_1_40' title="bbox 296 3112 813 3183">
    <p class='ocr_par' dir='ltr' id='par_1_40' title="bbox 296 3112 813 3183">
     <span class='ocr_line' id='line_1_40' title="bbox 296 3112 813 3183; baseline 0.002 -17"><span class='ocrx_word' id='word_1_357' title='bbox 296 3113 529 3183; x_wconf 88' lang='lat' dir='ltr'><strong>populus</strong></span> <span class='ocrx_word' id='word_1_358' title='bbox 560 3112 813 3167; x_wconf 88' lang='lat' dir='ltr'><strong>adolevit.</strong></span> 
     </span>
    </p>
   </div>
   <div class='ocr_carea' id='block_1_41' title="bbox 1979 1926 3200 1998">
    <p class='ocr_par' dir='ltr' id='par_1_41' title="bbox 1979 1926 3200 1998">
     <span class='ocr_line' id='line_1_41' title="bbox 1979 1926 3200 1998; baseline -0.003 -15"><span class='ocrx_word' id='word_1_359' title='bbox 1979 1940 2220 1998; x_wconf 82' lang='lat' dir='ltr'><strong>tempore</strong></span> <span class='ocrx_word' id='word_1_360' title='bbox 2270 1943 2377 1997; x_wconf 85' lang='lat' dir='ltr'><strong>quo</strong></span> <span class='ocrx_word' id='word_1_361' title='bbox 2403 1926 2503 1981; x_wconf 84' lang='lat' dir='ltr'><strong>ista</strong></span> <span class='ocrx_word' id='word_1_362' title='bbox 2538 1926 2769 1980; x_wconf 62' lang='lat' dir='ltr'><strong>Abrahae</strong></span> <span class='ocrx_word' id='word_1_363' title='bbox 2800 1926 3200 1994; x_wconf 89' lang='lat' dir='ltr'><strong>promittuntur.</strong></span> 
     </span>
    </p>
   </div>
   <div class='ocr_carea' id='block_1_42' title="bbox 2558 2023 2974 2079">
    <p class='ocr_par' dir='ltr' id='par_1_42' title="bbox 2558 2023 2974 2079">
     <span class='ocr_line' id='line_1_42' title="bbox 2558 2023 2974 2079; baseline 0 -2"><span class='ocrx_word' id='word_1_364' title='bbox 2558 2024 2785 2079; x_wconf 79' lang='lat' dir='ltr'><strong>CAI‘UT</strong></span> <span class='ocrx_word' id='word_1_365' title='bbox 2834 2023 2974 2078; x_wconf 81' lang='lat' dir='ltr'>XIII.</span> 
     </span>
    </p>
   </div>
   <div class='ocr_carea' id='block_1_43' title="bbox 2261 2103 3277 2173">
    <p class='ocr_par' dir='ltr' id='par_1_43' title="bbox 2261 2103 3277 2173">
     <span class='ocr_line' id='line_1_43' title="bbox 2261 2103 3277 2173; baseline 0 -16"><span class='ocrx_word' id='word_1_366' title='bbox 2261 2104 2336 2158; x_wconf 85' lang='lat' dir='ltr'><strong>De</strong></span> <span class='ocrx_word' id='word_1_367' title='bbox 2361 2104 2498 2173; x_wconf 79' lang='lat' dir='ltr'><strong>Agar</strong></span> <span class='ocrx_word' id='word_1_368' title='bbox 2525 2112 2569 2157; x_wconf 89' lang='lat' dir='ltr'><strong>et</strong></span> <span class='ocrx_word' id='word_1_369' title='bbox 2608 2104 2992 2158; x_wconf 78' lang='lat' dir='ltr'><strong>circumcisione</strong></span> <span class='ocrx_word' id='word_1_370' title='bbox 3039 2103 3277 2158; x_wconf 80' lang='lat' dir='ltr'><strong>Abralue.</strong></span> 
     </span>
    </p>
   </div>
   <div class='ocr_carea' id='block_1_44' title="bbox 2051 2203 3562 2273">
    <p class='ocr_par' dir='ltr' id='par_1_44' title="bbox 2051 2203 3562 2273">
     <span class='ocr_line' id='line_1_44' title="bbox 2051 2203 3562 2273; baseline -0.005 -12"><span class='ocrx_word' id='word_1_371' title='bbox 2051 2209 2101 2261; x_wconf 77' lang='lat' dir='ltr'><strong>l.</strong></span> <span class='ocrx_word' id='word_1_372' title='bbox 2134 2206 2249 2261; x_wconf 84' lang='lat' dir='ltr'><strong>Jant</strong></span> <span class='ocrx_word' id='word_1_373' title='bbox 2280 2216 2405 2259; x_wconf 88' lang='lat' dir='ltr'><strong>tunc</strong></span> <span class='ocrx_word' id='word_1_374' title='bbox 2434 2213 2653 2273; x_wconf 82' lang='lat' dir='ltr'><strong>propter</strong></span> <span class='ocrx_word' id='word_1_375' title='bbox 2686 2203 3167 2273; x_wconf 78' lang='lat' dir='ltr'><strong>peregrinationem</strong></span> <span class='ocrx_word' id='word_1_376' title='bbox 3201 2204 3461 2265; x_wconf 80' lang='lat' dir='ltr'><strong>futuram,</strong></span> <span class='ocrx_word' id='word_1_377' title='bbox 3495 2217 3562 2255; x_wconf 90' lang='lat' dir='ltr'><strong>ne</strong></span> 
     </span>
    </p>
   </div>
   <div class='ocr_carea' id='block_1_45' title="bbox 1978 2293 3563 2363">
    <p class='ocr_par' dir='ltr' id='par_1_45' title="bbox 1978 2293 3563 2363">
     <span class='ocr_line' id='line_1_45' title="bbox 1978 2293 3563 2363; baseline -0.005 -10"><span class='ocrx_word' id='word_1_378' title='bbox 1978 2298 2417 2353; x_wconf 79' lang='lat' dir='ltr'><strong>conmisceretur</strong></span> <span class='ocrx_word' id='word_1_379' title='bbox 2446 2310 2630 2349; x_wconf 87' lang='lat' dir='ltr'><strong>semen</strong></span> <span class='ocrx_word' id='word_1_380' title='bbox 2680 2294 2799 2363; x_wconf 78' lang='lat' dir='ltr'><strong>ejus</strong></span> <span class='ocrx_word' id='word_1_381' title='bbox 2860 2296 2997 2349; x_wconf 91' lang='lat' dir='ltr'><strong>inter</strong></span> <span class='ocrx_word' id='word_1_382' title='bbox 3044 2306 3251 2363; x_wconf 76' lang='lat' dir='ltr'><strong>gentes,</strong></span> <span class='ocrx_word' id='word_1_383' title='bbox 3309 2293 3466 2347; x_wconf 90' lang='lat' dir='ltr'><strong>datur</strong></span> <span class='ocrx_word' id='word_1_384' title='bbox 3514 2294 3563 2346; x_wconf 90' lang='lat' dir='ltr'><strong>ei</strong></span> 
     </span>
    </p>
   </div>
   <div class='ocr_carea' id='block_1_46' title="bbox 1979 2383 3566 2455">
    <p class='ocr_par' dir='ltr' id='par_1_46' title="bbox 1979 2383 3566 2455">
     <span class='ocr_line' id='line_1_46' title="bbox 1979 2383 3566 2455; baseline -0.005 -12"><span class='ocrx_word' id='word_1_385' title='bbox 1979 2387 2317 2444; x_wconf 74' lang='lat' dir='ltr'><strong>circumcisio</strong></span> <span class='ocrx_word' id='word_1_386' title='bbox 2348 2388 2399 2440; x_wconf 91' lang='lat' dir='ltr'><strong>in</strong></span> <span class='ocrx_word' id='word_1_387' title='bbox 2429 2387 2639 2455; x_wconf 88' lang='lat' dir='ltr'><strong>signum</strong></span> <span class='ocrx_word' id='word_1_388' title='bbox 2666 2387 2746 2439; x_wconf 89' lang='lat' dir='ltr'><strong>his</strong></span> <span class='ocrx_word' id='word_1_389' title='bbox 2789 2386 3003 2438; x_wconf 88' lang='lat' dir='ltr'><strong>verbis:</strong></span> <span class='ocrx_word' id='word_1_390' title='bbox 3061 2383 3468 2438; x_wconf 83' lang='lat' dir='ltr'><strong>Circuutcidetur</strong></span> <span class='ocrx_word' id='word_1_391' title='bbox 3512 2383 3566 2435; x_wconf 87' lang='lat' dir='ltr'><strong>in</strong></span> 
     </span>
    </p>
   </div>
   <div class='ocr_carea' id='block_1_47' title="bbox 1981 2476 3569 2547">
    <p class='ocr_par' dir='ltr' id='par_1_47' title="bbox 1981 2476 3569 2547">
     <span class='ocr_line' id='line_1_47' title="bbox 1981 2476 3569 2547; baseline -0.006 -10"><span class='ocrx_word' id='word_1_392' title='bbox 1981 2482 2119 2537; x_wconf 80' lang='lat' dir='ltr'><strong>vobis</strong></span> <span class='ocrx_word' id='word_1_393' title='bbox 2169 2497 2315 2534; x_wconf 87' lang='lat' dir='ltr'><strong>omne</strong></span> <span class='ocrx_word' id='word_1_394' title='bbox 2366 2480 2671 2534; x_wconf 83' lang='lat' dir='ltr'><strong>masculum.</strong></span> <span class='ocrx_word' id='word_1_395' title='bbox 2721 2476 2904 2547; x_wconf 79' lang='lat' dir='ltr'><strong>Infans</strong></span> <span class='ocrx_word' id='word_1_396' title='bbox 2948 2488 3060 2532; x_wconf 86' lang='lat' dir='ltr'><strong>octo</strong></span> <span class='ocrx_word' id='word_1_397' title='bbox 3103 2478 3301 2531; x_wconf 87' lang='lat' dir='ltr'><strong>dierum</strong></span> <span class='ocrx_word' id='word_1_398' title='bbox 3344 2477 3569 2530; x_wconf 81' lang='lat' dir='ltr'><strong>circum-</strong></span> 
     </span>
    </p>
   </div>
   <div class='ocr_carea' id='block_1_48' title="bbox 1984 2566 3567 2638">
    <p class='ocr_par' dir='ltr' id='par_1_48' title="bbox 1984 2566 3567 2638">
     <span class='ocr_line' id='line_1_48' title="bbox 1984 2566 3567 2638; baseline -0.005 -12"><span class='ocrx_word' id='word_1_399' title='bbox 1984 2573 2181 2626; x_wconf 83' lang='lat' dir='ltr'><strong>cidetur</strong></span> <span class='ocrx_word' id='word_1_400' title='bbox 2228 2570 2283 2623; x_wconf 85' lang='lat' dir='ltr'><strong>in</strong></span> <span class='ocrx_word' id='word_1_401' title='bbox 2330 2570 2507 2634; x_wconf 86' lang='lat' dir='ltr'><strong>vobis,</strong></span> <span class='ocrx_word' id='word_1_402' title='bbox 2559 2579 2666 2622; x_wconf 87' lang='lat' dir='ltr'><strong>tant</strong></span> <span class='ocrx_word' id='word_1_403' title='bbox 2715 2569 3017 2623; x_wconf 77' lang='lat' dir='ltr'><strong>vernaculus</strong></span> <span class='ocrx_word' id='word_1_404' title='bbox 3069 2583 3224 2638; x_wconf 84' lang='lat' dir='ltr'><strong>quam</strong></span> <span class='ocrx_word' id='word_1_405' title='bbox 3286 2566 3567 2635; x_wconf 84' lang='lat' dir='ltr'><strong>emptitius.</strong></span> 
     </span>
    </p>
   </div>
   <div class='ocr_carea' id='block_1_49' title="bbox 1987 2658 3568 2729">
    <p class='ocr_par' dir='ltr' id='par_1_49' title="bbox 1987 2658 3568 2729">
     <span class='ocr_line' id='line_1_49' title="bbox 1987 2658 3568 2729; baseline -0.005 -14"><span class='ocrx_word' id='word_1_406' title='bbox 1987 2661 2251 2715; x_wconf 73' lang='lat' dir='ltr'><strong>Masculus</strong></span> <span class='ocrx_word' id='word_1_407' title='bbox 2274 2669 2463 2726; x_wconf 88' lang='lat' dir='ltr'><strong>autem,</strong></span> <span class='ocrx_word' id='word_1_408' title='bbox 2500 2660 2648 2729; x_wconf 88' lang='lat' dir='ltr'><strong>cujus</strong></span> <span class='ocrx_word' id='word_1_409' title='bbox 2678 2659 2919 2729; x_wconf 64' lang='lat' dir='ltr'><strong>praeputii</strong></span> <span class='ocrx_word' id='word_1_410' title='bbox 2966 2674 3086 2712; x_wconf 88' lang='lat' dir='ltr'><strong>caro</strong></span> <span class='ocrx_word' id='word_1_411' title='bbox 3126 2658 3428 2710; x_wconf 87' lang='lat' dir='ltr'><strong>circumcisa</strong></span> <span class='ocrx_word' id='word_1_412' title='bbox 3465 2671 3568 2708; x_wconf 87' lang='lat' dir='ltr'><strong>non</strong></span> 
     </span>
    </p>
   </div>
   <div class='ocr_carea' id='block_1_50' title="bbox 1986 2746 3569 2817">
    <p class='ocr_par' dir='ltr' id='par_1_50' title="bbox 1986 2746 3569 2817">
     <span class='ocr_line' id='line_1_50' title="bbox 1986 2746 3569 2817; baseline -0.002 -18"><span class='ocrx_word' id='word_1_413' title='bbox 1986 2749 2162 2817; x_wconf 76' lang='lat' dir='ltr'><strong>fuerit,</strong></span> <span class='ocrx_word' id='word_1_414' title='bbox 2192 2748 2439 2802; x_wconf 88' lang='lat' dir='ltr'><strong>delebitur</strong></span> <span class='ocrx_word' id='word_1_415' title='bbox 2469 2749 2645 2802; x_wconf 89' lang='lat' dir='ltr'><strong>anima</strong></span> <span class='ocrx_word' id='word_1_416' title='bbox 2670 2748 2763 2802; x_wconf 86' lang='lat' dir='ltr'><strong>illa</strong></span> <span class='ocrx_word' id='word_1_417' title='bbox 2785 2748 2846 2802; x_wconf 83' lang='lat' dir='ltr'><strong>de</strong></span> <span class='ocrx_word' id='word_1_418' title='bbox 2868 2746 3061 2817; x_wconf 83' lang='lat' dir='ltr'><strong>papula</strong></span> <span class='ocrx_word' id='word_1_419' title='bbox 3085 2763 3200 2812; x_wconf 90' lang='lat' dir='ltr'><strong>suo,</strong></span> <span class='ocrx_word' id='word_1_420' title='bbox 3220 2746 3339 2817; x_wconf 85' lang='lat' dir='ltr'><strong>quia</strong></span> <span class='ocrx_word' id='word_1_421' title='bbox 3362 2754 3569 2816; x_wconf 85' lang='lat' dir='ltr'><strong>pactum</strong></span> 
     </span>
    </p>
   </div>
   <div class='ocr_carea' id='block_1_51' title="bbox 1986 2841 2542 2908">
    <p class='ocr_par' dir='ltr' id='par_1_51' title="bbox 1986 2841 2542 2908">
     <span class='ocr_line' id='line_1_51' title="bbox 1986 2841 2542 2908; baseline 0.005 -17"><span class='ocrx_word' id='word_1_422' title='bbox 1986 2857 2148 2894; x_wconf 89' lang='lat' dir='ltr'><strong>meum</strong></span> <span class='ocrx_word' id='word_1_423' title='bbox 2170 2841 2373 2894; x_wconf 86' lang='lat' dir='ltr'><strong>irritum</strong></span> <span class='ocrx_word' id='word_1_424' title='bbox 2402 2841 2542 2908; x_wconf 70' lang='lat' dir='ltr'><strong>fecit.</strong></span> 
     </span>
    </p>
   </div>
   <div class='ocr_carea' id='block_1_52' title="bbox 2058 2926 3574 2995">
    <p class='ocr_par' dir='ltr' id='par_1_52' title="bbox 2058 2926 3574 2995">
     <span class='ocr_line' id='line_1_52' title="bbox 2058 2926 3574 2995; baseline -0.002 -12"><span class='ocrx_word' id='word_1_425' title='bbox 2058 2931 2114 2985; x_wconf 73' lang='lat'><strong>2.</strong></span> <span class='ocrx_word' id='word_1_426' title='bbox 2142 2932 2246 2987; x_wconf 87' lang='lat' dir='ltr'><strong>Sed</strong></span> <span class='ocrx_word' id='word_1_427' title='bbox 2268 2942 2313 2985; x_wconf 90' lang='lat' dir='ltr'><strong>et</strong></span> <span class='ocrx_word' id='word_1_428' title='bbox 2338 2932 2492 2987; x_wconf 81' lang='lat' dir='ltr'><strong>Surai</strong></span> <span class='ocrx_word' id='word_1_429' title='bbox 2536 2948 2637 2986; x_wconf 90' lang='lat' dir='ltr'><strong>non</strong></span> <span class='ocrx_word' id='word_1_430' title='bbox 2663 2933 2922 2987; x_wconf 80' lang='lat' dir='ltr'><strong>vocabitur</strong></span> <span class='ocrx_word' id='word_1_431' title='bbox 2960 2930 3134 2995; x_wconf 88' lang='lat' dir='ltr'><strong>Sarai,</strong></span> <span class='ocrx_word' id='word_1_432' title='bbox 3180 2928 3268 2982; x_wconf 85' lang='lat' dir='ltr'><strong>sed</strong></span> <span class='ocrx_word' id='word_1_433' title='bbox 3322 2926 3477 2992; x_wconf 84' lang='lat' dir='ltr'><strong>Sara,</strong></span> <span class='ocrx_word' id='word_1_434' title='bbox 3526 2935 3574 2981; x_wconf 85' lang='lat' dir='ltr'><strong>et</strong></span> 
     </span>
    </p>
   </div>
   <div class='ocr_carea' id='block_1_53' title="bbox 1988 3022 3576 3093">
    <p class='ocr_par' dir='ltr' id='par_1_53' title="bbox 1988 3022 3576 3093">
     <span class='ocr_line' id='line_1_53' title="bbox 1988 3022 3576 3093; baseline -0.003 -16"><span class='ocrx_word' id='word_1_435' title='bbox 1988 3024 2119 3078; x_wconf 89' lang='lat' dir='ltr'><strong>dabo</strong></span> <span class='ocrx_word' id='word_1_436' title='bbox 2147 3024 2239 3078; x_wconf 82' lang='lat' dir='ltr'><strong>tibi</strong></span> <span class='ocrx_word' id='word_1_437' title='bbox 2275 3040 2339 3079; x_wconf 76' lang='lat' dir='ltr'><strong>ea:</strong></span> <span class='ocrx_word' id='word_1_438' title='bbox 2367 3041 2425 3077; x_wconf 87' lang='lat' dir='ltr'><strong>ea</strong></span> <span class='ocrx_word' id='word_1_439' title='bbox 2467 3025 2654 3093; x_wconf 75' lang='lat' dir='ltr'><strong>ﬁlium,</strong></span> <span class='ocrx_word' id='word_1_440' title='bbox 2698 3033 2745 3077; x_wconf 87' lang='lat' dir='ltr'><strong>et</strong></span> <span class='ocrx_word' id='word_1_441' title='bbox 2779 3024 3073 3079; x_wconf 86' lang='lat' dir='ltr'><strong>benedicum</strong></span> <span class='ocrx_word' id='word_1_442' title='bbox 3106 3023 3276 3087; x_wconf 90' lang='lat' dir='ltr'><strong>illum,</strong></span> <span class='ocrx_word' id='word_1_443' title='bbox 3320 3030 3365 3075; x_wconf 91' lang='lat' dir='ltr'><strong>et</strong></span> <span class='ocrx_word' id='word_1_444' title='bbox 3393 3022 3489 3075; x_wconf 87' lang='lat' dir='ltr'><strong>erit</strong></span> <span class='ocrx_word' id='word_1_445' title='bbox 3522 3022 3576 3074; x_wconf 84' lang='lat' dir='ltr'><strong>in</strong></span> 
     </span>
    </p>
   </div>
   <div class='ocr_carea' id='block_1_54' title="bbox 1990 3110 3575 3186">
    <p class='ocr_par' dir='ltr' id='par_1_54' title="bbox 1990 3110 3575 3186">
     <span class='ocr_line' id='line_1_54' title="bbox 1990 3110 3575 3186; baseline -0.004 -19"><span class='ocrx_word' id='word_1_446' title='bbox 1990 3115 2248 3181; x_wconf 73' lang='lat' dir='ltr'><strong>nationes,</strong></span> <span class='ocrx_word' id='word_1_447' title='bbox 2303 3122 2349 3168; x_wconf 82' lang='lat' dir='ltr'><strong>et</strong></span> <span class='ocrx_word' id='word_1_448' title='bbox 2407 3130 2546 3183; x_wconf 81' lang='lat' dir='ltr'><strong>reges</strong></span> <span class='ocrx_word' id='word_1_449' title='bbox 2594 3120 2821 3186; x_wconf 80' lang='lat' dir='ltr'><strong>gentium</strong></span> <span class='ocrx_word' id='word_1_450' title='bbox 2880 3129 2942 3167; x_wconf 76' lang='lat' dir='ltr'><strong>ex</strong></span> <span class='ocrx_word' id='word_1_451' title='bbox 2989 3129 3047 3166; x_wconf 85' lang='lat' dir='ltr'><strong>eo</strong></span> <span class='ocrx_word' id='word_1_452' title='bbox 3105 3121 3273 3165; x_wconf 85' lang='lat' dir='ltr'><strong>erunt.</strong></span> <span class='ocrx_word' id='word_1_453' title='bbox 3336 3113 3429 3165; x_wconf 90' lang='lat' dir='ltr'><strong>llic</strong></span> <span class='ocrx_word' id='word_1_454' title='bbox 3465 3110 3575 3178; x_wconf 82' lang='lat' dir='ltr'><strong>jam</strong></span> 
     </span>
    </p>
   </div>
   <div class='ocr_carea' id='block_1_55' title="bbox 362 3199 3575 3276">
    <p class='ocr_par' dir='ltr' id='par_1_55' title="bbox 362 3199 3575 3276">
     <span class='ocr_line' id='line_1_55' title="bbox 362 3199 3575 3276; baseline -0.001 -21"><span class='ocrx_word' id='word_1_455' title='bbox 362 3205 418 3255; x_wconf 84' lang='lat'><strong>7.</strong></span> <span class='ocrx_word' id='word_1_456' title='bbox 450 3202 562 3259; x_wconf 90' lang='lat' dir='ltr'><strong>Per</strong></span> <span class='ocrx_word' id='word_1_457' title='bbox 610 3213 868 3257; x_wconf 82' lang='lat' dir='ltr'><strong>turturem</strong></span> <span class='ocrx_word' id='word_1_458' title='bbox 914 3212 971 3259; x_wconf 89' lang='lat' dir='ltr'><strong>et</strong></span> <span class='ocrx_word' id='word_1_459' title='bbox 1021 3203 1319 3258; x_wconf 81' lang='lat' dir='ltr'><strong>columbam</strong></span> <span class='ocrx_word' id='word_1_460' title='bbox 1365 3203 1674 3272; x_wconf 83' lang='lat' dir='ltr'><strong>spirituales</strong></span> <span class='ocrx_word' id='word_1_461' title='bbox 1720 3203 1773 3257; x_wconf 90' lang='lat' dir='ltr'><strong>in</strong></span> <span class='ocrx_word' id='word_1_462' title='bbox 1819 3200 1958 3263; x_wconf 86' lang='lat' dir='ltr'><strong>eoC</strong></span> <span class='ocrx_word' id='word_1_463' title='bbox 1992 3207 2294 3262; x_wconf 89' lang='lat' dir='ltr'><strong>declaratur</strong></span> <span class='ocrx_word' id='word_1_464' title='bbox 2318 3206 2602 3276; x_wconf 88' lang='lat' dir='ltr'><strong>promissio</strong></span> <span class='ocrx_word' id='word_1_465' title='bbox 2630 3207 2698 3260; x_wconf 89' lang='lat' dir='ltr'><strong>de</strong></span> <span class='ocrx_word' id='word_1_466' title='bbox 2723 3204 2998 3259; x_wconf 86' lang='lat' dir='ltr'><strong>vocatione</strong></span> <span class='ocrx_word' id='word_1_467' title='bbox 3038 3205 3275 3273; x_wconf 88' lang='lat' dir='ltr'><strong>gentium</strong></span> <span class='ocrx_word' id='word_1_468' title='bbox 3324 3202 3377 3255; x_wconf 91' lang='lat' dir='ltr'><strong>in</strong></span> <span class='ocrx_word' id='word_1_469' title='bbox 3424 3199 3575 3253; x_wconf 82' lang='lat' dir='ltr'><strong>Isaae</strong></span> 
     </span>
    </p>
   </div>
   <div class='ocr_carea' id='block_1_56' title="bbox 295 3294 1889 3365">
    <p class='ocr_par' dir='ltr' id='par_1_56' title="bbox 295 3294 1889 3365">
     <span class='ocr_line' id='line_1_56' title="bbox 295 3294 1889 3365; baseline -0.001 -16"><span class='ocrx_word' id='word_1_470' title='bbox 295 3295 495 3364; x_wconf 88' lang='lat' dir='ltr'><strong>populo</strong></span> <span class='ocrx_word' id='word_1_471' title='bbox 544 3294 754 3364; x_wconf 90' lang='lat' dir='ltr'><strong>ﬁgurati</strong></span> <span class='ocrx_word' id='word_1_472' title='bbox 796 3304 947 3361; x_wconf 91' lang='lat' dir='ltr'><strong>sunt,</strong></span> <span class='ocrx_word' id='word_1_473' title='bbox 984 3294 1241 3350; x_wconf 90' lang='lat' dir='ltr'><strong>individui</strong></span> <span class='ocrx_word' id='word_1_474' title='bbox 1282 3295 1374 3349; x_wconf 88' lang='lat' dir='ltr'><strong>ﬁlii</strong></span> <span class='ocrx_word' id='word_1_475' title='bbox 1408 3295 1807 3365; x_wconf 74' lang='lat' dir='ltr'><strong>promissnonis,</strong></span> <span class='ocrx_word' id='word_1_476' title='bbox 1834 3303 1889 3348; x_wconf 91' lang='lat' dir='ltr'><strong>et</strong></span> 
     </span>
    </p>
   </div>
   <div class='ocr_carea' id='block_1_57' title="bbox 300 3385 1889 3457">
    <p class='ocr_par' dir='ltr' id='par_1_57' title="bbox 300 3385 1889 3457">
     <span class='ocr_line' id='line_1_57' title="bbox 300 3385 1889 3457; baseline 0.001 -18"><span class='ocrx_word' id='word_1_477' title='bbox 300 3387 545 3442; x_wconf 59' lang='lat' dir='ltr'><strong>heredes</strong></span> <span class='ocrx_word' id='word_1_478' title='bbox 577 3388 723 3456; x_wconf 84' lang='lat' dir='ltr'><strong>regni</strong></span> <span class='ocrx_word' id='word_1_479' title='bbox 778 3386 939 3442; x_wconf 80' lang='lat' dir='ltr'><strong>futuri</strong></span> <span class='ocrx_word' id='word_1_480' title='bbox 962 3428 978 3453; x_wconf 92' lang='lat'><strong>,</strong></span> <span class='ocrx_word' id='word_1_481' title='bbox 1008 3401 1231 3457; x_wconf 90' lang='lat' dir='ltr'><strong>quorum</strong></span> <span class='ocrx_word' id='word_1_482' title='bbox 1265 3396 1395 3440; x_wconf 79' lang='lat' dir='ltr'><strong>tetas</strong></span> <span class='ocrx_word' id='word_1_483' title='bbox 1427 3385 1735 3455; x_wconf 86' lang='lat' dir='ltr'><strong>temporalis</strong></span> <span class='ocrx_word' id='word_1_484' title='bbox 1768 3385 1889 3441; x_wconf 90' lang='lat' dir='ltr'><strong>ideo</strong></span> 
     </span>
    </p>
   </div>
   <div class='ocr_carea' id='block_1_58' title="bbox 304 3474 1892 3545">
    <p class='ocr_par' dir='ltr' id='par_1_58' title="bbox 304 3474 1892 3545">
     <span class='ocr_line' id='line_1_58' title="bbox 304 3474 1892 3545; baseline -0.001 -14"><span class='ocrx_word' id='word_1_485' title='bbox 304 3486 535 3542; x_wconf 84' lang='lat' dir='ltr'><strong>tacetur,</strong></span> <span class='ocrx_word' id='word_1_486' title='bbox 570 3478 688 3545; x_wconf 81' lang='lat' dir='ltr'><strong>quia</strong></span> <span class='ocrx_word' id='word_1_487' title='bbox 713 3485 914 3530; x_wconf 64' lang='lat' dir='ltr'><strong>aeterna</strong></span> <span class='ocrx_word' id='word_1_488' title='bbox 947 3476 1268 3532; x_wconf 89' lang='lat' dir='ltr'><strong>meditantes</strong></span> <span class='ocrx_word' id='word_1_489' title='bbox 1301 3474 1619 3545; x_wconf 81' lang='lat' dir='ltr'><strong>transgressi</strong></span> <span class='ocrx_word' id='word_1_490' title='bbox 1647 3486 1770 3529; x_wconf 90' lang='lat' dir='ltr'><strong>sunt</strong></span> <span class='ocrx_word' id='word_1_491' title='bbox 1797 3476 1892 3529; x_wconf 79' lang='grc' dir='ltr'><strong>ἀε-</strong></span> 
     </span>
    </p>
   </div>
   <div class='ocr_carea' id='block_1_59' title="bbox 299 3566 1890 3639">
    <p class='ocr_par' dir='ltr' id='par_1_59' title="bbox 299 3566 1890 3639">
     <span class='ocr_line' id='line_1_59' title="bbox 299 3566 1890 3639; baseline -0.002 -18"><span class='ocrx_word' id='word_1_492' title='bbox 299 3568 492 3623; x_wconf 86' lang='lat' dir='ltr'><strong>sideria</strong></span> <span class='ocrx_word' id='word_1_493' title='bbox 526 3567 865 3639; x_wconf 83' lang='lat' dir='ltr'><strong>temporalia.</strong></span> <span class='ocrx_word' id='word_1_494' title='bbox 908 3566 1016 3623; x_wconf 85' lang='lat' dir='ltr'><strong>Sed</strong></span> <span class='ocrx_word' id='word_1_495' title='bbox 1050 3567 1179 3637; x_wconf 91' lang='lat' dir='ltr'><strong>quid</strong></span> <span class='ocrx_word' id='word_1_496' title='bbox 1211 3576 1293 3622; x_wconf 86' lang='lat' dir='ltr'><strong>est</strong></span> <span class='ocrx_word' id='word_1_497' title='bbox 1345 3567 1485 3635; x_wconf 88' lang='lat' dir='ltr'><strong>quod</strong></span> <span class='ocrx_word' id='word_1_498' title='bbox 1522 3566 1770 3620; x_wconf 87' lang='lat' dir='ltr'><strong>animalia</strong></span> <span class='ocrx_word' id='word_1_499' title='bbox 1804 3566 1890 3620; x_wconf 90' lang='lat' dir='ltr'><strong>illa</strong></span> 
     </span>
    </p>
   </div>
   <div class='ocr_carea' id='block_1_60' title="bbox 300 3659 1891 3728">
    <p class='ocr_par' dir='ltr' id='par_1_60' title="bbox 300 3659 1891 3728">
     <span class='ocr_line' id='line_1_60' title="bbox 300 3659 1891 3728; baseline -0.001 -14"><span class='ocrx_word' id='word_1_500' title='bbox 300 3663 394 3715; x_wconf 88' lang='lat' dir='ltr'><strong>tria</strong></span> <span class='ocrx_word' id='word_1_501' title='bbox 426 3661 739 3715; x_wconf 88' lang='lat' dir='ltr'><strong>dividuntur</strong></span> <span class='ocrx_word' id='word_1_502' title='bbox 774 3660 1032 3716; x_wconf 88' lang='lat' dir='ltr'><strong>adversus</strong></span> <span class='ocrx_word' id='word_1_503' title='bbox 1060 3676 1119 3716; x_wconf 92' lang='lat' dir='ltr'><strong>se</strong></span> <span class='ocrx_word' id='word_1_504' title='bbox 1152 3660 1380 3714; x_wconf 89' lang='lat' dir='ltr'><strong>invicem</strong></span> <span class='ocrx_word' id='word_1_505' title='bbox 1415 3659 1652 3728; x_wconf 88' lang='lat' dir='ltr'><strong>partibus</strong></span> <span class='ocrx_word' id='word_1_506' title='bbox 1680 3661 1891 3713; x_wconf 89' lang='lat' dir='ltr'><strong>consti-</strong></span> 
     </span>
    </p>
   </div>
   <div class='ocr_carea' id='block_1_61' title="bbox 302 3751 1892 3822">
    <p class='ocr_par' dir='ltr' id='par_1_61' title="bbox 302 3751 1892 3822">
     <span class='ocr_line' id='line_1_61' title="bbox 302 3751 1892 3822; baseline -0.002 -17"><span class='ocrx_word' id='word_1_507' title='bbox 302 3754 452 3820; x_wconf 88' lang='lat' dir='ltr'><strong>tutis,</strong></span> <span class='ocrx_word' id='word_1_508' title='bbox 487 3753 589 3808; x_wconf 89' lang='lat' dir='ltr'><strong>nisi</strong></span> <span class='ocrx_word' id='word_1_509' title='bbox 620 3752 759 3822; x_wconf 86' lang='lat' dir='ltr'><strong>quod</strong></span> <span class='ocrx_word' id='word_1_510' title='bbox 792 3753 1034 3807; x_wconf 86' lang='lat' dir='ltr'><strong>carnales</strong></span> <span class='ocrx_word' id='word_1_511' title='bbox 1066 3763 1117 3807; x_wconf 83' lang='lat' dir='ltr'><strong>ct</strong></span> <span class='ocrx_word' id='word_1_512' title='bbox 1146 3752 1195 3806; x_wconf 91' lang='lat' dir='ltr'><strong>in</strong></span> <span class='ocrx_word' id='word_1_513' title='bbox 1226 3751 1422 3822; x_wconf 91' lang='lat' dir='ltr'><strong>populo</strong></span> <span class='ocrx_word' id='word_1_514' title='bbox 1446 3752 1641 3817; x_wconf 89' lang='lat' dir='ltr'><strong>veteri,</strong></span> <span class='ocrx_word' id='word_1_515' title='bbox 1677 3760 1730 3806; x_wconf 91' lang='lat' dir='ltr'><strong>et</strong></span> <span class='ocrx_word' id='word_1_516' title='bbox 1754 3765 1892 3803; x_wconf 91' lang='lat' dir='ltr'><strong>nunc</strong></span> 
     </span>
    </p>
   </div>
   <div class='ocr_carea' id='block_1_62' title="bbox 304 3844 907 3899">
    <p class='ocr_par' dir='ltr' id='par_1_62' title="bbox 304 3844 907 3899">
     <span class='ocr_line' id='line_1_62' title="bbox 304 3844 907 3899; baseline -0.003 0"><span class='ocrx_word' id='word_1_517' title='bbox 304 3853 428 3899; x_wconf 78' lang='lat' dir='ltr'><strong>inter</strong></span> <span class='ocrx_word' id='word_1_518' title='bbox 466 3861 526 3899; x_wconf 91' lang='lat' dir='ltr'><strong>se</strong></span> <span class='ocrx_word' id='word_1_519' title='bbox 558 3844 907 3897; x_wconf 74' lang='lat' dir='ltr'><strong>dividuntur?</strong></span> 
     </span>
    </p>
   </div>
   <div class='ocr_carea' id='block_1_63' title="bbox 372 3931 1957 4001">
    <p class='ocr_par' dir='ltr' id='par_1_63' title="bbox 372 3931 1957 4001">
     <span class='ocr_line' id='line_1_63' title="bbox 372 3931 1957 4001; baseline -0.003 -13"><span class='ocrx_word' id='word_1_520' title='bbox 372 3938 424 3988; x_wconf 82' lang='lat'><strong>8.</strong></span> <span class='ocrx_word' id='word_1_521' title='bbox 457 3936 625 3989; x_wconf 78' lang='lat' dir='ltr'><strong>Porro</strong></span> <span class='ocrx_word' id='word_1_522' title='bbox 670 3950 795 3988; x_wconf 85' lang='lat' dir='ltr'><strong>aves</strong></span> <span class='ocrx_word' id='word_1_523' title='bbox 824 3934 1024 3988; x_wconf 86' lang='lat' dir='ltr'><strong>idcirco</strong></span> <span class='ocrx_word' id='word_1_524' title='bbox 1060 3950 1163 3987; x_wconf 84' lang='lat' dir='ltr'><strong>non</strong></span> <span class='ocrx_word' id='word_1_525' title='bbox 1206 3934 1538 3997; x_wconf 88' lang='lat' dir='ltr'><strong>dividuntur,</strong></span> <span class='ocrx_word' id='word_1_526' title='bbox 1563 3934 1685 4001; x_wconf 90' lang='lat' dir='ltr'><strong>quia</strong></span> <span class='ocrx_word' id='word_1_527' title='bbox 1729 3931 1891 4001; x_wconf 87' lang='lat' dir='ltr'><strong>spiri-</strong></span> <span class='ocrx_word' id='word_1_528' title='bbox 1934 3944 1957 3967; x_wconf 71' lang='grc' dir='ltr'>ι</span> 
     </span>
    </p>
   </div>
   <div class='ocr_carea' id='block_1_64' title="bbox 308 4023 1891 4091">
    <p class='ocr_par' dir='ltr' id='par_1_64' title="bbox 308 4023 1891 4091">
     <span class='ocr_line' id='line_1_64' title="bbox 308 4023 1891 4091; baseline -0.001 -15"><span class='ocrx_word' id='word_1_529' title='bbox 308 4030 470 4078; x_wconf 80' lang='lat' dir='ltr'><strong>tna&#39;es</strong></span> <span class='ocrx_word' id='word_1_530' title='bbox 502 4024 757 4077; x_wconf 86' lang='lat' dir='ltr'><strong>individui</strong></span> <span class='ocrx_word' id='word_1_531' title='bbox 785 4034 926 4078; x_wconf 90' lang='lat' dir='ltr'><strong>sunt.</strong></span> <span class='ocrx_word' id='word_1_532' title='bbox 961 4023 1207 4077; x_wconf 87' lang='lat' dir='ltr'><strong>Schisma</strong></span> <span class='ocrx_word' id='word_1_533' title='bbox 1239 4038 1341 4078; x_wconf 91' lang='lat' dir='ltr'><strong>non</strong></span> <span class='ocrx_word' id='word_1_534' title='bbox 1380 4024 1648 4091; x_wconf 79' lang='lat' dir='ltr'><strong>cogitant,</strong></span> <span class='ocrx_word' id='word_1_535' title='bbox 1679 4038 1781 4075; x_wconf 87' lang='lat' dir='ltr'><strong>u0n</strong></span> <span class='ocrx_word' id='word_1_536' title='bbox 1810 4036 1891 4074; x_wconf 85' lang='lat' dir='ltr'><strong>sc-</strong></span> 
     </span>
    </p>
   </div>
   <div class='ocr_carea' id='block_1_65' title="bbox 307 4113 1891 4182">
    <p class='ocr_par' dir='ltr' id='par_1_65' title="bbox 307 4113 1891 4182">
     <span class='ocr_line' id='line_1_65' title="bbox 307 4113 1891 4182; baseline -0.002 -14"><span class='ocrx_word' id='word_1_537' title='bbox 307 4116 570 4168; x_wconf 81' lang='lat' dir='ltr'><strong>dueuntur</strong></span> <span class='ocrx_word' id='word_1_538' title='bbox 602 4118 669 4165; x_wconf 89' lang='lat' dir='ltr'><strong>ab</strong></span> <span class='ocrx_word' id='word_1_539' title='bbox 703 4113 1001 4179; x_wconf 74' lang='lat' dir='ltr'><strong>hzereticis,</strong></span> <span class='ocrx_word' id='word_1_540' title='bbox 1025 4115 1116 4168; x_wconf 80' lang='lat' dir='ltr'><strong>sed</strong></span> <span class='ocrx_word' id='word_1_541' title='bbox 1145 4129 1245 4182; x_wconf 79' lang='lat' dir='ltr'><strong>pax</strong></span> <span class='ocrx_word' id='word_1_542' title='bbox 1292 4121 1376 4166; x_wconf 90' lang='lat' dir='ltr'><strong>est</strong></span> <span class='ocrx_word' id='word_1_543' title='bbox 1416 4128 1627 4181; x_wconf 86' lang='lat' dir='ltr'><strong>semper</strong></span> <span class='ocrx_word' id='word_1_544' title='bbox 1658 4113 1707 4165; x_wconf 89' lang='lat' dir='ltr'><strong>in</strong></span> <span class='ocrx_word' id='word_1_545' title='bbox 1740 4113 1891 4180; x_wconf 88' lang='lat' dir='ltr'><strong>ipsis.</strong></span> 
     </span>
    </p>
   </div>
   <div class='ocr_carea' id='block_1_66' title="bbox 307 4202 1895 4270">
    <p class='ocr_par' dir='ltr' id='par_1_66' title="bbox 307 4202 1895 4270">
     <span class='ocr_line' id='line_1_66' title="bbox 307 4202 1895 4270; baseline -0.004 -9"><span class='ocrx_word' id='word_1_546' title='bbox 307 4205 424 4261; x_wconf 86' lang='lat' dir='ltr'><strong>Sive</strong></span> <span class='ocrx_word' id='word_1_547' title='bbox 445 4222 474 4259; x_wconf 89' lang='lat' dir='ltr'><strong>a</strong></span> <span class='ocrx_word' id='word_1_548' title='bbox 505 4205 677 4260; x_wconf 88' lang='lat' dir='ltr'><strong>turbis</strong></span> <span class='ocrx_word' id='word_1_549' title='bbox 702 4218 760 4257; x_wconf 91' lang='lat' dir='ltr'><strong>se</strong></span> <span class='ocrx_word' id='word_1_550' title='bbox 793 4214 1122 4270; x_wconf 82' lang='lat' dir='ltr'><strong>removeam,</strong></span> <span class='ocrx_word' id='word_1_551' title='bbox 1154 4211 1209 4256; x_wconf 93' lang='lat' dir='ltr'><strong>ut</strong></span> <span class='ocrx_word' id='word_1_552' title='bbox 1235 4210 1430 4268; x_wconf 85' lang='lat' dir='ltr'><strong>turtur,</strong></span> <span class='ocrx_word' id='word_1_553' title='bbox 1465 4203 1577 4256; x_wconf 85' lang='lat' dir='ltr'><strong>sive</strong></span> <span class='ocrx_word' id='word_1_554' title='bbox 1609 4203 1746 4256; x_wconf 88' lang='lat' dir='ltr'><strong>inter</strong></span> <span class='ocrx_word' id='word_1_555' title='bbox 1778 4202 1895 4256; x_wconf 91' lang='lat' dir='ltr'><strong>illas</strong></span> 
     </span>
    </p>
   </div>
   <div class='ocr_carea' id='block_1_67' title="bbox 312 4293 1896 4360">
    <p class='ocr_par' dir='ltr' id='par_1_67' title="bbox 312 4293 1896 4360">
     <span class='ocr_line' id='line_1_67' title="bbox 312 4293 1896 4360; baseline -0.003 -9"><span class='ocrx_word' id='word_1_556' title='bbox 312 4307 719 4360; x_wconf 82' lang='lat' dir='ltr'><strong>eonversentur,</strong></span> <span class='ocrx_word' id='word_1_557' title='bbox 748 4296 889 4349; x_wconf 89' lang='lat' dir='ltr'><strong>sicut</strong></span> <span class='ocrx_word' id='word_1_558' title='bbox 910 4295 1154 4347; x_wconf 91' lang='lat' dir='ltr'><strong>columba</strong></span> <span class='ocrx_word' id='word_1_559' title='bbox 1179 4311 1191 4345; x_wconf 92' lang='lat'><strong>:</strong></span> <span class='ocrx_word' id='word_1_560' title='bbox 1220 4304 1442 4357; x_wconf 85' lang='lat' dir='ltr'><strong>utraque</strong></span> <span class='ocrx_word' id='word_1_561' title='bbox 1473 4301 1647 4347; x_wconf 77' lang='lat' dir='ltr'><strong>tamen</strong></span> <span class='ocrx_word' id='word_1_562' title='bbox 1679 4293 1791 4347; x_wconf 89' lang='lat' dir='ltr'><strong>avis</strong></span> <span class='ocrx_word' id='word_1_563' title='bbox 1814 4302 1896 4347; x_wconf 85' lang='lat' dir='ltr'><strong>est</strong></span> 
     </span>
    </p>
   </div>
   <div class='ocr_carea' id='block_1_68' title="bbox 309 4385 1895 4459">
    <p class='ocr_par' dir='ltr' id='par_1_68' title="bbox 309 4385 1895 4459">
     <span class='ocr_line' id='line_1_68' title="bbox 309 4385 1895 4459; baseline -0.003 -16"><span class='ocrx_word' id='word_1_564' title='bbox 309 4392 526 4459; x_wconf 79' lang='lat' dir='ltr'><strong>simplex</strong></span> <span class='ocrx_word' id='word_1_565' title='bbox 575 4398 631 4444; x_wconf 90' lang='lat' dir='ltr'><strong>et</strong></span> <span class='ocrx_word' id='word_1_566' title='bbox 680 4388 919 4443; x_wconf 80' lang='lat' dir='ltr'><strong>innoxia.</strong></span> <span class='ocrx_word' id='word_1_567' title='bbox 969 4386 1227 4441; x_wconf 82' lang='lat' dir='ltr'><strong>Volucres</strong></span> <span class='ocrx_word' id='word_1_568' title='bbox 1277 4395 1454 4440; x_wconf 89' lang='lat' dir='ltr'><strong>autem</strong></span> <span class='ocrx_word' id='word_1_569' title='bbox 1506 4385 1895 4439; x_wconf 87' lang='lat' dir='ltr'><strong>descendentes</strong></span> 
     </span>
    </p>
   </div>
   <div class='ocr_carea' id='block_1_69' title="bbox 313 4479 1893 4554">
    <p class='ocr_par' dir='ltr' id='par_1_69' title="bbox 313 4479 1893 4554">
     <span class='ocr_line' id='line_1_69' title="bbox 313 4479 1893 4554; baseline -0.004 -15"><span class='ocrx_word' id='word_1_570' title='bbox 313 4502 469 4554; x_wconf 88' lang='lat' dir='ltr'><strong>super</strong></span> <span class='ocrx_word' id='word_1_571' title='bbox 507 4500 735 4554; x_wconf 88' lang='lat' dir='ltr'><strong>corpora</strong></span> <span class='ocrx_word' id='word_1_572' title='bbox 758 4524 772 4550; x_wconf 95' lang='lat'><strong>,</strong></span> <span class='ocrx_word' id='word_1_573' title='bbox 796 4498 915 4553; x_wconf 75' lang='lat' dir='ltr'><strong>qua:</strong></span> <span class='ocrx_word' id='word_1_574' title='bbox 956 4481 1125 4535; x_wconf 83' lang='lat' dir='ltr'><strong>divisa</strong></span> <span class='ocrx_word' id='word_1_575' title='bbox 1172 4490 1357 4545; x_wconf 88' lang='lat' dir='ltr'><strong>erant,</strong></span> <span class='ocrx_word' id='word_1_576' title='bbox 1388 4479 1609 4546; x_wconf 85' lang='lat' dir='ltr'><strong>spiritus</strong></span> <span class='ocrx_word' id='word_1_577' title='bbox 1638 4480 1893 4533; x_wconf 89' lang='lat' dir='ltr'><strong>immundi</strong></span> 
     </span>
    </p>
   </div>
   <div class='ocr_carea' id='block_1_70' title="bbox 1995 3295 3573 3368">
    <p class='ocr_par' dir='ltr' id='par_1_70' title="bbox 1995 3295 3573 3368">
     <span class='ocr_line' id='line_1_70' title="bbox 1995 3295 3573 3368; baseline -0.006 -15"><span class='ocrx_word' id='word_1_578' title='bbox 1995 3299 2103 3354; x_wconf 82' lang='lat' dir='ltr'><strong>lilio</strong></span> <span class='ocrx_word' id='word_1_579' title='bbox 2123 3297 2512 3368; x_wconf 87' lang='lat' dir='ltr'><strong>promissionis,</strong></span> <span class='ocrx_word' id='word_1_580' title='bbox 2532 3312 2636 3367; x_wconf 91' lang='lat' dir='ltr'><strong>quo</strong></span> <span class='ocrx_word' id='word_1_581' title='bbox 2658 3296 2991 3366; x_wconf 86' lang='lat' dir='ltr'><strong>signiﬁcatur</strong></span> <span class='ocrx_word' id='word_1_582' title='bbox 3012 3295 3205 3365; x_wconf 85' lang='lat' dir='ltr'><strong>gratia,</strong></span> <span class='ocrx_word' id='word_1_583' title='bbox 3232 3309 3336 3347; x_wconf 91' lang='lat' dir='ltr'><strong>non</strong></span> <span class='ocrx_word' id='word_1_584' title='bbox 3360 3301 3573 3355; x_wconf 86' lang='lat' dir='ltr'><strong>natura,</strong></span> 
     </span>
    </p>
   </div>
   <div class='ocr_carea' id='block_1_71' title="bbox 1991 3381 3052 3465">
    <p class='ocr_par' dir='ltr' id='par_1_71' title="bbox 1991 3381 3052 3465">
     <span class='ocr_line' id='line_1_71' title="bbox 1991 3381 3052 3465; baseline -0.007 -16"><span class='ocrx_word' id='word_1_585' title='bbox 1991 3381 2115 3465; x_wconf 75' lang='lat' dir='ltr'><strong>quia</strong></span> <span class='ocrx_word' id='word_1_586' title='bbox 2144 3394 2210 3447; x_wconf 92' lang='lat' dir='ltr'><strong>de</strong></span> <span class='ocrx_word' id='word_1_587' title='bbox 2232 3407 2361 3447; x_wconf 81' lang='lat' dir='ltr'><strong>Sene</strong></span> <span class='ocrx_word' id='word_1_588' title='bbox 2384 3401 2532 3461; x_wconf 90' lang='lat' dir='ltr'><strong>patre</strong></span> <span class='ocrx_word' id='word_1_589' title='bbox 2556 3399 2613 3446; x_wconf 90' lang='lat' dir='ltr'><strong>et</strong></span> <span class='ocrx_word' id='word_1_590' title='bbox 2658 3391 2829 3447; x_wconf 89' lang='lat' dir='ltr'><strong>sterili</strong></span> <span class='ocrx_word' id='word_1_591' title='bbox 2861 3400 3052 3445; x_wconf 90' lang='lat' dir='ltr'><strong>matre.</strong></span> 
     </span>
    </p>
   </div>
   <div class='ocr_carea' id='block_1_72' title="bbox 2065 3476 3576 3554">
    <p class='ocr_par' dir='ltr' id='par_1_72' title="bbox 2065 3476 3576 3554">
     <span class='ocr_line' id='line_1_72' title="bbox 2065 3476 3576 3554; baseline -0.009 -14"><span class='ocrx_word' id='word_1_592' title='bbox 2065 3484 2227 3554; x_wconf 77' lang='lat'><strong>302</strong></span> <span class='ocrx_word' id='word_1_593' title='bbox 2246 3484 2300 3537; x_wconf 80' lang='grc'><strong>5.</strong></span> <span class='ocrx_word' id='word_1_594' title='bbox 2339 3482 2403 3536; x_wconf 83' lang='lat' dir='ltr'><strong>Et</strong></span> <span class='ocrx_word' id='word_1_595' title='bbox 2432 3481 2554 3551; x_wconf 87' lang='lat' dir='ltr'><strong>quia</strong></span> <span class='ocrx_word' id='word_1_596' title='bbox 2589 3482 2689 3536; x_wconf 91' lang='lat' dir='ltr'><strong>hoc</strong></span> <span class='ocrx_word' id='word_1_597' title='bbox 2721 3496 2826 3535; x_wconf 92' lang='lat' dir='ltr'><strong>non</strong></span> <span class='ocrx_word' id='word_1_598' title='bbox 2860 3493 2953 3547; x_wconf 90' lang='lat' dir='ltr'><strong>per</strong></span> <span class='ocrx_word' id='word_1_599' title='bbox 2980 3476 3406 3548; x_wconf 86' lang='lat' dir='ltr'><strong>generationem,</strong></span> <span class='ocrx_word' id='word_1_600' title='bbox 3457 3490 3576 3544; x_wconf 71' lang='lat' dir='ltr'><strong>qua:</strong></span> 
     </span>
    </p>
   </div>
   <div class='ocr_carea' id='block_1_73' title="bbox 1994 3567 3576 3640">
    <p class='ocr_par' dir='ltr' id='par_1_73' title="bbox 1994 3567 3576 3640">
     <span class='ocr_line' id='line_1_73' title="bbox 1994 3567 3576 3640; baseline -0.008 -11"><span class='ocrx_word' id='word_1_601' title='bbox 1994 3584 2077 3629; x_wconf 89' lang='lat' dir='ltr'><strong>est</strong></span> <span class='ocrx_word' id='word_1_602' title='bbox 2099 3576 2149 3628; x_wconf 90' lang='lat' dir='ltr'><strong>in</strong></span> <span class='ocrx_word' id='word_1_603' title='bbox 2182 3571 2428 3636; x_wconf 78' lang='lat' dir='ltr'><strong>Ismat-Ie,</strong></span> <span class='ocrx_word' id='word_1_604' title='bbox 2460 3571 2552 3625; x_wconf 91' lang='lat' dir='ltr'><strong>sed</strong></span> <span class='ocrx_word' id='word_1_605' title='bbox 2578 3585 2672 3639; x_wconf 91' lang='lat' dir='ltr'><strong>per</strong></span> <span class='ocrx_word' id='word_1_606' title='bbox 2694 3569 3155 3640; x_wconf 87' lang='lat' dir='ltr'><strong>regenerationem</strong></span> <span class='ocrx_word' id='word_1_607' title='bbox 3187 3567 3576 3627; x_wconf 82' lang='lat' dir='ltr'><strong>futurumerat,</strong></span> 
     </span>
    </p>
   </div>
   <div class='ocr_carea' id='block_1_74' title="bbox 1995 3658 3576 3733">
    <p class='ocr_par' dir='ltr' id='par_1_74' title="bbox 1995 3658 3576 3733">
     <span class='ocr_line' id='line_1_74' title="bbox 1995 3658 3576 3733; baseline -0.008 -12"><span class='ocrx_word' id='word_1_608' title='bbox 1995 3668 2116 3721; x_wconf 86' lang='lat' dir='ltr'><strong>ideo</strong></span> <span class='ocrx_word' id='word_1_609' title='bbox 2146 3666 2401 3733; x_wconf 85' lang='lat' dir='ltr'><strong>imperata</strong></span> <span class='ocrx_word' id='word_1_610' title='bbox 2430 3674 2514 3718; x_wconf 87' lang='lat' dir='ltr'><strong>est</strong></span> <span class='ocrx_word' id='word_1_611' title='bbox 2539 3664 2900 3730; x_wconf 88' lang='lat' dir='ltr'><strong>circumcisio,</strong></span> <span class='ocrx_word' id='word_1_612' title='bbox 2932 3662 3072 3730; x_wconf 91' lang='lat' dir='ltr'><strong>quod</strong></span> <span class='ocrx_word' id='word_1_613' title='bbox 3095 3661 3162 3715; x_wconf 90' lang='lat' dir='ltr'><strong>de</strong></span> <span class='ocrx_word' id='word_1_614' title='bbox 3192 3662 3321 3715; x_wconf 87' lang='lat' dir='ltr'><strong>Sara</strong></span> <span class='ocrx_word' id='word_1_615' title='bbox 3345 3658 3576 3728; x_wconf 81' lang='lat' dir='ltr'><strong>promit-</strong></span> 
     </span>
    </p>
   </div>
   <div class='ocr_carea' id='block_1_75' title="bbox 1998 3749 3577 3824">
    <p class='ocr_par' dir='ltr' id='par_1_75' title="bbox 1998 3749 3577 3824">
     <span class='ocr_line' id='line_1_75' title="bbox 1998 3749 3577 3824; baseline -0.009 -11"><span class='ocrx_word' id='word_1_616' title='bbox 1998 3758 2128 3813; x_wconf 89' lang='lat' dir='ltr'><strong>titur</strong></span> <span class='ocrx_word' id='word_1_617' title='bbox 2180 3755 2321 3808; x_wconf 85' lang='lat' dir='ltr'><strong>Iilius</strong></span> <span class='ocrx_word' id='word_1_618' title='bbox 2356 3755 2405 3806; x_wconf 91' lang='lat' dir='ltr'><strong>in</strong></span> <span class='ocrx_word' id='word_1_619' title='bbox 2461 3764 2590 3824; x_wconf 89' lang='lat' dir='ltr'><strong>typo</strong></span> <span class='ocrx_word' id='word_1_620' title='bbox 2642 3754 2919 3817; x_wconf 72' lang='lat' dir='ltr'><strong>Ecclesim,</strong></span> <span class='ocrx_word' id='word_1_621' title='bbox 2954 3767 3059 3807; x_wconf 93' lang='lat' dir='ltr'><strong>non</strong></span> <span class='ocrx_word' id='word_1_622' title='bbox 3102 3751 3315 3821; x_wconf 81' lang='lat' dir='ltr'><strong>quando</strong></span> <span class='ocrx_word' id='word_1_623' title='bbox 3369 3749 3577 3811; x_wconf 85' lang='lat' dir='ltr'><strong>Ismael,</strong></span> 
     </span>
    </p>
   </div>
   <div class='ocr_carea' id='block_1_76' title="bbox 1997 3842 3583 3917">
    <p class='ocr_par' dir='ltr' id='par_1_76' title="bbox 1997 3842 3583 3917">
     <span class='ocr_line' id='line_1_76' title="bbox 1997 3842 3583 3917; baseline -0.004 -17"><span class='ocrx_word' id='word_1_624' title='bbox 1997 3846 2086 3915; x_wconf 92' lang='lat' dir='ltr'><strong>qui</strong></span> <span class='ocrx_word' id='word_1_625' title='bbox 2121 3858 2303 3917; x_wconf 85' lang='lat' dir='ltr'><strong>typum</strong></span> <span class='ocrx_word' id='word_1_626' title='bbox 2334 3848 2471 3917; x_wconf 87' lang='lat' dir='ltr'><strong>gerit</strong></span> <span class='ocrx_word' id='word_1_627' title='bbox 2499 3845 2825 3899; x_wconf 66' lang='lat' dir='ltr'><strong>Judaeorum.</strong></span> <span class='ocrx_word' id='word_1_628' title='bbox 2852 3844 2987 3912; x_wconf 85' lang='lat' dir='ltr'><strong>Quid</strong></span> <span class='ocrx_word' id='word_1_629' title='bbox 3012 3844 3153 3898; x_wconf 89' lang='lat' dir='ltr'><strong>enim</strong></span> <span class='ocrx_word' id='word_1_630' title='bbox 3184 3843 3327 3896; x_wconf 90' lang='lat' dir='ltr'><strong>aliud</strong></span> <span class='ocrx_word' id='word_1_631' title='bbox 3350 3842 3583 3896; x_wconf 90' lang='lat' dir='ltr'><strong>circum-</strong></span> 
     </span>
    </p>
   </div>
   <div class='ocr_carea' id='block_1_77' title="bbox 1996 3935 3577 4007">
    <p class='ocr_par' dir='ltr' id='par_1_77' title="bbox 1996 3935 3577 4007">
     <span class='ocr_line' id='line_1_77' title="bbox 1996 3935 3577 4007; baseline -0.006 -13"><span class='ocrx_word' id='word_1_632' title='bbox 1996 3941 2132 3995; x_wconf 85' lang='lat' dir='ltr'><strong>cisio</strong></span> <span class='ocrx_word' id='word_1_633' title='bbox 2152 3938 2440 4007; x_wconf 85' lang='lat' dir='ltr'><strong>siguilicat,</strong></span> <span class='ocrx_word' id='word_1_634' title='bbox 2478 3938 2580 3993; x_wconf 89' lang='lat' dir='ltr'><strong>nisi</strong></span> <span class='ocrx_word' id='word_1_635' title='bbox 2616 3946 2922 3991; x_wconf 69' lang='lat' dir='ltr'><strong>renovatum</strong></span> <span class='ocrx_word' id='word_1_636' title='bbox 2956 3946 3196 3990; x_wconf 87' lang='lat' dir='ltr'><strong>naturam</strong></span> <span class='ocrx_word' id='word_1_637' title='bbox 3250 3950 3343 4003; x_wconf 90' lang='lat' dir='ltr'><strong>per</strong></span> <span class='ocrx_word' id='word_1_638' title='bbox 3375 3935 3577 4002; x_wconf 84' lang='lat' dir='ltr'><strong>baptis-</strong></span> 
     </span>
    </p>
   </div>
   <div class='ocr_carea' id='block_1_78' title="bbox 1998 4026 3577 4098">
    <p class='ocr_par' dir='ltr' id='par_1_78' title="bbox 1998 4026 3577 4098">
     <span class='ocr_line' id='line_1_78' title="bbox 1998 4026 3577 4098; baseline -0.006 -13"><span class='ocrx_word' id='word_1_639' title='bbox 1998 4047 2141 4085; x_wconf 90' lang='lat' dir='ltr'><strong>mum</strong></span> <span class='ocrx_word' id='word_1_640' title='bbox 2172 4037 2293 4098; x_wconf 79' lang='lat' dir='ltr'><strong>post</strong></span> <span class='ocrx_word' id='word_1_641' title='bbox 2335 4028 2752 4097; x_wconf 80' lang='lat' dir='ltr'><strong>expoliatiouem</strong></span> <span class='ocrx_word' id='word_1_642' title='bbox 2787 4028 2981 4083; x_wconf 85' lang='lat' dir='ltr'><strong>veteris</strong></span> <span class='ocrx_word' id='word_1_643' title='bbox 3027 4026 3306 4081; x_wconf 87' lang='lat' dir='ltr'><strong>hominis?</strong></span> <span class='ocrx_word' id='word_1_644' title='bbox 3359 4026 3422 4079; x_wconf 80' lang='lat' dir='ltr'><strong>Et</strong></span> <span class='ocrx_word' id='word_1_645' title='bbox 3449 4026 3577 4094; x_wconf 90' lang='lat' dir='ltr'><strong>qud</strong></span> 
     </span>
    </p>
   </div>
   <div class='ocr_carea' id='block_1_79' title="bbox 1998 4116 3577 4186">
    <p class='ocr_par' dir='ltr' id='par_1_79' title="bbox 1998 4116 3577 4186">
     <span class='ocr_line' id='line_1_79' title="bbox 1998 4116 3577 4186; baseline -0.004 -12"><span class='ocrx_word' id='word_1_646' title='bbox 1998 4132 2079 4176; x_wconf 84' lang='lat' dir='ltr'><strong>est</strong></span> <span class='ocrx_word' id='word_1_647' title='bbox 2132 4132 2353 4177; x_wconf 89' lang='lat' dir='ltr'><strong>octavus</strong></span> <span class='ocrx_word' id='word_1_648' title='bbox 2403 4122 2545 4186; x_wconf 74' lang='lat' dir='ltr'><strong>dies,</strong></span> <span class='ocrx_word' id='word_1_649' title='bbox 2598 4120 2701 4174; x_wconf 84' lang='lat' dir='ltr'><strong>nisi</strong></span> <span class='ocrx_word' id='word_1_650' title='bbox 2752 4119 3025 4183; x_wconf 68' lang='lat' dir='ltr'><strong>Christus,</strong></span> <span class='ocrx_word' id='word_1_651' title='bbox 3086 4118 3174 4186; x_wconf 86' lang='lat' dir='ltr'><strong>qui</strong></span> <span class='ocrx_word' id='word_1_652' title='bbox 3243 4116 3577 4171; x_wconf 21' lang='lat' dir='ltr'><strong>Itebdomatta</strong></span> 
     </span>
    </p>
   </div>
   <div class='ocr_carea' id='block_1_80' title="bbox 1998 4210 3378 4285">
    <p class='ocr_par' dir='ltr' id='par_1_80' title="bbox 1998 4210 3378 4285">
     <span class='ocr_line' id='line_1_80' title="bbox 1998 4210 3378 4285; baseline -0.005 -16"><span class='ocrx_word' id='word_1_653' title='bbox 1998 4218 2285 4285; x_wconf 87' lang='lat' dir='ltr'><strong>completa,</strong></span> <span class='ocrx_word' id='word_1_654' title='bbox 2318 4216 2420 4269; x_wconf 87' lang='lat' dir='ltr'><strong>hoc</strong></span> <span class='ocrx_word' id='word_1_655' title='bbox 2447 4222 2550 4281; x_wconf 90' lang='lat' dir='ltr'><strong>est,</strong></span> <span class='ocrx_word' id='word_1_656' title='bbox 2585 4222 2704 4283; x_wconf 78' lang='lat' dir='ltr'><strong>post.</strong></span> <span class='ocrx_word' id='word_1_657' title='bbox 2729 4213 3015 4268; x_wconf 87' lang='lat' dir='ltr'><strong>Sabbatutn</strong></span> <span class='ocrx_word' id='word_1_658' title='bbox 3045 4210 3378 4265; x_wconf 71' lang='lat' dir='ltr'><strong>resurrexit?</strong></span> 
     </span>
    </p>
   </div>
   <div class='ocr_carea' id='block_1_81' title="bbox 2070 4302 3587 4374">
    <p class='ocr_par' dir='ltr' id='par_1_81' title="bbox 2070 4302 3587 4374">
     <span class='ocr_line' id='line_1_81' title="bbox 2070 4302 3587 4374; baseline -0.005 -12"><span class='ocrx_word' id='word_1_659' title='bbox 2070 4308 2119 4362; x_wconf 73' lang='grc'><strong>4.</strong></span> <span class='ocrx_word' id='word_1_660' title='bbox 2155 4308 2308 4374; x_wconf 86' lang='lat' dir='ltr'><strong>Quod</strong></span> <span class='ocrx_word' id='word_1_661' title='bbox 2334 4322 2459 4362; x_wconf 82' lang='lat' dir='ltr'><strong>vero</strong></span> <span class='ocrx_word' id='word_1_662' title='bbox 2517 4322 2621 4361; x_wconf 93' lang='lat' dir='ltr'><strong>nou</strong></span> <span class='ocrx_word' id='word_1_663' title='bbox 2645 4308 2819 4361; x_wconf 90' lang='lat' dir='ltr'><strong>solum</strong></span> <span class='ocrx_word' id='word_1_664' title='bbox 2855 4304 3013 4367; x_wconf 90' lang='lat' dir='ltr'><strong>lilios,</strong></span> <span class='ocrx_word' id='word_1_665' title='bbox 3056 4302 3149 4357; x_wconf 87' lang='lat' dir='ltr'><strong>sed</strong></span> <span class='ocrx_word' id='word_1_666' title='bbox 3198 4312 3253 4357; x_wconf 90' lang='lat' dir='ltr'><strong>et</strong></span> <span class='ocrx_word' id='word_1_667' title='bbox 3283 4317 3488 4360; x_wconf 87' lang='lat' dir='ltr'><strong>servos.</strong></span> <span class='ocrx_word' id='word_1_668' title='bbox 3532 4312 3587 4355; x_wconf 85' lang='lat' dir='ltr'><strong>et</strong></span> 
     </span>
    </p>
   </div>
   <div class='ocr_carea' id='block_1_82' title="bbox 2002 4396 3579 4467">
    <p class='ocr_par' dir='ltr' id='par_1_82' title="bbox 2002 4396 3579 4467">
     <span class='ocr_line' id='line_1_82' title="bbox 2002 4396 3579 4467; baseline -0.006 -12"><span class='ocrx_word' id='word_1_669' title='bbox 2002 4403 2337 4467; x_wconf 84' lang='lat' dir='ltr'><strong>vernaculos,</strong></span> <span class='ocrx_word' id='word_1_670' title='bbox 2394 4410 2448 4455; x_wconf 91' lang='lat' dir='ltr'><strong>et</strong></span> <span class='ocrx_word' id='word_1_671' title='bbox 2496 4399 2790 4467; x_wconf 88' lang='lat' dir='ltr'><strong>emptitios,</strong></span> <span class='ocrx_word' id='word_1_672' title='bbox 2824 4396 3132 4450; x_wconf 86' lang='lat' dir='ltr'><strong>circumcidi</strong></span> <span class='ocrx_word' id='word_1_673' title='bbox 3190 4396 3462 4463; x_wconf 54' lang='lat' dir='ltr'><strong>praecepit,</strong></span> <span class='ocrx_word' id='word_1_674' title='bbox 3516 4396 3579 4446; x_wconf 86' lang='lat' dir='ltr'><strong>ad</strong></span> 
     </span>
    </p>
   </div>
   <div class='ocr_carea' id='block_1_83' title="bbox 2002 4488 3578 4565">
    <p class='ocr_par' dir='ltr' id='par_1_83' title="bbox 2002 4488 3578 4565">
     <span class='ocr_line' id='line_1_83' title="bbox 2002 4488 3578 4565; baseline -0.007 -17"><span class='ocrx_word' id='word_1_675' title='bbox 2002 4507 2190 4548; x_wconf 86' lang='lat' dir='ltr'><strong>omnes</strong></span> <span class='ocrx_word' id='word_1_676' title='bbox 2248 4495 2474 4565; x_wconf 89' lang='lat' dir='ltr'><strong>gratiam</strong></span> <span class='ocrx_word' id='word_1_677' title='bbox 2554 4491 2939 4559; x_wconf 84' lang='lat' dir='ltr'><strong>redemptionis</strong></span> <span class='ocrx_word' id='word_1_678' title='bbox 3001 4488 3270 4557; x_wconf 84' lang='lat' dir='ltr'><strong>pertinere</strong></span> <span class='ocrx_word' id='word_1_679' title='bbox 3336 4497 3578 4540; x_wconf 81' lang='lat' dir='ltr'><strong>testatur.</strong></span> 
     </span>
    </p>
   </div>
   <div class='ocr_carea' id='block_1_84' title="bbox 311 4571 1887 4643">
    <p class='ocr_par' dir='ltr' id='par_1_84' title="bbox 311 4571 1887 4643">
     <span class='ocr_line' id='line_1_84' title="bbox 311 4571 1887 4643; baseline 0.001 -18"><span class='ocrx_word' id='word_1_680' title='bbox 311 4576 699 4643; x_wconf 81' lang='lat' dir='ltr'><strong>signiﬁcantur,</strong></span> <span class='ocrx_word' id='word_1_681' title='bbox 747 4583 954 4641; x_wconf 87' lang='lat' dir='ltr'><strong>pastum</strong></span> <span class='ocrx_word' id='word_1_682' title='bbox 996 4571 1282 4641; x_wconf 86' lang='lat' dir='ltr'><strong>quemdam</strong></span> <span class='ocrx_word' id='word_1_683' title='bbox 1329 4585 1483 4625; x_wconf 87' lang='lat' dir='ltr'><strong>suum</strong></span> <span class='ocrx_word' id='word_1_684' title='bbox 1511 4571 1576 4627; x_wconf 91' lang='lat' dir='ltr'><strong>de</strong></span> <span class='ocrx_word' id='word_1_685' title='bbox 1605 4571 1887 4626; x_wconf 85' lang='lat' dir='ltr'><strong>carnalium</strong></span> 
     </span>
    </p>
   </div>
   <div class='ocr_carea' id='block_1_85' title="bbox 1990 4571 3583 4643">
    <p class='ocr_par' dir='ltr' id='par_1_85' title="bbox 2008 4580 3583 4643">
     <span class='ocr_line' id='line_1_85' title="bbox 2008 4580 3583 4643; baseline -0.005 -5"><span class='ocrx_word' id='word_1_686' title='bbox 2008 4585 2295 4638; x_wconf 86' lang='lat' dir='ltr'><strong>Parentum</strong></span> <span class='ocrx_word' id='word_1_687' title='bbox 2348 4593 2622 4638; x_wconf 85' lang='lat' dir='ltr'><strong>mutantur</strong></span> <span class='ocrx_word' id='word_1_688' title='bbox 2677 4582 2891 4635; x_wconf 89' lang='lat' dir='ltr'><strong>nomina</strong></span> <span class='ocrx_word' id='word_1_689' title='bbox 2925 4621 2939 4643; x_wconf 91' lang='lat'><strong>,</strong></span> <span class='ocrx_word' id='word_1_690' title='bbox 2991 4590 3046 4633; x_wconf 91' lang='lat' dir='ltr'><strong>ut</strong></span> <span class='ocrx_word' id='word_1_691' title='bbox 3100 4580 3275 4633; x_wconf 85' lang='lat' dir='ltr'><strong>omnia</strong></span> <span class='ocrx_word' id='word_1_692' title='bbox 3331 4587 3583 4632; x_wconf 86' lang='lat' dir='ltr'><strong>resonent</strong></span> 
     </span>
    </p>
   </div>
   <div class='ocr_carea' id='block_1_86' title="bbox 313 4666 927 4738">
    <p class='ocr_par' dir='ltr' id='par_1_86' title="bbox 313 4666 927 4738">
     <span class='ocr_line' id='line_1_86' title="bbox 313 4666 927 4738; baseline 0.007 -22"><span class='ocrx_word' id='word_1_693' title='bbox 313 4666 569 4723; x_wconf 85' lang='lat' dir='ltr'><strong>divisione</strong></span> <span class='ocrx_word' id='word_1_694' title='bbox 600 4676 927 4738; x_wconf 71' lang='lat' dir='ltr'><strong>quaerentes.</strong></span> 
     </span>
    </p>
   </div>
   <div class='ocr_carea' id='block_1_87' title="bbox 380 4755 1895 4827">
    <p class='ocr_par' dir='ltr' id='par_1_87' title="bbox 380 4755 1895 4827">
     <span class='ocr_line' id='line_1_87' title="bbox 380 4755 1895 4827; baseline -0.003 -14"><span class='ocrx_word' id='word_1_695' title='bbox 380 4760 433 4813; x_wconf 84' lang='lat'><strong>9.</strong></span> <span class='ocrx_word' id='word_1_696' title='bbox 465 4760 615 4827; x_wconf 88' lang='lat' dir='ltr'><strong>Quod</strong></span> <span class='ocrx_word' id='word_1_697' title='bbox 642 4768 820 4812; x_wconf 87' lang='lat' dir='ltr'><strong>autem</strong></span> <span class='ocrx_word' id='word_1_698' title='bbox 848 4758 955 4812; x_wconf 91' lang='lat' dir='ltr'><strong>illis</strong></span> <span class='ocrx_word' id='word_1_699' title='bbox 978 4756 1265 4811; x_wconf 88' lang='lat' dir='ltr'><strong>considens</strong></span> <span class='ocrx_word' id='word_1_700' title='bbox 1297 4755 1541 4825; x_wconf 86' lang='lat' dir='ltr'><strong>abigehat</strong></span> <span class='ocrx_word' id='word_1_701' title='bbox 1574 4755 1691 4810; x_wconf 89' lang='lat' dir='ltr'><strong>illas</strong></span> <span class='ocrx_word' id='word_1_702' title='bbox 1724 4758 1895 4810; x_wconf 86' lang='lat' dir='ltr'><strong>Abra-</strong></span> 
     </span>
    </p>
   </div>
   <div class='ocr_carea' id='block_1_88' title="bbox 318 4848 1902 4920">
    <p class='ocr_par' dir='ltr' id='par_1_88' title="bbox 318 4848 1902 4920">
     <span class='ocr_line' id='line_1_88' title="bbox 318 4848 1902 4920; baseline 0.004 -22"><span class='ocrx_word' id='word_1_703' title='bbox 318 4848 429 4900; x_wconf 82' lang='lat' dir='ltr'><strong>Iiam</strong></span> <span class='ocrx_word' id='word_1_704' title='bbox 452 4892 466 4913; x_wconf 87' lang='lat'><strong>,</strong></span> <span class='ocrx_word' id='word_1_705' title='bbox 495 4850 761 4920; x_wconf 78' lang='lat' dir='ltr'><strong>signiﬁcat</strong></span> <span class='ocrx_word' id='word_1_706' title='bbox 789 4849 949 4919; x_wconf 76' lang='lat'><strong>301</strong></span> <span class='ocrx_word' id='word_1_707' title='bbox 975 4848 1169 4902; x_wconf 89' lang='lat' dir='ltr'><strong>multos</strong></span> <span class='ocrx_word' id='word_1_708' title='bbox 1196 4848 1438 4901; x_wconf 82' lang='lat' dir='ltr'><strong>carnales</strong></span> <span class='ocrx_word' id='word_1_709' title='bbox 1468 4848 1659 4902; x_wconf 80' lang='lat' dir='ltr'><strong>merito</strong></span> <span class='ocrx_word' id='word_1_710' title='bbox 1689 4860 1902 4913; x_wconf 52' lang='lat' dir='ltr'><strong>sancto:</strong></span> 
     </span>
    </p>
   </div>
   <div class='ocr_carea' id='block_1_89' title="bbox 318 4939 1901 5008">
    <p class='ocr_par' dir='ltr' id='par_1_89' title="bbox 318 4939 1901 5008">
     <span class='ocr_line' id='line_1_89' title="bbox 318 4939 1901 5008; baseline 0.001 -17"><span class='ocrx_word' id='word_1_711' title='bbox 318 4957 427 4995; x_wconf 89' lang='lat' dir='ltr'><strong>rum</strong></span> <span class='ocrx_word' id='word_1_712' title='bbox 459 4944 510 4997; x_wconf 92' lang='lat' dir='ltr'><strong>in</strong></span> <span class='ocrx_word' id='word_1_713' title='bbox 536 4943 643 4997; x_wconf 91' lang='lat' dir='ltr'><strong>ﬁne</strong></span> <span class='ocrx_word' id='word_1_714' title='bbox 674 4942 853 4994; x_wconf 91' lang='lat' dir='ltr'><strong>tnundi</strong></span> <span class='ocrx_word' id='word_1_715' title='bbox 884 4942 950 4995; x_wconf 87' lang='lat' dir='ltr'><strong>ab</strong></span> <span class='ocrx_word' id='word_1_716' title='bbox 976 4940 1236 5008; x_wconf 82' lang='lat' dir='ltr'><strong>anguStiis</strong></span> <span class='ocrx_word' id='word_1_717' title='bbox 1284 4940 1608 4994; x_wconf 86' lang='lat' dir='ltr'><strong>liberandos.</strong></span> <span class='ocrx_word' id='word_1_718' title='bbox 1633 4939 1782 5007; x_wconf 89' lang='lat' dir='ltr'><strong>Quod</strong></span> <span class='ocrx_word' id='word_1_719' title='bbox 1806 4956 1901 4993; x_wconf 86' lang='lat' dir='ltr'><strong>an-</strong></span> 
     </span>
    </p>
   </div>
   <div class='ocr_carea' id='block_1_90' title="bbox 320 5030 1889 5105">
    <p class='ocr_par' dir='ltr' id='par_1_90' title="bbox 320 5030 1889 5105">
     <span class='ocr_line' id='line_1_90' title="bbox 320 5030 1889 5105; baseline 0.002 -24"><span class='ocrx_word' id='word_1_720' title='bbox 320 5037 422 5083; x_wconf 62' lang='lat' dir='ltr'><strong>tem</strong></span> <span class='ocrx_word' id='word_1_721' title='bbox 464 5034 603 5086; x_wconf 87' lang='lat' dir='ltr'><strong>circa</strong></span> <span class='ocrx_word' id='word_1_722' title='bbox 636 5031 766 5085; x_wconf 87' lang='lat' dir='ltr'><strong>solis</strong></span> <span class='ocrx_word' id='word_1_723' title='bbox 806 5045 1056 5085; x_wconf 86' lang='lat' dir='ltr'><strong>occasum</strong></span> <span class='ocrx_word' id='word_1_724' title='bbox 1091 5045 1257 5105; x_wconf 84' lang='lat' dir='ltr'><strong>pavor</strong></span> <span class='ocrx_word' id='word_1_725' title='bbox 1302 5031 1455 5085; x_wconf 90' lang='lat' dir='ltr'><strong>irruit</strong></span> <span class='ocrx_word' id='word_1_726' title='bbox 1496 5030 1547 5084; x_wconf 93' lang='lat' dir='ltr'><strong>in</strong></span> <span class='ocrx_word' id='word_1_727' title='bbox 1579 5031 1889 5097; x_wconf 84' lang='lat' dir='ltr'><strong>Abraham,</strong></span> 
     </span>
    </p>
   </div>
   <div class='ocr_carea' id='block_1_91' title="bbox 321 5121 1896 5192">
    <p class='ocr_par' dir='ltr' id='par_1_91' title="bbox 321 5121 1896 5192">
     <span class='ocr_line' id='line_1_91' title="bbox 321 5121 1896 5192; baseline 0.001 -20"><span class='ocrx_word' id='word_1_728' title='bbox 321 5130 371 5173; x_wconf 83' lang='lat' dir='ltr'><strong>et</strong></span> <span class='ocrx_word' id='word_1_729' title='bbox 392 5121 577 5177; x_wconf 88' lang='lat' dir='ltr'><strong>horror</strong></span> <span class='ocrx_word' id='word_1_730' title='bbox 621 5137 844 5192; x_wconf 83' lang='lat' dir='ltr'><strong>magnus</strong></span> <span class='ocrx_word' id='word_1_731' title='bbox 865 5161 879 5187; x_wconf 94' lang='lat'><strong>,</strong></span> <span class='ocrx_word' id='word_1_732' title='bbox 910 5131 965 5176; x_wconf 91' lang='lat' dir='ltr'><strong>et</strong></span> <span class='ocrx_word' id='word_1_733' title='bbox 998 5122 1312 5177; x_wconf 88' lang='lat' dir='ltr'><strong>tenebrosus</strong></span> <span class='ocrx_word' id='word_1_734' title='bbox 1332 5161 1349 5185; x_wconf 90' lang='lat'><strong>,</strong></span> <span class='ocrx_word' id='word_1_735' title='bbox 1389 5121 1721 5190; x_wconf 85' lang='lat' dir='ltr'><strong>signiﬁcabat</strong></span> <span class='ocrx_word' id='word_1_736' title='bbox 1753 5123 1896 5176; x_wconf 89' lang='lat' dir='ltr'><strong>circa</strong></span> 
     </span>
    </p>
   </div>
   <div class='ocr_carea' id='block_1_92' title="bbox 326 5211 1901 5285">
    <p class='ocr_par' dir='ltr' id='par_1_92' title="bbox 326 5211 1901 5285">
     <span class='ocr_line' id='line_1_92' title="bbox 326 5211 1901 5285; baseline 0.001 -22"><span class='ocrx_word' id='word_1_737' title='bbox 326 5211 473 5280; x_wconf 75' lang='lat' dir='ltr'><strong>hujus</strong></span> <span class='ocrx_word' id='word_1_738' title='bbox 501 5213 682 5269; x_wconf 72' lang='lat' dir='ltr'><strong>smculi</strong></span> <span class='ocrx_word' id='word_1_739' title='bbox 717 5217 872 5269; x_wconf 86' lang='lat' dir='ltr'><strong>tinem</strong></span> <span class='ocrx_word' id='word_1_740' title='bbox 904 5228 1146 5285; x_wconf 82' lang='lat' dir='ltr'><strong>magnam</strong></span> <span class='ocrx_word' id='word_1_741' title='bbox 1181 5213 1638 5282; x_wconf 89' lang='lat' dir='ltr'><strong>perturbationem</strong></span> <span class='ocrx_word' id='word_1_742' title='bbox 1661 5214 1728 5268; x_wconf 90' lang='lat' dir='ltr'><strong>ab</strong></span> <span class='ocrx_word' id='word_1_743' title='bbox 1752 5215 1901 5268; x_wconf 82' lang='lat' dir='ltr'><strong>Anti-</strong></span> 
     </span>
    </p>
   </div>
   <div class='ocr_carea' id='block_1_93' title="bbox 325 5305 1899 5376">
    <p class='ocr_par' dir='ltr' id='par_1_93' title="bbox 325 5305 1899 5376">
     <span class='ocr_line' id='line_1_93' title="bbox 325 5305 1899 5376; baseline 0.002 -18"><span class='ocrx_word' id='word_1_744' title='bbox 325 5306 516 5359; x_wconf 68' lang='lat' dir='ltr'><strong>cltristo</strong></span> <span class='ocrx_word' id='word_1_745' title='bbox 546 5307 596 5360; x_wconf 89' lang='lat' dir='ltr'><strong>in</strong></span> <span class='ocrx_word' id='word_1_746' title='bbox 646 5309 846 5361; x_wconf 85' lang='lat' dir='ltr'><strong>sanctis</strong></span> <span class='ocrx_word' id='word_1_747' title='bbox 878 5306 1129 5359; x_wconf 77' lang='lat' dir='ltr'><strong>futuram.</strong></span> <span class='ocrx_word' id='word_1_748' title='bbox 1168 5307 1242 5360; x_wconf 85' lang='lat' dir='ltr'><strong>De</strong></span> <span class='ocrx_word' id='word_1_749' title='bbox 1264 5321 1367 5376; x_wconf 88' lang='lat' dir='ltr'><strong>qua</strong></span> <span class='ocrx_word' id='word_1_750' title='bbox 1398 5305 1526 5359; x_wconf 83' lang='lat' dir='ltr'><strong>dicit</strong></span> <span class='ocrx_word' id='word_1_751' title='bbox 1557 5306 1812 5361; x_wconf 89' lang='lat' dir='ltr'><strong>Dominus</strong></span> <span class='ocrx_word' id='word_1_752' title='bbox 1847 5307 1899 5361; x_wconf 92' lang='lat' dir='ltr'><strong>in</strong></span> 
     </span>
    </p>
   </div>
   <div class='ocr_carea' id='block_1_94' title="bbox 391 5398 1901 5471">
    <p class='ocr_par' dir='ltr' id='par_1_94' title="bbox 391 5398 1901 5471">
     <span class='ocr_line' id='line_1_94' title="bbox 391 5398 1901 5471; baseline -0.001 -19"><span class='ocrx_word' id='word_1_753' title='bbox 391 5399 441 5452; x_wconf 84' lang='lat'><strong>6.</strong></span> <span class='ocrx_word' id='word_1_754' title='bbox 467 5398 811 5471; x_wconf 13' lang='lat' dir='ltr'><strong>Perrcaccam,</strong></span> <span class='ocrx_word' id='word_1_755' title='bbox 825 5414 995 5471; x_wconf 78' lang='lat' dir='ltr'><strong>usque</strong></span> <span class='ocrx_word' id='word_1_756' title='bbox 1012 5400 1079 5471; x_wconf 77' lang='lat' dir='ltr'><strong>ad</strong></span> <span class='ocrx_word' id='word_1_757' title='bbox 1102 5398 1316 5453; x_wconf 75' lang='lat' dir='ltr'><strong>Abraha:</strong></span> <span class='ocrx_word' id='word_1_758' title='bbox 1335 5399 1720 5469; x_wconf 81' lang='lat' dir='ltr'><strong>promittuntur,</strong></span> <span class='ocrx_word' id='word_1_759' title='bbox 1741 5399 1901 5471; x_wconf 85' lang='lat' dir='ltr'><strong>Aug.,</strong></span> 
     </span>
    </p>
   </div>
   <div class='ocr_carea' id='block_1_95' title="bbox 336 5467 1237 5532">
    <p class='ocr_par' dir='ltr' id='par_1_95' title="bbox 336 5467 1237 5532">
     <span class='ocr_line' id='line_1_95' title="bbox 336 5467 1237 5532; baseline 0.004 -14"><span class='ocrx_word' id='word_1_760' title='bbox 336 5468 419 5519; x_wconf 85' lang='lat' dir='ltr'><strong>lib.</strong></span> <span class='ocrx_word' id='word_1_761' title='bbox 443 5485 524 5521; x_wconf 75' lang='lat' dir='ltr'><strong>svi</strong></span> <span class='ocrx_word' id='word_1_762' title='bbox 552 5470 618 5521; x_wconf 90' lang='lat' dir='ltr'><strong>de</strong></span> <span class='ocrx_word' id='word_1_763' title='bbox 647 5469 823 5532; x_wconf 87' lang='lat' dir='ltr'><strong>Civit.,</strong></span> <span class='ocrx_word' id='word_1_764' title='bbox 848 5484 898 5522; x_wconf 88' lang='lat' dir='ltr'><strong>c.</strong></span> <span class='ocrx_word' id='word_1_765' title='bbox 926 5467 1017 5522; x_wconf 70' lang='grc'><strong>24.</strong></span> <span class='ocrx_word' id='word_1_766' title='bbox 1048 5470 1237 5525; x_wconf 67' lang='grc' dir='ltr'><strong>ΟκιΑι..</strong></span> 
     </span>
    </p>
   </div>
   <div class='ocr_carea' id='block_1_96' title="bbox 394 5539 1896 5607">
    <p class='ocr_par' dir='ltr' id='par_1_96' title="bbox 394 5539 1896 5607">
     <span class='ocr_line' id='line_1_96' title="bbox 394 5539 1896 5607; baseline 0 -15"><span class='ocrx_word' id='word_1_767' title='bbox 394 5539 443 5592; x_wconf 82' lang='grc'><strong>9.</strong></span> <span class='ocrx_word' id='word_1_768' title='bbox 471 5540 741 5607; x_wconf 83' lang='lat' dir='ltr'><strong>Signiﬁcat</strong></span> <span class='ocrx_word' id='word_1_769' title='bbox 764 5540 970 5591; x_wconf 87' lang='lat' dir='ltr'><strong>multos.</strong></span> <span class='ocrx_word' id='word_1_770' title='bbox 1001 5540 1070 5593; x_wconf 84' lang='lat' dir='ltr'><strong>Ita</strong></span> <span class='ocrx_word' id='word_1_771' title='bbox 1118 5539 1461 5606; x_wconf 79' lang='lat' dir='ltr'><strong>Illannscripti</strong></span> <span class='ocrx_word' id='word_1_772' title='bbox 1510 5553 1699 5593; x_wconf 86' lang='lat' dir='ltr'><strong>omnes</strong></span> <span class='ocrx_word' id='word_1_773' title='bbox 1729 5549 1896 5594; x_wconf 90' lang='lat' dir='ltr'><strong>recte.</strong></span> 
     </span>
    </p>
   </div>
   <div class='ocr_carea' id='block_1_97' title="bbox 332 5608 1907 5678">
    <p class='ocr_par' dir='ltr' id='par_1_97' title="bbox 332 5608 1907 5678">
     <span class='ocr_line' id='line_1_97' title="bbox 332 5608 1907 5678; baseline 0 -17"><span class='ocrx_word' id='word_1_774' title='bbox 332 5610 574 5676; x_wconf 56' lang='lat' dir='ltr'><strong>August:</strong></span> <span class='ocrx_word' id='word_1_775' title='bbox 611 5609 763 5675; x_wconf 80' lang='lat' dir='ltr'><strong>Quod</strong></span> <span class='ocrx_word' id='word_1_776' title='bbox 819 5620 987 5662; x_wconf 85' lang='lat' dir='ltr'><strong>autem</strong></span> <span class='ocrx_word' id='word_1_777' title='bbox 1023 5609 1129 5663; x_wconf 81' lang='lat' dir='ltr'><strong>illis</strong></span> <span class='ocrx_word' id='word_1_778' title='bbox 1164 5610 1391 5664; x_wconf 83' lang='lat' dir='ltr'><strong>consedit</strong></span> <span class='ocrx_word' id='word_1_779' title='bbox 1439 5608 1717 5673; x_wconf 81' lang='lat' dir='ltr'><strong>Abraham,</strong></span> <span class='ocrx_word' id='word_1_780' title='bbox 1748 5611 1907 5678; x_wconf 85' lang='lat' dir='ltr'><strong>signi-</strong></span> 
     </span>
    </p>
   </div>
   <div class='ocr_carea' id='block_1_98' title="bbox 336 5679 1905 5748">
    <p class='ocr_par' dir='ltr' id='par_1_98' title="bbox 336 5679 1905 5748">
     <span class='ocr_line' id='line_1_98' title="bbox 336 5679 1905 5748; baseline 0.003 -19"><span class='ocrx_word' id='word_1_781' title='bbox 336 5679 443 5739; x_wconf 71' lang='lat' dir='ltr'><strong>ﬁcat</strong></span> <span class='ocrx_word' id='word_1_782' title='bbox 462 5682 612 5733; x_wconf 83' lang='lat' dir='ltr'><strong>etiam</strong></span> <span class='ocrx_word' id='word_1_783' title='bbox 646 5681 778 5732; x_wconf 83' lang='lat' dir='ltr'><strong>inter</strong></span> <span class='ocrx_word' id='word_1_784' title='bbox 807 5679 929 5733; x_wconf 73' lang='lat' dir='ltr'><strong>illas</strong></span> <span class='ocrx_word' id='word_1_785' title='bbox 960 5680 1243 5733; x_wconf 84' lang='lat' dir='ltr'><strong>carnalium</strong></span> <span class='ocrx_word' id='word_1_786' title='bbox 1267 5680 1538 5735; x_wconf 81' lang='lat' dir='ltr'><strong>divisiones</strong></span> <span class='ocrx_word' id='word_1_787' title='bbox 1566 5695 1710 5733; x_wconf 85' lang='lat' dir='ltr'><strong>veros</strong></span> <span class='ocrx_word' id='word_1_788' title='bbox 1747 5696 1905 5748; x_wconf 86' lang='lat' dir='ltr'><strong>usque</strong></span> 
     </span>
    </p>
   </div>
   <div class='ocr_carea' id='block_1_99' title="bbox 336 5748 1901 5824">
    <p class='ocr_par' dir='ltr' id='par_1_99' title="bbox 336 5748 1901 5824">
     <span class='ocr_line' id='line_1_99' title="bbox 336 5748 1901 5824; baseline 0.004 -26"><span class='ocrx_word' id='word_1_789' title='bbox 336 5748 383 5824; x_wconf 65' lang='lat' dir='ltr'><strong>in</strong></span> <span class='ocrx_word' id='word_1_790' title='bbox 419 5750 770 5824; x_wconf 71' lang='lat' dir='ltr'><strong>ﬁnemsrccnli</strong></span> <span class='ocrx_word' id='word_1_791' title='bbox 816 5759 1221 5824; x_wconf 54' lang='lat' dir='ltr'><strong>pirseveraluros</strong></span> <span class='ocrx_word' id='word_1_792' title='bbox 1263 5752 1459 5821; x_wconf 76' lang='lat' dir='ltr'><strong>ﬁdeles.</strong></span> <span class='ocrx_word' id='word_1_793' title='bbox 1494 5750 1746 5806; x_wconf 80' lang='lat' dir='ltr'><strong>Mcndose</strong></span> <span class='ocrx_word' id='word_1_794' title='bbox 1776 5765 1901 5821; x_wconf 82' lang='lat' dir='ltr'><strong>ergo</strong></span> 
     </span>
    </p>
   </div>
   <div class='ocr_carea' id='block_1_100' title="bbox 340 5819 1062 5875">
    <p class='ocr_par' dir='ltr' id='par_1_100' title="bbox 340 5819 1062 5875">
     <span class='ocr_line' id='line_1_100' title="bbox 340 5819 1062 5875; baseline 0.004 -5"><span class='ocrx_word' id='word_1_795' title='bbox 340 5819 395 5870; x_wconf 72' lang='lat' dir='ltr'><strong>in</strong></span> <span class='ocrx_word' id='word_1_796' title='bbox 417 5819 632 5874; x_wconf 72' lang='lat' dir='ltr'><strong>Escusis</strong></span> <span class='ocrx_word' id='word_1_797' title='bbox 656 5821 840 5875; x_wconf 82' lang='lat' dir='ltr'><strong>nullos.</strong></span> <span class='ocrx_word' id='word_1_798' title='bbox 872 5819 1062 5874; x_wconf 71' lang='lat' dir='ltr'><strong>GMAL.</strong></span> 
     </span>
    </p>
   </div>
   <div class='ocr_carea' id='block_1_101' title="bbox 2004 4669 3581 4742">
    <p class='ocr_par' dir='ltr' id='par_1_101' title="bbox 2004 4669 3581 4742">
     <span class='ocr_line' id='line_1_101' title="bbox 2004 4669 3581 4742; baseline -0.006 -12"><span class='ocrx_word' id='word_1_799' title='bbox 2004 4676 2316 4731; x_wconf 87' lang='lat' dir='ltr'><strong>n0vitatem.</strong></span> <span class='ocrx_word' id='word_1_800' title='bbox 2369 4676 2498 4730; x_wconf 84' lang='lat' dir='ltr'><strong>Nam</strong></span> <span class='ocrx_word' id='word_1_801' title='bbox 2560 4676 2792 4737; x_wconf 82' lang='lat' dir='ltr'><strong>Abram,</strong></span> <span class='ocrx_word' id='word_1_802' title='bbox 2856 4672 2999 4742; x_wconf 91' lang='lat' dir='ltr'><strong>quod</strong></span> <span class='ocrx_word' id='word_1_803' title='bbox 3045 4681 3202 4725; x_wconf 87' lang='lat' dir='ltr'><strong>antea</strong></span> <span class='ocrx_word' id='word_1_804' title='bbox 3256 4669 3581 4731; x_wconf 79' lang='lat' dir='ltr'><strong>vorabatur,</strong></span> 
     </span>
    </p>
   </div>
   <div class='ocr_carea' id='block_1_102' title="bbox 2004 4759 3582 4834">
    <p class='ocr_par' dir='ltr' id='par_1_102' title="bbox 2004 4759 3582 4834">
     <span class='ocr_line' id='line_1_102' title="bbox 2004 4759 3582 4834; baseline -0.008 -15"><span class='ocrx_word' id='word_1_805' title='bbox 2004 4766 2385 4833; x_wconf 86' lang='lat' dir='ltr'><strong>interpretatur</strong></span> <span class='ocrx_word' id='word_1_806' title='bbox 2412 4774 2555 4834; x_wconf 82' lang='lat' dir='ltr'><strong>pater</strong></span> <span class='ocrx_word' id='word_1_807' title='bbox 2577 4765 2824 4817; x_wconf 78' lang='lat' dir='ltr'><strong>excelsus.</strong></span> <span class='ocrx_word' id='word_1_808' title='bbox 2887 4759 3157 4817; x_wconf 86' lang='lat' dir='ltr'><strong>Abraham</strong></span> <span class='ocrx_word' id='word_1_809' title='bbox 3210 4769 3389 4813; x_wconf 87' lang='lat' dir='ltr'><strong>autem</strong></span> <span class='ocrx_word' id='word_1_810' title='bbox 3438 4769 3582 4827; x_wconf 82' lang='lat' dir='ltr'><strong>pater</strong></span> 
     </span>
    </p>
   </div>
   <div class='ocr_carea' id='block_1_103' title="bbox 2004 4849 3587 4924">
    <p class='ocr_par' dir='ltr' id='par_1_103' title="bbox 2004 4849 3587 4924">
     <span class='ocr_line' id='line_1_103' title="bbox 2004 4849 3587 4924; baseline -0.004 -16"><span class='ocrx_word' id='word_1_811' title='bbox 2004 4856 2284 4909; x_wconf 85' lang='lat' dir='ltr'><strong>multarunt</strong></span> <span class='ocrx_word' id='word_1_812' title='bbox 2339 4857 2606 4924; x_wconf 85' lang='lat' dir='ltr'><strong>gentium,</strong></span> <span class='ocrx_word' id='word_1_813' title='bbox 2677 4868 2784 4921; x_wconf 88' lang='lat' dir='ltr'><strong>quo</strong></span> <span class='ocrx_word' id='word_1_814' title='bbox 2849 4851 3071 4905; x_wconf 87' lang='lat' dir='ltr'><strong>nomine</strong></span> <span class='ocrx_word' id='word_1_815' title='bbox 3127 4849 3587 4918; x_wconf 66' lang='lat' dir='ltr'><strong>praenuntiabatur</strong></span> 
     </span>
    </p>
   </div>
   <div class='ocr_carea' id='block_1_104' title="bbox 2002 4944 3513 5017">
    <p class='ocr_par' dir='ltr' id='par_1_104' title="bbox 2002 4944 3513 5017">
     <span class='ocr_line' id='line_1_104' title="bbox 2002 4944 3513 5017; baseline -0.005 -16"><span class='ocrx_word' id='word_1_816' title='bbox 2002 4947 2143 5017; x_wconf 92' lang='lat' dir='ltr'><strong>quod</strong></span> <span class='ocrx_word' id='word_1_817' title='bbox 2170 4947 2350 5002; x_wconf 63' lang='lat' dir='ltr'><strong>multa:</strong></span> <span class='ocrx_word' id='word_1_818' title='bbox 2377 4956 2563 5016; x_wconf 81' lang='lat' dir='ltr'><strong>gentes</strong></span> <span class='ocrx_word' id='word_1_819' title='bbox 2596 4946 2718 5001; x_wconf 88' lang='lat' dir='ltr'><strong>ﬁdei</strong></span> <span class='ocrx_word' id='word_1_820' title='bbox 2751 4944 2866 5013; x_wconf 86' lang='lat' dir='ltr'><strong>ejus</strong></span> <span class='ocrx_word' id='word_1_821' title='bbox 2896 4945 3113 5011; x_wconf 83' lang='lat' dir='ltr'><strong>vestigia</strong></span> <span class='ocrx_word' id='word_1_822' title='bbox 3136 4953 3513 5011; x_wconf 77' lang='lat' dir='ltr'><strong>sequerentur.</strong></span> 
     </span>
    </p>
   </div>
   <div class='ocr_carea' id='block_1_105' title="bbox 2078 5032 3591 5107">
    <p class='ocr_par' dir='ltr' id='par_1_105' title="bbox 2078 5032 3591 5107">
     <span class='ocr_line' id='line_1_105' title="bbox 2078 5032 3591 5107; baseline -0.004 -16"><span class='ocrx_word' id='word_1_823' title='bbox 2078 5038 2132 5091; x_wconf 83' lang='lat'><strong>5.</strong></span> <span class='ocrx_word' id='word_1_824' title='bbox 2169 5038 2298 5092; x_wconf 90' lang='lat' dir='ltr'><strong>Illud</strong></span> <span class='ocrx_word' id='word_1_825' title='bbox 2323 5048 2500 5093; x_wconf 89' lang='lat' dir='ltr'><strong>autem</strong></span> <span class='ocrx_word' id='word_1_826' title='bbox 2525 5037 2649 5107; x_wconf 89' lang='lat' dir='ltr'><strong>quid</strong></span> <span class='ocrx_word' id='word_1_827' title='bbox 2674 5037 2773 5102; x_wconf 89' lang='lat' dir='ltr'><strong>sit,</strong></span> <span class='ocrx_word' id='word_1_828' title='bbox 2794 5034 2935 5105; x_wconf 89' lang='lat' dir='ltr'><strong>quod</strong></span> <span class='ocrx_word' id='word_1_829' title='bbox 2959 5035 3158 5089; x_wconf 89' lang='lat' dir='ltr'><strong>dictum</strong></span> <span class='ocrx_word' id='word_1_830' title='bbox 3180 5042 3295 5088; x_wconf 88' lang='lat' dir='ltr'><strong>est:</strong></span> <span class='ocrx_word' id='word_1_831' title='bbox 3327 5032 3591 5087; x_wconf 76' lang='lat' dir='ltr'><strong>Masculus</strong></span> 
     </span>
    </p>
   </div>
   <div class='ocr_carea' id='block_1_106' title="bbox 2008 5124 3591 5194">
    <p class='ocr_par' dir='ltr' id='par_1_106' title="bbox 2008 5124 3591 5194">
     <span class='ocr_line' id='line_1_106' title="bbox 2008 5124 3591 5194; baseline -0.003 -12"><span class='ocrx_word' id='word_1_832' title='bbox 2008 5131 2095 5194; x_wconf 85' lang='lat' dir='ltr'><strong>qui</strong></span> <span class='ocrx_word' id='word_1_833' title='bbox 2124 5145 2225 5182; x_wconf 88' lang='lat' dir='ltr'><strong>non</strong></span> <span class='ocrx_word' id='word_1_834' title='bbox 2251 5129 2643 5183; x_wconf 68' lang='lat' dir='ltr'><strong>circumsidetur</strong></span> <span class='ocrx_word' id='word_1_835' title='bbox 2670 5137 2848 5180; x_wconf 82' lang='lat' dir='ltr'><strong>octava</strong></span> <span class='ocrx_word' id='word_1_836' title='bbox 2869 5127 2981 5190; x_wconf 89' lang='lat' dir='ltr'><strong>die,</strong></span> <span class='ocrx_word' id='word_1_837' title='bbox 3017 5126 3195 5193; x_wconf 86' lang='lat' dir='ltr'><strong>peribit</strong></span> <span class='ocrx_word' id='word_1_838' title='bbox 3218 5126 3391 5178; x_wconf 88' lang='lat' dir='ltr'><strong>anima</strong></span> <span class='ocrx_word' id='word_1_839' title='bbox 3411 5124 3503 5178; x_wconf 81' lang='lat' dir='ltr'><strong>illa</strong></span> <span class='ocrx_word' id='word_1_840' title='bbox 3525 5125 3591 5178; x_wconf 85' lang='lat' dir='ltr'><strong>de</strong></span> 
     </span>
    </p>
   </div>
   <div class='ocr_carea' id='block_1_107' title="bbox 2008 5212 3592 5290">
    <p class='ocr_par' dir='ltr' id='par_1_107' title="bbox 2008 5212 3592 5290">
     <span class='ocr_line' id='line_1_107' title="bbox 2008 5212 3592 5290; baseline -0.002 -18"><span class='ocrx_word' id='word_1_841' title='bbox 2008 5221 2198 5290; x_wconf 84' lang='lat' dir='ltr'><strong>populo</strong></span> <span class='ocrx_word' id='word_1_842' title='bbox 2244 5237 2358 5288; x_wconf 84' lang='lat' dir='ltr'><strong>suo,</strong></span> <span class='ocrx_word' id='word_1_843' title='bbox 2409 5222 2531 5289; x_wconf 83' lang='lat' dir='ltr'><strong>quia</strong></span> <span class='ocrx_word' id='word_1_844' title='bbox 2592 5228 2799 5287; x_wconf 88' lang='lat' dir='ltr'><strong>pactum</strong></span> <span class='ocrx_word' id='word_1_845' title='bbox 2829 5233 2994 5271; x_wconf 87' lang='lat' dir='ltr'><strong>meum</strong></span> <span class='ocrx_word' id='word_1_846' title='bbox 3042 5218 3247 5270; x_wconf 79' lang='lat' dir='ltr'><strong>irritum</strong></span> <span class='ocrx_word' id='word_1_847' title='bbox 3279 5215 3446 5283; x_wconf 79' lang='lat' dir='ltr'><strong>fecit?</strong></span> <span class='ocrx_word' id='word_1_848' title='bbox 3483 5212 3592 5270; x_wconf 86' lang='lat' dir='ltr'><strong>Cur</strong></span> 
     </span>
    </p>
   </div>
   <div class='ocr_carea' id='block_1_108' title="bbox 2012 5304 3591 5377">
    <p class='ocr_par' dir='ltr' id='par_1_108' title="bbox 2012 5304 3591 5377">
     <span class='ocr_line' id='line_1_108' title="bbox 2012 5304 3591 5377; baseline -0.004 -14"><span class='ocrx_word' id='word_1_849' title='bbox 2012 5310 2152 5363; x_wconf 88' lang='lat' dir='ltr'><strong>enim</strong></span> <span class='ocrx_word' id='word_1_850' title='bbox 2188 5321 2367 5376; x_wconf 90' lang='lat' dir='ltr'><strong>pereat</strong></span> <span class='ocrx_word' id='word_1_851' title='bbox 2390 5310 2564 5362; x_wconf 88' lang='lat' dir='ltr'><strong>anima</strong></span> <span class='ocrx_word' id='word_1_852' title='bbox 2616 5307 2830 5377; x_wconf 84' lang='lat' dir='ltr'><strong>parvuli</strong></span> <span class='ocrx_word' id='word_1_853' title='bbox 2881 5305 3263 5372; x_wconf 77' lang='lat' dir='ltr'><strong>incircumcisi,</strong></span> <span class='ocrx_word' id='word_1_854' title='bbox 3308 5305 3434 5359; x_wconf 91' lang='lat' dir='ltr'><strong>dum</strong></span> <span class='ocrx_word' id='word_1_855' title='bbox 3478 5304 3591 5374; x_wconf 88' lang='lat' dir='ltr'><strong>ipsa</strong></span> 
     </span>
    </p>
   </div>
   <div class='ocr_carea' id='block_1_109' title="bbox 2076 5396 3587 5463">
    <p class='ocr_par' dir='ltr' id='par_1_109' title="bbox 2076 5396 3587 5463">
     <span class='ocr_line' id='line_1_109' title="bbox 2076 5396 3587 5463; baseline -0.003 -12"><span class='ocrx_word' id='word_1_856' title='bbox 2076 5399 2206 5453; x_wconf 65' lang='lat' dir='ltr'><strong>Cap.</strong></span> <span class='ocrx_word' id='word_1_857' title='bbox 2239 5416 2357 5454; x_wconf 77' lang='lat' dir='ltr'><strong>xui.</strong></span> <span class='ocrx_word' id='word_1_858' title='bbox 2391 5400 2454 5455; x_wconf 86' lang='lat' dir='ltr'><strong>N.</strong></span> <span class='ocrx_word' id='word_1_859' title='bbox 2486 5401 2536 5454; x_wconf 74' lang='grc'><strong>1.</strong></span> <span class='ocrx_word' id='word_1_860' title='bbox 2573 5398 2647 5451; x_wconf 89' lang='lat' dir='ltr'><strong>De</strong></span> <span class='ocrx_word' id='word_1_861' title='bbox 2679 5398 2777 5452; x_wconf 90' lang='lat' dir='ltr'><strong>hac</strong></span> <span class='ocrx_word' id='word_1_862' title='bbox 2824 5396 3061 5463; x_wconf 85' lang='lat' dir='ltr'><strong>ratione,</strong></span> <span class='ocrx_word' id='word_1_863' title='bbox 3116 5413 3212 5450; x_wconf 79' lang='lat' dir='ltr'><strong>cur</strong></span> <span class='ocrx_word' id='word_1_864' title='bbox 3255 5397 3587 5451; x_wconf 73' lang='lat' dir='ltr'><strong>circumcisio</strong></span> 
     </span>
    </p>
   </div>
   <div class='ocr_carea' id='block_1_110' title="bbox 2010 5468 3588 5535">
    <p class='ocr_par' dir='ltr' id='par_1_110' title="bbox 2010 5468 3588 5535">
     <span class='ocr_line' id='line_1_110' title="bbox 2010 5468 3588 5535; baseline -0.002 -12"><span class='ocrx_word' id='word_1_865' title='bbox 2010 5470 2251 5523; x_wconf 80' lang='lat' dir='ltr'><strong>instituta</strong></span> <span class='ocrx_word' id='word_1_866' title='bbox 2277 5471 2453 5535; x_wconf 76' lang='lat' dir='ltr'><strong>fuerit,</strong></span> <span class='ocrx_word' id='word_1_867' title='bbox 2500 5470 2685 5525; x_wconf 84' lang='lat' dir='ltr'><strong>confer</strong></span> <span class='ocrx_word' id='word_1_868' title='bbox 2735 5468 2921 5520; x_wconf 81' lang='lat' dir='ltr'><strong>Patres</strong></span> <span class='ocrx_word' id='word_1_869' title='bbox 2951 5469 3295 5535; x_wconf 72' lang='lat' dir='ltr'><strong>apostoliCtis,</strong></span> <span class='ocrx_word' id='word_1_870' title='bbox 3356 5482 3486 5522; x_wconf 86' lang='lat' dir='ltr'><strong>lotu.</strong></span> <span class='ocrx_word' id='word_1_871' title='bbox 3547 5468 3588 5531; x_wconf 92' lang='lat' dir='ltr'><strong>I,</strong></span> 
     </span>
    </p>
   </div>
   <div class='ocr_carea' id='block_1_111' title="bbox 2007 5537 3187 5610">
    <p class='ocr_par' dir='ltr' id='par_1_111' title="bbox 2007 5537 3187 5610">
     <span class='ocr_line' id='line_1_111' title="bbox 2007 5537 3187 5610; baseline 0.001 -20"><span class='ocrx_word' id='word_1_872' title='bbox 2007 5554 2127 5610; x_wconf 85' lang='lat' dir='ltr'><strong>pag.</strong></span> <span class='ocrx_word' id='word_1_873' title='bbox 2153 5540 2219 5610; x_wconf 70' lang='lat'><strong>27</strong></span> <span class='ocrx_word' id='word_1_874' title='bbox 2254 5555 2368 5607; x_wconf 87' lang='lat' dir='ltr'><strong>seq.</strong></span> <span class='ocrx_word' id='word_1_875' title='bbox 2401 5556 2521 5594; x_wconf 90' lang='lat' dir='ltr'><strong>cum</strong></span> <span class='ocrx_word' id='word_1_876' title='bbox 2555 5539 2692 5592; x_wconf 88' lang='lat' dir='ltr'><strong>notis</strong></span> <span class='ocrx_word' id='word_1_877' title='bbox 2713 5537 2986 5592; x_wconf 88' lang='lat' dir='ltr'><strong>Cotelerii.</strong></span> <span class='ocrx_word' id='word_1_878' title='bbox 3020 5540 3187 5592; x_wconf 74' lang='lat' dir='ltr'><strong>Amzv.</strong></span> 
     </span>
    </p>
   </div>
   <div class='ocr_carea' id='block_1_112' title="bbox 2079 5608 3586 5680">
    <p class='ocr_par' dir='ltr' id='par_1_112' title="bbox 2079 5608 3586 5680">
     <span class='ocr_line' id='line_1_112' title="bbox 2079 5608 3586 5680; baseline -0.003 -19"><span class='ocrx_word' id='word_1_879' title='bbox 2079 5608 2134 5664; x_wconf 68' lang='grc' dir='ltr'><strong>ἐξ.</strong></span> <span class='ocrx_word' id='word_1_880' title='bbox 2158 5608 2259 5663; x_wconf 76' lang='lat' dir='ltr'><strong>llic</strong></span> <span class='ocrx_word' id='word_1_881' title='bbox 2278 5615 2390 5680; x_wconf 82' lang='lat' dir='ltr'><strong>jam</strong></span> <span class='ocrx_word' id='word_1_882' title='bbox 2418 5611 2731 5672; x_wconf 78' lang='lat' dir='ltr'><strong>declaratur,</strong></span> <span class='ocrx_word' id='word_1_883' title='bbox 2757 5624 2925 5678; x_wconf 83' lang='lat' dir='ltr'><strong>usque</strong></span> <span class='ocrx_word' id='word_1_884' title='bbox 2948 5610 3011 5663; x_wconf 87' lang='lat' dir='ltr'><strong>ad</strong></span> <span class='ocrx_word' id='word_1_885' title='bbox 3034 5619 3266 5663; x_wconf 80' lang='lat' dir='ltr'><strong>resonent</strong></span> <span class='ocrx_word' id='word_1_886' title='bbox 3290 5610 3586 5672; x_wconf 75' lang='lat' dir='ltr'><strong>novitatem,</strong></span> 
     </span>
    </p>
   </div>
   <div class='ocr_carea' id='block_1_113' title="bbox 2008 5681 2472 5736">
    <p class='ocr_par' dir='ltr' id='par_1_113' title="bbox 2008 5681 2472 5736">
     <span class='ocr_line' id='line_1_113' title="bbox 2008 5681 2472 5736; baseline 0.006 -3"><span class='ocrx_word' id='word_1_887' title='bbox 2008 5694 2038 5734; x_wconf 90' lang='lat' dir='ltr'><strong>e</strong></span> <span class='ocrx_word' id='word_1_888' title='bbox 2067 5695 2117 5733; x_wconf 91' lang='lat' dir='ltr'><strong>c.</strong></span> <span class='ocrx_word' id='word_1_889' title='bbox 2165 5681 2255 5733; x_wconf 71' lang='lat'><strong>‘26.</strong></span> <span class='ocrx_word' id='word_1_890' title='bbox 2280 5682 2472 5736; x_wconf 77' lang='lat' dir='ltr'><strong>GRIAL.</strong></span> 
     </span>
    </p>
   </div>
   <div class='ocr_carea' id='block_1_114' title="bbox 2084 5748 3598 5822">
    <p class='ocr_par' dir='ltr' id='par_1_114' title="bbox 2084 5748 3598 5822">
     <span class='ocr_line' id='line_1_114' title="bbox 2084 5748 3598 5822; baseline -0.001 -21"><span class='ocrx_word' id='word_1_891' title='bbox 2084 5749 2136 5804; x_wconf 79' lang='grc'><strong>5.</strong></span> <span class='ocrx_word' id='word_1_892' title='bbox 2175 5751 2458 5814; x_wconf 82' lang='lat' dir='ltr'><strong>Masculus,</strong></span> <span class='ocrx_word' id='word_1_893' title='bbox 2505 5753 2593 5822; x_wconf 87' lang='lat' dir='ltr'><strong>qui</strong></span> <span class='ocrx_word' id='word_1_894' title='bbox 2624 5765 2723 5804; x_wconf 76' lang='lat' dir='ltr'><strong>non</strong></span> <span class='ocrx_word' id='word_1_895' title='bbox 2772 5750 3105 5818; x_wconf 78' lang='lat' dir='ltr'><strong>circmncid.,</strong></span> <span class='ocrx_word' id='word_1_896' title='bbox 3154 5765 3321 5820; x_wconf 86' lang='lat' dir='ltr'><strong>usque</strong></span> <span class='ocrx_word' id='word_1_897' title='bbox 3372 5748 3439 5802; x_wconf 85' lang='lat' dir='ltr'><strong>ad</strong></span> <span class='ocrx_word' id='word_1_898' title='bbox 3491 5750 3598 5817; x_wconf 77' lang='lat' dir='ltr'><strong>ipse</strong></span> 
     </span>
    </p>
   </div>
   <div class='ocr_carea' id='block_1_115' title="bbox 2014 5822 2722 5891">
    <p class='ocr_par' dir='ltr' id='par_1_115' title="bbox 2014 5822 2722 5891">
     <span class='ocr_line' id='line_1_115' title="bbox 2014 5822 2722 5891; baseline 0.007 -18"><span class='ocrx_word' id='word_1_899' title='bbox 2014 5823 2257 5891; x_wconf 80' lang='lat' dir='ltr'><strong>peccarit,</strong></span> <span class='ocrx_word' id='word_1_900' title='bbox 2281 5838 2310 5876; x_wconf 90' lang='grc' dir='ltr'><strong>ε</strong></span> <span class='ocrx_word' id='word_1_901' title='bbox 2337 5838 2385 5877; x_wconf 91' lang='lat' dir='ltr'><strong>c.</strong></span> <span class='ocrx_word' id='word_1_902' title='bbox 2412 5822 2503 5877; x_wconf 73' lang='lat'><strong>9.7.</strong></span> <span class='ocrx_word' id='word_1_903' title='bbox 2530 5824 2722 5878; x_wconf 73' lang='lat' dir='ltr'><strong>GnlAL.</strong></span> 
     </span>
    </p>
   </div>
  </div>
