4064 6170
416 377 524 434 943

418 504 628 562 pactum
660 491 753 545 Dei
784 492 989 544 irritum
1041 505 1144 542 non
1177 487 1320 549 fecit,
1345 490 1437 541 sed
1489 489 1573 555 qui
1606 502 1727 540 eum
1759 489 1987 541 circnm-
2023 490 2070 542 A

418 584 602 637 cidere
631 582 979 651 neglexerunt
1007 581 1030 632 ?
1061 581 1158 632 nisi
1184 588 1237 630 ιιι
1266 577 1593 647 signiﬁcaret
1615 578 1757 645 quod
1793 576 1996 644 parvuli

424 692 533 728 non
586 674 879 728 secundum
910 687 1044 741 opus
1078 716 1093 739 ,
1142 671 1237 725 sed
1288 670 1575 727 secundum
1628 669 1889 738 originem
1951 670 2002 721 in

419 767 594 836 primo
624 766 842 820 homine
894 773 1104 834 pactum
1166 764 1257 818 Dei
1319 763 1741 831 dissipaverunt,
1796 763 1848 815 in
1899 777 2005 831 quo

419 872 609 912 omnes
635 867 1014 925 peccaverunt.
1590 926 1595 931 1

490 949 542 1003 6.
577 948 829 1003 Nascitur
856 948 998 1003 enim
1032 949 1209 1003 omnis
1242 963 1346 1002 non
1403 949 1636 1017 proprie,
1696 949 1790 1003 sed
1843 948 2007 1014 origi-

418 1039 610 1095 naliter
630 1049 878 1108 peccator
906 1039 1067 1109 (Vide
1102 1056 1211 1093 var.
1244 1040 1410 1108 lect.).
1441 1040 1610 1106 Quem
1645 1040 1744 1094 nisi
1779 1055 2005 1109 regene-

416 1131 553 1185 ratio
583 1129 795 1192 liberet,
832 1131 1027 1198 peribit
1047 1132 1221 1183 anima
1255 1130 1372 1200 ejus
1399 1130 1467 1185 de
1496 1131 1692 1199 populo
1715 1147 1835 1194 suo,
1871 1134 1993 1200 quia

419 1229 630 1286 pactum
660 1222 753 1275 Del
787 1222 990 1276 irritum
1025 1223 1177 1287 fecit,
1205 1222 1418 1290 quando
1466 1223 1519 1276 in
1552 1223 1717 1276 Adam
1771 1224 2006 1293 origina-

416 1312 539 1366 liter
556 1312 718 1367 etiam
746 1313 859 1381 ipse
890 1314 1150 1381 peccavit.

1008 1407 1235 1461 CAPUT
1274 1407 1413 1461 XIV.

527 1478 603 1529 De
624 1478 783 1531 tribus
817 1478 936 1531 viris
964 1479 1050 1549 qui
1079 1487 1317 1531 venerunt
1351 1481 1420 1532 ad
1446 1481 1612 1533 ilicem
1643 1479 1897 1534 Mambre.

493 1570 547 1621 i.
576 1567 777 1621 Deinde
803 1569 1052 1638 apparuit
1084 1568 1341 1623 Dominus
1387 1570 1618 1625 Abrahae
1654 1571 1707 1625 in
1764 1570 2006 1625 convalle

420 1657 659 1712 Mambre
687 1662 897 1712 sedenti
954 1660 1004 1712 in
1037 1661 1177 1712 ostio
1233 1660 1560 1713 tabernaculi
1603 1661 1720 1725 sui;
1773 1675 2005 1729 cumque

418 1746 654 1801 levasset
675 1748 881 1813 oculos,
909 1758 1269 1817 apparuerunt
1292 1749 1343 1803 ei
1365 1758 1471 1803 tres
1494 1750 1592 1803 viri
1615 1760 1819 1805 stantes
1844 1748 2003 1819 juxta

1451 371 1508 426 S.
1554 368 1796 425 lSlDURl
1840 366 2283 424 lllSPALENSlS
2328 368 2627 424 EPiSCOPl

3582 368 3688 424 ΞΜ

2176 485 2228 537 7.
2263 485 2415 539 Unde
2467 493 2522 537 et
2568 485 2732 552 pedes
2786 498 2971 538 eorum
3023 483 3178 546 lavit,
3229 492 3287 536 ut
3342 481 3393 535 in
3444 492 3688 537 extremo

2110 576 2295 630 mundi
2324 576 2519 630 lavacri
2550 575 2964 629 viviﬁcationem
2999 574 3393 627 demonstraret
3435 573 3685 629 futuram.

2109 670 2281 724 Pedes
2330 670 2472 724 enim
2544 670 2831 722 novissima
2904 667 3228 737 significant.
3295 666 3568 734 Siquidem
3635 675 3693 720 et

2107 761 2411 813 convivium
2443 767 2729 829 praeparat,
2762 757 2982 811 vitulum
3010 758 3213 811 scilicet
3236 759 3555 825 saginatum.
3586 756 3692 811 Iste

2108 861 2287 905 autem
2317 851 2513 904 vitulus
2557 862 2710 904 tener
2742 849 3014 917 saginatus
3067 848 3275 901 Domini
3316 848 3442 902 Jesu
3489 846 3690 901 Christi

2111 950 2196 993 est
2246 954 2464 1007 corpus.
2532 938 2625 993 llic
2682 949 2765 993 est
2818 939 3014 991 vitulus
3046 937 3279 1002 Domini,
3334 938 3422 1005 qui
3477 945 3693 1005 [rapter

2108 1032 2336 1086 salutem
2360 1031 2692 1086 credentium
2708 1032 2771 1083 ad
2798 1034 3043 1084 arborem
3062 1031 3234 1085 crucis
3256 1039 3337 1083 est
3361 1029 3687 1084 immolatus.

2111 1121 2206 1176 Hic
2234 1132 2318 1176 est
2348 1122 2545 1175 vitulus
2584 1121 2842 1175 dominici
2873 1119 3142 1188 corporis,
3192 1119 3283 1187 qui
3314 1120 3365 1173 itt
3400 1119 3691 1189 Evangelia

2109 1228 2208 1284 pro
2235 1223 2516 1283 peccatore
2541 1214 2798 1267 occiditur
2827 1213 2937 1265 ﬁlio
2967 1212 3119 1282 (Luc.
3156 1210 3266 1280 xv).

2182 1304 2236 1358 8.
2263 1304 2368 1360 Sed
2396 1311 2452 1359 et
2475 1304 2719 1374 butyrum
2742 1303 2893 1356 etlac
2915 1317 3035 1356 cum
3058 1316 3220 1355 carne
3248 1300 3398 1353 vituli
3420 1302 3690 1368 apposuit.

2109 1396 2216 1452 Lac
2246 1396 2442 1466 quippe
2474 1396 2663 1463 prisca:
2705 1395 2836 1465 legis
2876 1394 3125 1448 habuisse
3156 1394 3375 1461 ﬁguram
3404 1393 3694 1459 Apostolus

2111 1504 2209 1543 nos
2255 1488 2538 1550 admonet,
2569 1488 2752 1540 dicens
2786 1503 2801 1541 :
2854 1485 2956 1538 Lac
2987 1487 3124 1538 vobis
3163 1496 3343 1554 potum
3376 1485 3496 1538 dedi
3524 1525 3539 1549 ,
3586 1500 3689 1537 non

2110 1596 2312 1644 escam;
2346 1579 2575 1632 nondum
2612 1579 2746 1632 enim
2780 1578 3042 1645 poteratis,
3072 1578 3159 1631 sed
3191 1575 3369 1646 304-
3390 1594 3481 1629 nec
3520 1576 3692 1628 adhuc

2109 1670 2310 1738 quidem
2358 1669 2567 1740 potestis
2618 1667 2668 1733 (1
2710 1666 2830 1722 Cor.
2888 1666 2991 1729 nt).
3024 1666 3345 1720 Tradiderat
3396 1667 3545 1725 enim
3589 1664 3693 1719 illis

2111 1758 2241 1829 legis
2302 1759 2651 1820 mandatum,
2718 1760 2866 1828 quasi
2922 1758 3002 1813 lac
3035 1758 3102 1811 de
3166 1758 3419 1812 uberibus
3466 1759 3691 1811 duarum

417 1855 563 1894 eum.
592 1842 739 1908 Quos
767 1857 887 1895 cum
912 1842 1125 1896 vidisset
1152 1882 1168 1907 ,
1197 1842 1459 1907 adoravit,
1492 1850 1546 1896 et
1597 1843 1667 1895 ait
1694 1860 1707 1896 :
1758 1841 1997 1907 Domine,

2108 1850 2405 1903 tabularum
2434 1864 2771 1919 expressum,
2799 1851 2897 1903 hoc
2918 1858 3022 1912 est,
3052 1848 3453 1902 Testamentum
3479 1847 3619 1900 lidei.

418 1934 465 1985 si
489 1934 657 1988 inveni
676 1935 892 2002 gratiam
914 1934 964 1986 in
985 1935 1145 1988 oculis
1175 1934 1292 1999 tuis,
1318 1934 1547 1988 laventur
1576 1936 1730 2005 pedes
1751 1936 1921 2000 vestri,
1954 1945 2001 1990 et

416 2028 715 2097 requiescite
736 2027 824 2079 sub
856 2030 1051 2081 arbore.

490 2119 545 2175 2.
579 2118 641 2173 Et
668 2119 794 2174 abiit
850 2120 1118 2175 Abraham
1164 2120 1228 2174 ad
1258 2122 1467 2187 Saram,
1500 2130 1552 2175 et
1594 2121 1755 2192 jussit
1783 2138 1899 2176 eam
1928 2137 1998 2177 ex

421 2211 593 2264 tribus
615 2212 743 2265 satis
771 2210 950 2267 facere
974 2213 1360 2267 subcinerieios
1392 2228 1573 2281 panes,
1601 2229 1734 2283 quos
1755 2214 2003 2282 apposuit

419 2303 523 2357 illis
554 2317 675 2357 eum
702 2304 891 2366 vitulo,
923 2319 1083 2373 quem
1112 2304 1272 2374 303
1302 2314 1599 2372 paraverat,
1648 2306 1897 2359 similiter
1951 2317 2005 2359 et

418 2396 501 2450 lac
523 2405 576 2450 et
598 2396 871 2466 butyrum.
897 2397 1012 2465 ipse
1035 2412 1167 2451 vero
1190 2398 1366 2451 stabat
1384 2399 1531 2463 juxta
1554 2412 1650 2453 eos
1671 2400 1770 2452 sub
1789 2399 2002 2453 arbore.

416 2489 659 2553 itumque
714 2488 1095 2553 comedissent,
1159 2489 1412 2544 dixerunt
1451 2490 1516 2544 ad
1572 2505 1693 2545 eum
1734 2509 1745 2543 :
1786 2490 1885 2545 Ubi
1933 2500 2007 2544 est

418 2577 557 2633 Sara
580 2594 711 2632 uxor
738 2579 876 2632 tua?
904 2581 967 2631 At
994 2579 1083 2633 ille
1112 2595 1133 2633 :
1166 2579 1316 2645 Ecce,
1349 2581 1541 2649 inquit,
1573 2582 1628 2634 in
1678 2581 2004 2634 tabernaculo

421 2677 533 2733 est;
559 2670 639 2741 cui
669 2670 845 2724 dixit:
889 2669 1165 2725 Revertens
1202 2672 1400 2725 veniam
1427 2673 1497 2726 ad
1535 2685 1584 2727 te
1622 2683 1847 2744 tempore
1879 2674 1999 2739 isto,

417 2771 465 2813 et
496 2762 694 2814 habebit
712 2762 877 2829 ﬁlium
897 2762 1033 2819 Sara
1073 2781 1204 2817 uxor
1232 2773 1340 2818 tua.

492 2848 545 2902 5.
579 2850 694 2917 Quo
723 2852 929 2917 audito,
961 2854 1090 2909 Sara
1124 2855 1261 2909 risit.
1300 2856 1605 2913 Notandum
1638 2860 1834 2925 quippe
1860 2857 2003 2927 quod

421 2942 691 2996 Abraham
749 2945 1015 3013 triplicem
1072 2946 1264 3001 habeat
1307 2948 1527 3017 figuram
1584 2951 1645 3008 in.
1685 2951 1997 3019 semetips't.

424 3033 659 3088 Primam
690 3034 1007 3100 Salvatoris,
1037 3038 1270 3105 quando,
1301 3039 1487 3093 relicta
1517 3042 1838 3111 cognatione
1883 3058 1999 3104 sua,

418 3126 566 3180 venit
622 3126 675 3180 in
727 3128 867 3182 hunc
917 3128 1209 3195 mundum;
1259 3131 1482 3185 alteram
1539 3132 1735 3196 Patris,
1787 3133 2001 3201 quando

2177 1940 2230 1993 9.
2262 1939 2496 1993 Necdum
2525 1941 2666 1993 enim
2692 1949 2937 2007 poterant
2959 1948 3177 2006 pmpter
3203 1938 3476 1991 infantiam
3503 1952 3694 1992 sensus

2105 2030 2185 2082 sui
2222 2029 2557 2098 Evangelicm
2583 2030 2842 2085 doctrinae
2865 2030 3089 2084 solidam
3123 2040 3176 2084 et
3209 2031 3480 2083 robustam
3512 2046 3690 2085 escam

2106 2120 2369 2191 accipere.
2402 2121 2658 2190 Butyrum
2689 2130 2866 2176 autem
2918 2121 3249 2175 uberrimum
3307 2131 3360 2173 et
3410 2119 3695 2190 pinguissi-

2108 2233 2250 2269 mum
2309 2218 2717 2287 Evangeliorum
2766 2229 2847 2271 est
2889 2194 3279 2283 testimonium,
3338 2219 3478 2283 quod
3528 2216 3690 2270 veluti

2106 2309 2283 2361 oleum
2316 2307 2559 2361 ﬁdelibus
2581 2308 2629 2360 in
2657 2304 2865 2375 signum
2885 2308 3060 2361 datur.
3088 2306 3194 2362 Sed
3220 2307 3442 2374 proinde
3465 2307 3689 2359 vitulum

2106 2413 2226 2451 cum
2254 2400 2419 2463 lacte,
2449 2408 2503 2452 et
2534 2400 2782 2467 butyrum
2814 2398 3081 2452 Abraham
3109 2399 3379 2453 edendum
3412 2399 3690 2469 apposuit,

2109 2493 2229 2555 quia
2288 2504 2387 2542 nec
2434 2503 2629 2558 corpus
2685 2488 2920 2551 Domini,
2973 2489 3112 2559 quod
3171 2498 3255 2542 est
3307 2489 3524 2553 vitulus,
3576 2489 3694 2544 sine

2110 2580 2244 2634 laete
2276 2579 2422 2648 legis.
2455 2595 2553 2634 nec
2584 2582 2666 2633 lac
2719 2580 2853 2649 legis
2877 2581 2993 2634 sine
3030 2580 3239 2649 butyro,
3295 2579 3395 2633 hoc
3422 2589 3526 2643 cSt,
3575 2579 3692 2632 sine

2109 2670 2384 2740 Evangelii
2414 2672 2720 2725 testimonio
2740 2685 2861 2725 esse
2886 2680 3082 2739 potest.

2183 2763 2270 2816 10.
2316 2763 2441 2817 Tria
2471 2772 2647 2818 autem
2670 2773 2807 2829 sata,
2852 2764 2995 2817 unde
3024 2762 3154 2819 Sara
3190 2778 3352 2831 panes
3401 2762 3691 2817 subcineri-

2108 2855 2222 2909 cios
2250 2854 2401 2920 fecit,
2432 2856 2589 2908 trium
2640 2854 2870 2909 ﬁliorum
2928 2854 3041 2908 Noe
3097 2855 3378 2922 imaginem
3430 2853 3697 2907 indicave-

2109 2953 2256 3009 runt,
2288 2960 2352 2997 ex
2378 2944 2574 3009 quibus
2600 2959 2761 2999 omne
2804 2958 2976 3013 genus
3031 2942 3322 2995 humanum
3373 2950 3551 2995 natum
3582 2951 3689 3000 est,

2109 3036 2217 3105 qtti,
2250 3035 2446 3089 divina:
2476 3034 2724 3089 Trinitati
2753 3034 3056 3095 credentes.
3081 3050 3147 3088 ex
3183 3048 3319 3104 aqua
3353 3031 3692 3102 baptismatis

2111 3144 2205 3196 per
2234 3128 2552 3191 Ecclesiam,
2580 3129 2732 3194 cujus
2760 3126 2935 3194 imago
2963 3126 3093 3181 Sara
3123 3138 3258 3186 erat,
3299 3122 3690 3192 conspergendi

418 3215 713 3272 immolavit
740 3218 953 3273 unicum
992 3219 1188 3283 filium;
1223 3222 1435 3276 tertiam
1468 3238 1618 3289 vero,
1650 3240 1769 3293 qua:
1796 3226 1847 3277 in
1905 3227 2006 3278 hoc,
2037 3213 2082 3275 C
2113 3228 2317 3283 essent,
2340 3226 2397 3273 et
2418 3220 2469 3272 in
2503 3233 2612 3271 uno
2640 3231 2773 3285 pane
2797 3216 2993 3272 Christi
3016 3217 3259 3285 corporis
3288 3213 3583 3282 redigendi.

420 3304 542 3359 loco
567 3314 673 3373 est,
702 3306 924 3377 ﬁguram
970 3311 1197 3377 gestavit
1237 3320 1544 3367 sanctorum
1591 3314 1680 3383 qui
1713 3316 2001 3380 adventum

416 3395 615 3451 Christi
637 3414 756 3452 cum
779 3399 975 3470 gaudio
995 3413 1373 3471 susceperunt.

490 3490 545 3541 4.
597 3488 1029 3545 Tabernaculum
1083 3501 1262 3547 autem
1321 3493 1450 3548 illud
1526 3494 1754 3549 Abrahae
1820 3504 2002 3566 typum

419 3587 648 3633 terrena:
696 3580 994 3635 Jerusalem
1052 3582 1276 3646 habuit,
1350 3584 1438 3637 tibi
1513 3586 1688 3653 primo
1763 3593 2004 3651 tempore

419 3668 701 3737 propheta;
729 3678 784 3724 et
811 3670 1041 3738 apostoli
1091 3673 1504 3738 habitaverunt;
1536 3674 1625 3727 ubi
1668 3684 1723 3729 et
1773 3675 2004 3742 primtnn

419 3758 678 3814 Dominus
738 3760 1032 3817 adveniens
1089 3777 1119 3815 a
1182 3764 1525 3819 credentibus
1582 3774 1882 3836 exceptus,
1938 3764 2006 3819 ab

415 3849 710 3907 incredulis
741 3863 821 3907 est
850 3854 901 3907 in
935 3853 1081 3925 ligno
1117 3868 1428 3924 suspensus.

484 3940 539 3996 5.
572 3943 628 3997 In
660 3943 828 3997 tribus
867 3955 1040 4001 autem
1074 3945 1204 4001 viris
1256 3947 1345 4016 qui
1398 3956 1661 4002 venerunt
1717 3947 1782 3999 ad
1834 3947 2001 4010 illum,

417 4037 627 4091 Domini
658 4039 785 4093 Jesu
818 4040 1017 4095 Christi
1047 4041 1508 4109 praenuntiabatur
1553 4040 1847 4104 adventus,
1881 4053 2003 4093 eum

415 4141 525 4193 quo
552 4128 659 4180 duo
689 4129 863 4198 angeli
895 4130 1309 4194 comitabantur,
1342 4146 1475 4199 quos
1507 4133 1748 4199 plerique
1787 4132 2002 4201 Moysen

414 4226 469 4270 et
499 4216 666 4270 Eliam
724 4217 1008 4284 accipiunt,
1039 4235 1204 4274 unum
1239 4222 1430 4288 priscae
1460 4224 1588 4292 legis
1620 4224 1861 4288 latorem,
1915 4225 2004 4293 qui

418 4321 515 4374 per
561 4307 803 4362 eamdem
866 4308 1036 4377 legem
1088 4311 1376 4365 adventum
1449 4313 1656 4366 D-mini
1712 4312 1999 4376 indicavit;

418 4398 603 4463 alium,
638 4400 727 4468 qui
754 4400 806 4454 in
838 4400 945 4455 ﬁne
967 4403 1149 4455 mttndi
1177 4415 1433 4458 venturus
1462 4413 1566 4467 est,
1592 4404 2004 4459 denuntiaturus

416 4491 711 4545 secundum
741 4490 937 4547 Christi
970 4494 1283 4560 adventum,
1319 4508 1478 4563 atque
1505 4496 1622 4565 ejus
1656 4496 2003 4563 Evangelium

2185 3312 2272 3366 ll.
2301 3311 2423 3365 llmc
2450 3319 2575 3365 sunt
2605 3311 2692 3363 illa
2725 3310 2825 3363 tria
2844 3318 2956 3362 sata
2978 3323 3096 3377 qua:
3123 3308 3378 3361 mulierin
3406 3303 3695 3375 Evangelia

2109 3403 2451 3475 cognoscitur
2501 3402 2854 3457 fermentasse
2907 3400 3121 3472 (Matth.
3172 3414 3298 3464 xttt;
3364 3397 3494 3451 Luc.
3548 3395 3689 3466 xm).

2110 3494 2297 3566 Azymi
2326 3503 2505 3549 autem
2530 3508 2720 3563 panes,
2746 3508 2810 3545 eo
2832 3491 2974 3559 quod
3005 3491 3125 3545 sine
3165 3488 3427 3543 fermento
3450 3486 3690 3548 malitis,

2109 3597 2164 3641 et
2221 3588 2340 3641 sine
2395 3601 2599 3655 angore
2656 3585 2942 3653 nequitiae,
2994 3583 3111 3637 sine
3160 3581 3366 3635 fervore
3422 3593 3694 3647 perversa:

2110 3678 2369 3732 doctrina:
2440 3676 2725 3746 oportebat
2797 3689 2917 3729 esse
2995 3672 3329 3728 credentium
3404 3672 3690 3725 unitatem.

2108 3771 2461 3825 Subcinericii
2492 3780 2671 3824 autem
2704 3769 2845 3835 ideo,
2879 3775 2937 3822 ut
2967 3782 3060 3837 per
3089 3764 3460 3831 pmnitentiam
3499 3772 3691 3833 praete—

2111 3863 2335 3915 ritorum
2367 3860 2683 3915 delictorum
2733 3859 2963 3928 Spiritus
3012 3858 3183 3913 sancti
3235 3872 3433 3925 vapore
3457 3854 3689 3915 decocti,

2070 3934 2075 3945 ’
2112 3951 2254 4006 velut
2282 3964 2406 4005 esca
2437 3951 2770 4019 beneplacita
2804 3949 2935 4013 Deo,
2960 3948 3320 4017 acceptabiles
3370 3946 3691 4000 efficiantur.

2186 4045 2271 4098 l2.
2322 4045 2436 4101 Sub
2491 4046 2685 4100 arbore
2739 4054 2921 4097 autem
2974 4056 3070 4096 eos
3123 4042 3326 4095 sedisse
3365 4080 3382 4105 ,
3427 4038 3692 4108 passionis

2109 4134 2392 4189 dominica:
2421 4142 2539 4187 erat
2562 4135 2796 4202 signum,
2826 4131 2977 4200 cujus
3011 4129 3109 4200 ipsi
3136 4139 3261 4184 sunt
3289 4130 3692 4199 prmdicatores.

2110 4225 2262 4291 Quod
2320 4233 2498 4277 autem
2549 4222 2809 4291 promittit
2869 4222 3009 4274 Deus
3060 4220 3207 4274 Sara
3259 4218 3429 4273 sterili
3479 4217 3642 4269 ﬁlium
3672 4256 3688 4279 ,

2110 4317 2294 4367 dicens
2328 4329 2341 4365 :
2370 4312 2517 4365 Circa
2539 4312 2635 4365 hoc
2661 4321 2858 4377 tempus
2879 4311 3100 4372 veniam,
3131 4325 3236 4363 non
3265 4308 3333 4362 de
3363 4306 3693 4375 temporibus

2111 4404 2398 4472 significat,
2424 4403 2519 4456 sed
2553 4404 2620 4457 de
2645 4402 2907 4473 qualitate
2937 4401 3197 4457 adventus
3218 4400 3320 4464 sui,
3352 4397 3565 4466 quando
3595 4411 3693 4466 per

2113 4498 2278 4552 ﬁlium
2312 4498 2698 4566 repromissum
2730 4497 2902 4551 ﬁdelis
2933 4506 3050 4550 erat
3080 4494 3309 4564 populus
3360 4492 3689 4547 nasciturus.

415 4581 616 4637 Juda-is
642 4585 1055 4653 praedicaturus;
1112 4588 1252 4640 unde
1306 4597 1363 4641 et
1407 4591 1457 4641 in
1508 4596 1686 4641 monte
1746 4586 2003 4639 Dominus
2035 4585 2214 4644 Dlsta
2280 4598 2364 4643 est
2402 4587 2544 4641 enim
2610 4591 2738 4642 Sara
2792 4586 3026 4649 sterilis,
3073 4588 3157 4638 cui
3231 4597 3324 4652 per
3370 4580 3690 4648 Pmpltetam

420 4693 540 4731 cum
571 4676 759 4731 fuisset
791 4680 1222 4749 transfiguratus,
1256 4680 1305 4733 hi
1334 4681 1460 4744 duo,
1505 4681 1717 4752 Moyses
1747 4691 1799 4735 et
1832 4680 1997 4746 Elias,

417 4787 538 4825 cum
567 4786 633 4824 eo
658 4772 727 4823 ab
747 4772 1005 4839 apostolis
1031 4774 1123 4826 visi
1154 4782 1279 4827 sunt
1298 4772 1517 4843 (Matth.
1553 4770 1710 4842 xvn).

488 4864 541 4917 ﬁ.
574 4863 726 4932 Quod
754 4880 878 4919 vero
897 4864 1168 4918 Abraham
1188 4874 1295 4918 tres
1320 4864 1529 4923 videns,
1560 4879 1722 4916 unum
1742 4863 2002 4927 adoravit,

424 4958 705 5010 Dominum
736 4957 942 5011 scilicet
966 4956 1296 5009 Salvatorem
1324 4954 1636 5016 ostendens,
1666 4955 1817 5022 cujus
1846 4955 2004 5009 etiam

419 5048 704 5103 adventum
727 5057 810 5101 est
839 5047 1200 5116 prmstolatus,
1224 5047 1374 5114 juxta
1401 5046 1541 5114 quod
1566 5046 1724 5099 etiam
1752 5045 2006 5099 Dominus

422 5140 473 5191 in
502 5141 784 5211 Evangelio
807 5141 882 5193 ait
905 5158 917 5193 :
950 5139 1209 5192 Abraham
1233 5139 1457 5206 quwsivit
1474 5140 1605 5192 diem
1631 5155 1794 5191 meum
1816 5140 2001 5205 videre,

421 5232 565 5291 vidit,
588 5244 638 5287 et
665 5236 871 5303 gavisus
891 5243 966 5288 est
992 5232 1170 5304 (Joan.
1204 5248 1321 5296 vm,
1345 5231 1456 5303 56).
1492 5233 1642 5287 Tunc
1669 5233 1809 5287 enim
1839 5232 1999 5286 futuri

421 5322 628 5389 aspexit
657 5325 966 5394 mysterium
990 5324 1334 5379 sacramenti-

487 5524 619 5574 (λιιι.
655 5535 762 5591 xiv.
822 5520 886 5572 Ν.
949 5522 1033 5575 Η.
1088 5519 1393 5591 Langttore,
1442 5517 1715 5586 Complut.
1759 5525 1813 5569 et
1862 5514 2002 5585 apud

424 5594 655 5645 l'ltn'her.
681 5590 872 5645 (imas.

498 5659 637 5714 Ibid.
674 5658 1023 5713 ltetnwndum
1062 5676 1251 5730 vapore
1275 5675 1371 5725 pro
1393 5659 1593 5730 calore,
1616 5657 1830 5730 ardore,
1875 5654 2003 5725 igni.

422 5731 605 5787 Adisis
636 5731 1004 5795 Prudentium,
1040 5727 1159 5799 pag.
1193 5731 1295 5783 9H
1333 5741 1384 5782 et
1416 5727 1573 5783 l055.
1622 5727 1794 5780 Atticv.

494 5804 577 5858 15.
609 5802 759 5855 ltisus
780 5811 949 5853 autem
977 5794 1244 5855 Sdrtinon
1264 5809 1336 5852 est
1352 5800 1619 5851 dubitatio.
1650 5804 1710 5850 At
1733 5794 2009 5857 Ambros,

2111 4678 2364 4733 Dominus
2415 4677 2587 4731 dicit:
2639 4678 2873 4742 Lwtare,
2930 4676 3151 4737 sterilis,
3194 4689 3309 4743 qua:
3363 4689 3464 4725 non
3513 4671 3693 4739 paris;

2109 4784 2318 4835 erumpe
2349 4776 2395 4819 et
2451 4766 2773 4836 clama,qu¢e
2818 4784 2917 4820 non
2960 4767 3208 4835 parturis,
3243 4766 3483 4833 quoniam
3518 4763 3693 4830 plures

2110 4858 2207 4925 ﬁlii
2230 4859 2442 4913 deserta:
2464 4860 2625 4929 magis
2655 4874 2811 4928 quam
2831 4859 2945 4928 ejus
2972 4873 3088 4926 qua:
3109 4856 3255 4909 habet
3299 4857 3482 4910 virum.

2184 4952 2271 5006 l5.
2303 4950 2461 5004 Risus
2485 4962 2662 5005 autem
2687 4950 2835 5004 Sara;
2882 4967 2985 5004 non
3014 4957 3100 5004 est
3128 4947 3408 5010 dubitatio,
3434 4946 3527 5000 sed
3572 4959 3693 5013 pro-

2115 5044 2313 5111 phctia.
2366 5042 2464 5108 Qui
2526 5042 2665 5096 risus
2721 5041 2989 5109 duplicem
3047 5040 3209 5095 habet
3254 5037 3690 5107 signiﬁcantiam.

2116 5134 2241 5189 Sive
2296 5133 2436 5202 quod
2504 5132 2645 5185 risus
2705 5142 2849 5187 esset
2917 5130 3125 5185 futurus
3180 5130 3343 5202 305
3402 5125 3695 5182 incredulis

2110 5227 2376 5292 Christus,
2411 5226 2523 5280 sive
2568 5224 2706 5291 quod
2735 5239 2923 5278 omnes
2951 5223 3195 5278 inimicos
3246 5224 3297 5277 in
3352 5219 3551 5289 judicio
3593 5232 3695 5271 suo

2106 5332 2250 5377 esset
2281 5320 2507 5374 risurus.
2559 5317 2709 5372 Unde
2736 5327 2791 5371 et
2845 5316 2960 5386 ipse
2989 5318 3077 5387 qui
3128 5326 3283 5370 natus
3307 5322 3389 5367 est
3417 5315 3485 5366 de
3533 5311 3690 5374 Sara,

2106 5516 2264 5579 epist.
2297 5513 2368 5567 50
2400 5514 2493 5567 lib.
2527 5528 2576 5566 tv
2611 5530 2623 5564 :
2662 5511 2797 5566 Sara
2837 5509 3051 5580 (inquit)
3081 5509 3197 5580 quia
3226 5507 3361 5580 risit,
3403 5505 3683 5580 increduli-

2109 5575 2228 5638 tatis
2275 5595 2521 5652 coarguta
2554 5593 2647 5636 est.
2694 5583 2759 5635 Et
2807 5575 2965 5649 Augf,
3021 5575 3109 5633 xvi
3156 5579 3222 5630 de
3251 5578 3434 5652 (Μὴ.)
3487 5592 3537 5628 c.
3572 5575 3686 5652 Sili:-

2112 5656 2265 5718 Quod
2296 5646 2426 5707 riuis
2454 5654 2543 5705 ille
2561 5656 2714 5706 etiam
2735 5653 2777 5705 si
2799 5646 2974 5722 gaudii
3006 5652 3121 5722 fuit,
3167 5660 3331 5701 tamen
3372 5646 3538 5716 plena:
3567 5646 3694 5713 ﬁdei

2113 5742 2213 5779 non
2240 5727 2359 5795 fuit.
2395 5723 2586 5777 (ἰηιιιι.
