4064 6170
285 267 395 322 255

1105 255 1559 326 ρυιεετιοθιεε
1602 256 1663 311 IN
1709 256 1865 309 VET.
1909 255 2204 311 TESTAll.
2238 285 2304 295 -
2335 255 2397 308 IN
2435 255 2751 313 GENESIN.

3461 260 3565 313 ait:

282 382 417 435 risus
445 390 642 432 nomen
679 373 905 442 accepit.
941 372 1088 426 Isaac
1114 372 1257 424 enim
1303 388 1369 425 ex
1406 371 1628 425 llebraea
1682 371 1859 441 lingua
1894 379 1937 433 Α
1970 368 2095 420 tiam
2130 368 2427 436 regenerati
2462 368 2703 423 ultimum
2752 366 2972 435 cupiunt
3015 366 3241 421 evadere
3284 367 3562 436 judicium.

287 474 341 530 in
373 470 617 526 Latinum
651 479 955 521 sermonem
986 464 1119 516 risus
1150 464 1552 529 interpretatur.

358 561 446 615 ﬂ.
479 557 683 614 Deinde
734 570 942 609 rursum
994 555 1132 608 idem
1174 555 1321 607 Isaac
1365 555 1690 621 promittitur
1737 554 1873 607 [ilius

286 652 498 706 iuturus
516 649 567 702 in
597 657 806 717 gentem
833 660 1110 715 magnam:
1138 644 1203 697 Et
1226 645 1581 697 benedicentur
1604 645 1655 696 in
1685 660 1743 697 eo
1766 660 1875 697 am-

288 760 371 797 nes
415 752 587 813 gentes
629 750 797 792 teme.
832 736 1038 804 Quibus
1080 736 1259 789 verbis
1285 736 1393 789 duo
1425 734 1770 789 historialiter
1801 736 1872 788 illi

287 832 551 902 promissa
580 838 727 893 sunt,
754 826 1206 895 gensludmornm
1238 826 1528 881 secundum
1556 840 1793 891 carnem,
1822 836 1876 880 et

285 939 471 979 omnes
495 932 684 993 gentes
710 920 999 974 secundum
1033 919 1212 972 ﬁdem.

890 1008 1117 1065 CAPUT
1157 1008 1274 1063 XV.

534 1100 614 1155 De
643 1099 911 1165 Sodomis,
943 1109 988 1153 et
1018 1096 1147 1165 Lat,
1178 1110 1223 1152 et
1260 1098 1465 1167 ﬁliabus
1490 1102 1620 1171 ejus.

352 1196 407 1249 l.
455 1194 585 1248 Post
633 1195 766 1246 hanc
817 1192 1223 1260 promissionem
1273 1192 1498 1246 vertitur
1538 1192 1590 1246 in
1642 1192 1876 1247 cinerem

280 1286 551 1350 Sodoma,
587 1286 812 1340 liberato
841 1284 937 1337 Lat
958 1298 1076 1338 cum
1108 1283 1318 1338 ﬁliabus
1345 1286 1475 1337 suis.
1504 1281 1609 1338 Sed
1640 1285 1772 1354 quid
1804 1286 1877 1338 si-

279 1380 495 1447 gniﬁcat
536 1378 674 1447 quod
706 1392 736 1431 a
782 1377 1159 1446 quinquaginta
1187 1376 1347 1445 justis
1377 1390 1546 1445 usque
1575 1377 1626 1431 in
1658 1376 1875 1443 decem,

281 1475 326 1527 si
357 1474 725 1527 invenirentur
769 1472 820 1524 in
871 1470 1151 1534 Sodomis,
1200 1470 1333 1523 dixit
1382 1470 1643 1523 Dominus
1691 1471 1877 1524 urbem

281 1580 402 1619 esse
447 1560 802 1617 salvandam?
830 1561 1122 1616 Numerum
1151 1562 1345 1630 quippe
1371 1562 1877 1629 quinquagenarium

188 1717 197 1725 _
285 1664 500 1722 propter
544 1654 869 1721 paenitentiae
918 1652 1095 1720 posuit
1138 1652 1382 1720 signum,
1416 1651 1459 1704 si
1492 1650 1630 1705 forte
1656 1664 1880 1705 conver-

282 1757 522 1801 terentur
548 1758 603 1801 et
633 1745 986 1799 Salvaretttur.

347 1838 402 1891 2.
435 1838 931 1907 Quinquagenarius
970 1837 1113 1891 enim
1146 1851 1398 1890 numerus
1427 1851 1641 1903 semper
1669 1840 1734 1887 ad
1768 1851 1877 1903 pte-

284 1932 562 1986 nitentiam
595 1929 846 1984 refertur.
881 1930 1034 1985 Unde
1064 1939 1118 1984 et
1151 1929 1312 1983 David
1343 1929 1397 1983 in
1429 1930 1618 1984 eodem
1652 1943 1881 1983 numero

282 2022 548 2091 psalmum
576 2022 793 2090 scripsit
840 2021 1188 2089 ptenitentim.
1221 2020 1449 2075 Proinde
1497 2019 1709 2089 quando
1740 2019 1881 2087 aspi-

279 2116 350 2168 cit
380 2112 525 2167 Deus
570 2112 991 2180 delinquentium
1042 2112 1204 2165 vitam
1257 2126 1589 2181 nequaquam
1620 2110 1760 2163 velle
1796 2124 1879 2162 re-

283 2203 413 2257 serti
442 2202 508 2254 ad
558 2202 925 2269 paenitentiam
944 2242 958 2263 ,
986 2216 1146 2269 quam
1187 2200 1669 2271 quinquagenarius
1697 2214 1881 2253 nume-

287 2312 374 2351 rus
432 2301 771 2366 prmtigurat,
843 2295 1122 2351 confestim
1198 2295 1445 2350 ardorem
1516 2293 1881 2349 immoderata:

283 2393 512 2448 luxurim
542 2391 847 2459 compescit
876 2391 997 2462 igne
1025 2390 1305 2458 gehennae.

353 2486 408 2538 5.
447 2483 630 2553 Usque
656 2484 721 2535 ad
750 2484 935 2537 decem
971 2494 1145 2537 autem
1174 2483 1349 2553 justas
1378 2496 1481 2535 non
1511 2481 1687 2550 perire
1713 2480 1881 2535 Sodoo

282 2593 419 2632 mam
446 2577 606 2641 dixit,
638 2578 784 2647 quasi
820 2577 872 2630 in
902 2576 1137 2644 quolibet
1162 2590 1256 2645 per
1282 2576 1466 2630 decem
1495 2582 1879 2643 praceptorum

277 2671 575 2727 custodiam
614 2670 811 2725 Christi
844 2684 1036 2723 nomen
1084 2668 1385 2724 inveniatur
1406 2711 1421 2734 ,
1452 2669 1551 2723 iste
1583 2684 1687 2722 non
1718 2668 1879 2735 perit.

283 2760 500 2816 Denarii
550 2759 693 2815 enim
738 2760 943 2814 numeri
975 2758 1139 2829 ﬁgura
1168 2773 1382 2813 crucem
1411 2758 1608 2813 Christi
1659 2757 1883 2811 demon-

278 2862 430 2905 strat.
460 2852 594 2905 Nam
616 2851 833 2918 etquod
856 2850 1089 2920 quinque
1118 2850 1359 2905 civitates
1385 2857 1531 2913 sunt,
1559 2863 1677 2917 quae
1702 2848 1883 2902 imbri-

278 2944 375 2997 bus
422 2943 594 3013 igneis
638 2941 978 3010 conﬂagratae
1026 2951 1183 3008 sunt,
1233 2941 1360 2995 illttd
1392 2941 1535 3010 (nisi
1585 2940 1779 3009 fallor)
1810 2938 1885 2994 si-

279 3036 500 3105 gniﬁcat
548 3033 691 3102 quod
748 3048 935 3087 omnes
987 3034 1077 3102 qui
1125 3034 1356 3102 quinque
1403 3045 1593 3086 sensus
1641 3032 1882 3098 corporis

2050 458 2105 513 6.
2132 458 2283 524 Quod
2320 473 2451 512 vero
2477 458 2663 511 eadem
2692 457 2982 524 respiciens
3008 459 3282 523 remansit,
3315 469 3367 513 et
3397 459 3448 513 in
3479 476 3564 515 sa-

1979 552 2080 607 lem
2101 567 2355 606 conversa
2382 562 2482 615 est,
2511 552 2812 619 exemplum
2840 562 3053 620 praestat
3078 553 3144 605 ad
3168 553 3564 608 condimentum

1981 643 2236 707 ﬁdelium,
2281 643 2423 697 unde
2465 645 2554 698 alii
2597 644 2877 698 saliantur.
2912 643 3041 697 Nam
3071 654 3124 699 et
3152 645 3267 712 ipsu
3293 666 3321 695 ιι
3356 661 3458 699 non
3492 658 3566 697 ta-

1979 737 2091 792 cuit
2118 736 2362 792 Christus
2390 736 2571 791 dicens
2599 754 2611 790 :
2649 736 2952 791 Mementote
2982 736 3153 789 uxoris
3185 735 3300 803 Lat,
3331 737 3563 801 scilicet,

1982 844 2035 884 ιιι
2067 847 2165 886 nos
2192 841 2443 901 tanquam
2488 831 2600 887 sale
2629 831 2905 898 condiret,
2938 840 2994 885 ut
3024 848 3127 884 nun
3158 838 3406 900 tanquam
3440 831 3563 884 fatui

1982 924 2399 992 negligeremus,
2433 924 2526 978 sed
2577 924 2862 991 prudentes
2906 938 3236 977 caveremus.
3286 922 3396 977 Hoc
3422 923 3565 977 attint

1980 1023 2035 1069 et
2060 1015 2147 1069 illa
2172 1015 2475 1081 admonuit,
2505 1030 2627 1070 cum
2657 1017 2707 1070 in
2738 1024 2966 1069 statuam
3012 1015 3137 1068 salis
3166 1030 3425 1070 conversa
3461 1027 3565 1069 est.

1983 1105 2114 1159 lilud
2150 1120 2276 1161 vero
2302 1107 2593 1160 notandum
2626 1115 2737 1170 est,
2768 1106 2909 1175 quod
2942 1105 3059 1169 Lot,
3090 1105 3362 1160 ardentem
3397 1104 3569 1160 Sodo-

1984 1212 2129 1251 mam
2172 1196 2405 1267 fugiens,
2440 1199 2609 1268 Segor
2649 1198 2821 1264 venit,
2855 1208 2909 1253 et
2939 1213 3109 1269 nequa
3133 1214 3271 1267 ,uam
3320 1199 3385 1252 ad
3416 1214 3567 1253 mou-

1984 1299 2102 1344 tana
2134 1292 2465 1347 conscendit.

1970 1412 1975 1418 ε
2053 1382 2108 1437 7.
2154 1382 2441 1436 Ardentem
2486 1382 2683 1453 quippe
2726 1382 3011 1437 Sodomam
3046 1383 3223 1452 lugere
3265 1389 3348 1437 est
3388 1380 3568 1435 illicita

1982 1475 2160 1529 carnis
2205 1474 2481 1542 incendia,
2527 1475 2607 1528 vel
2650 1474 2831 1527 mundi
2862 1474 3124 1528 desideria
3155 1474 3447 1528 declinare.
3478 1472 3570 1526 Al-

1984 1564 2152 1618 titudo
2180 1579 2307 1617 vero
2336 1564 2591 1618 montium
2623 1564 2915 1633 Speculatio
2943 1573 3020 1617 est
3050 1562 3409 1633 perfectorum
3432 1580 3449 1628 ;
3470 1565 3566 1619 sed

1984 1658 2101 1724 quia
2135 1658 2285 1711 multi
2317 1668 2442 1711 sunt
2475 1656 2628 1725 justi,
2675 1657 2765 1727 qui
2810 1656 2992 1710 mundi
3025 1656 3237 1722 quidem
3286 1655 3570 1710 illecebras

1918 1770 1957 1825 η
1988 1746 2215 1815 fugiunt.
2247 1748 2339 1803 sed
2366 1750 2621 1801 tamenin
2647 1748 2860 1801 actione
2891 1746 3069 1816 positi,
3100 1744 3570 1815 contemplationis

1985 1840 2193 1909 apicem
2246 1842 2430 1896 subire
2465 1852 2759 1909 nequeunt,
2817 1840 2916 1894 hoc
2955 1851 3036 1894 ρει
3064 1883 3078 1906 ,
3123 1840 3271 1908 quod
3309 1839 3571 1907 exiitqui-

1984 1931 2105 1984 dem
2137 1930 2237 1985 Lot
2282 1931 2349 1984 de
2387 1932 2638 1985 Sodomis
2663 1971 2676 1994 ,
2714 1931 2805 1983 sed
2853 1938 3031 1984 tamen
3072 1930 3137 1983 ad
3179 1940 3426 1984 montana
3462 1944 3568 1983 non

1988 2022 2253 2090 pervenit,
2280 2024 2399 2090 quia
2434 2023 2559 2075 licet
2592 2022 2701 2090 jam
2742 2021 3059 2075 damnabilis
3092 2020 3194 2073 vita
3228 2019 3568 2089 reiinquitttr,

1986 2111 2079 2166 sed
2101 2114 2277 2165 adhuc
2306 2110 2567 2166 celsitudo
2610 2110 2992 2180 speculationis
3032 2110 3300 2165 subtiliter
3340 2124 3445 2163 non
3493 2118 3569 2162 te-

1987 2211 2164 2256 netur.

2058 2296 2114 2347 8.
2174 2294 2300 2348 Inde
2344 2294 2484 2347 idem
2533 2293 2633 2347 Lot
2669 2294 2732 2346 all
2765 2292 3015 2364 angelum
3054 2291 3229 2345 dicit:
3273 2289 3365 2344 Est
3393 2290 3571 2342 ciuitas

1984 2386 2017 2437 It
2038 2404 2094 2439 re
2114 2389 2294 2458 juxta,
2326 2386 2395 2438 ad
2420 2402 2575 2455 quant
2604 2401 2812 2455 possum
2858 2386 3053 2453 fugere,
3110 2398 3284 2451 parva,
3315 2391 3359 2434 et
3399 2379 3571 2435 salva-

1985 2478 2076 2532 bor
2105 2480 2159 2531 in
2188 2494 2266 2532 ea.
2297 2476 2565 2547 Numquid
2614 2493 2715 2530 non
2768 2476 2965 2529 modica
3007 2484 3100 2539 est,
3155 2485 3201 2527 et
3232 2477 3354 2528 vivet
3395 2474 3571 2526 animo

1986 2586 2099 2624 mea
2123 2571 2178 2623 in
2206 2586 2266 2624 ea
2288 2572 2313 2624 1’
2340 2569 2499 2624 Juxta
2533 2570 2691 2639 igitur
2713 2568 2928 2631 dicitur,
2947 2577 3003 2622 et
3026 2576 3206 2621 tamen
3250 2566 3315 2620 ad
3343 2567 3569 2620 salutem

1987 2672 2098 2717 tuta
2128 2677 2248 2717 esse
2277 2661 2611 2731 perhibetur,
2647 2660 2767 2730 quia
2799 2659 3026 2714 actualis
3056 2656 3159 2711 vita
3191 2672 3290 2711 nec
3322 2672 3350 2709 ιι
3384 2657 3568 2710 mundi

1985 2756 2130 2809 curis
2168 2770 2235 2810 ex
2266 2764 2378 2810 toto
2404 2755 2638 2810 discreta
2666 2765 2771 2819 est,
2803 2768 2900 2808 nec
2924 2761 3101 2808 tamen
3134 2767 3161 2804 a
3192 2750 3385 2822 gaudio
3408 2761 3570 2806 a-ter-

1988 2860 2074 2900 nte
2102 2845 2290 2900 salutis
2320 2847 2514 2901 aliena.

2058 2937 2113 2992 9.
2146 2937 2201 2992 lu
2235 2939 2353 3009 ipso
2402 2952 2585 2995 autem
2641 2948 2764 2993 actu
2821 2938 2941 3003 Lot,
2982 2937 3195 3007 quando
3223 2934 3345 2988 ﬁliae
3376 2950 3573 2989 concu-

1988 3033 2218 3088 buerunt
2243 3046 2363 3087 cum
2394 3046 2492 3099 eo,
2520 3032 2680 3104 307
2714 3048 2817 3086 non
2858 3031 3008 3097 illud,
3042 3029 3184 3098 quod
3226 3044 3348 3083 cum
3389 3044 3417 3081 a
3471 3027 3573 3084 So-

281 3126 358 3179 sui
410 3133 783 3179 tractaverunt
831 3123 1135 3188 libidinose,
1164 3123 1216 3177 in
1270 3123 1359 3176 illo
1404 3120 1583 3177 futuro
1632 3121 1881 3176 incendio
1909 3142 1955 3203 ε
1987 3123 2165 3179 domis
2193 3121 2455 3181 liberatus
2483 3131 2568 3177 est
2601 3162 2618 3188 ,
2670 3122 2765 3177 sed
2794 3122 2939 3176 aliud
2974 3121 3255 3191 ﬁguratum
3287 3128 3390 3176 est.
3421 3120 3570 3174 'l'unc

279 3214 664 3269 coitct'etnatidi
693 3222 839 3266 sunt.

347 3304 403 3356 ἱ.
440 3304 562 3374 lpse
591 3313 768 3357 autem
801 3302 899 3357 Lot
929 3302 1094 3359 frater
1122 3302 1395 3357 Abraham
1418 3301 1596 3373 justus
1620 3312 1676 3357 et
1707 3302 1884 3370 Ιιυειιῑ-

280 3396 397 3449 talis
432 3397 492 3449 in
541 3394 819 3458 Sodomis,
868 3394 959 3464 qui
1003 3409 1067 3448 ex
1116 3394 1208 3448 illo
1256 3393 1537 3457 incendio,
1584 3393 1723 3459 quod
1771 3403 1886 3447 erat

280 3489 581 3545 similitudo
604 3489 765 3543 futuri
790 3489 970 3557 judicii
988 3529 1003 3553 ,
1026 3488 1189 3559 303
1209 3487 1403 3542 meruit
1426 3488 1606 3541 salvus
1631 3488 1881 3553 evadere,

283 3592 468 3652 typum
515 3582 736 3652 gerebat
779 3582 1020 3647 corporis
1064 3581 1296 3645 Christi,
1343 3579 1486 3649 quod
1530 3580 1582 3634 in
1635 3581 1885 3635 omnibus

283 3674 518 3737 sanctis,
550 3680 604 3725 et
635 3686 775 3724 nunc
822 3672 962 3724 inter
1005 3670 1217 3737 iniquos
1256 3679 1416 3739 atque
1462 3671 1652 3738 impios
1698 3671 1883 3740 gemit,

282 3778 512 3829 quorum
543 3764 698 3817 iactis
728 3778 832 3816 non
854 3763 1150 3827 consentit,
1178 3772 1233 3816 et
1267 3778 1294 3813 a
1323 3776 1549 3831 quorum
1578 3763 1886 3828 [‘tOI‘llliSilO'

284 3868 345 3907 ne
372 3856 426 3908 in
470 3855 654 3909 saeculi
690 3855 794 3908 ﬁne
822 3854 1158 3921 liberabitur,
1192 3854 1299 3908 illis
1326 3852 1595 3907 damnatis
1624 3853 1887 3922 supplicio
1936 3914 1947 3923 I

284 3946 417 4013 ignis
448 3946 663 3999 a-terni.

350 4038 405 4091 5.
442 4036 598 4093 Uxor
621 4046 802 4092 autem
833 4037 952 4105 ejus
983 4052 1165 4091 eorum
1185 4079 1198 4101 ,
1228 4037 1426 4091 seilicet
1449 4076 1464 4099 ,
1495 4049 1663 4106 genus
1694 4036 1888 4106 ﬁgura-

283 4132 383 4194 vit,
412 4128 506 4197 qui
527 4171 541 4193 ,
574 4143 670 4197 per
699 4130 923 4198 gratiam
956 4129 1045 4183 Dei
1076 4129 1285 4194 vocati,
1318 4138 1462 4183 retro
1485 4130 1808 4197 respiciunt,
1836 4139 1889 4184 et

281 4221 342 4273 ad
372 4236 438 4275 ea
464 4235 589 4290 quae
632 4220 959 4288 reliquerant
1000 4220 1179 4277 redire
1208 4220 1558 4275 contendunt.
1593 4221 1667 4275 De
1696 4221 1888 4290 quibus

281 4313 546 4365 Dominus
574 4326 590 4365 :
620 4309 788 4364 Nemo
809 4351 825 4377 ,
854 4310 1055 4380 inquit,
1103 4328 1292 4382 ponens
1313 4328 1523 4365 manum
1552 4328 1698 4365 suam
1737 4328 1889 4379 super

281 4414 536 4467 aratrum,
570 4412 619 4455 et
637 4402 912 4470 respiciens
937 4413 1088 4469 retro,
1116 4412 1267 4472 aptus
1293 4411 1365 4455 est
1401 4418 1556 4473 regno
1590 4401 1702 4457 Dei.
1738 4401 1889 4458 Unde

1987 3216 2129 3272 enim
2160 3217 2275 3286 ipse
2306 3216 2406 3271 Lot
2435 3216 2628 3271 futura:
2662 3216 2792 3285 legis
2825 3214 3111 3269 videbatur
3139 3224 3347 3282 gestare
3390 3227 3573 3282 perso-

1991 3324 2135 3373 nam,
2163 3324 2321 3379 quam
2351 3307 2570 3376 quidam
2618 3322 2683 3361 ex
2737 3308 2826 3361 illa
2884 3306 3189 3374 procreati,
3220 3317 3272 3359 et
3318 3306 3417 3358 sub
3458 3305 3573 3373 lege

1992 3400 2196 3469 positi,
2252 3398 2395 3453 male
2451 3397 2843 3466 intelligendo,
2901 3396 3298 3465 quodammodo
3358 3410 3417 3449 se
3485 3395 3571 3449 in-

1990 3493 2409 3561 ebriant,eaque
2434 3504 2540 3545 non
2561 3490 2799 3560 legitime
2816 3489 3037 3555 utendo,
3058 3487 3388 3542 inﬁdelitatis
3410 3502 3569 3555 opera

1988 3584 2221 3651 pariunt.
2242 3582 2386 3638 Bona
2409 3594 2481 3638 est
2505 3584 2637 3637 enim
2659 3587 2762 3651 lex,
2790 3584 2960 3655 inquit
2982 3586 3288 3652 Apostolus,
3319 3584 3361 3635 si
3381 3584 3494 3653 quis
3513 3600 3574 3637 ea

1988 3674 2211 3744 legitime
2238 3682 2410 3727 utatur
2436 3672 2489 3746 (I
2514 3673 2650 3729 Tim.
2684 3690 2723 3739 ι,
2758 3674 2833 3745 8).

2574 3765 2803 3821 CAPUT
2835 3766 2973 3820 XVI.

2457 3855 2533 3909 De
2564 3857 2849 3910 Abimelech
2871 3867 2916 3909 et
2948 3857 3103 3911 Sara.

2064 3947 2113 3998 l.
2147 3944 2401 4013 Sequitur
2437 3945 2629 3999 dehinc
2660 3944 2877 3999 historia
2905 3946 2971 4000 de
2993 3946 3324 4011 Abimeleclt,
3356 3947 3571 4015 quando

1993 4035 2259 4090 Abraham
2307 4035 2473 4089 tacuit
2496 4035 2683 4091 Saram
2716 4050 2935 4090 uxorem
2965 4052 3115 4091 suam
3164 4052 3309 4102 esse,
3353 4049 3406 4093 et
3437 4039 3571 4093 dixit

1991 4142 2251 4191 sororem,
2284 4142 2373 4192 ne,
2405 4142 2462 4181 se
2492 4126 2692 4195 occiso,
2730 4128 2797 4181 ab
2825 4129 3134 4198 alienigenis
3162 4129 3367 4198 captiva
3399 4130 3574 4197 possi-

1992 4217 2249 4283 deretur;
2280 4231 2458 4273 certus
2496 4219 2565 4274 de
2598 4219 2726 4285 Deo,
2766 4220 2905 4289 quod
2936 4236 3052 4275 eam
3088 4220 3268 4274 violari
3299 4234 3407 4274 non
3450 4234 3573 4288 per-

1994 4308 2257 4371 mitteret,
2305 4309 2443 4362 sicut
2493 4324 2591 4363 nec
2639 4310 2867 4379 primum
2907 4327 2934 4361 a
2995 4309 3289 4367 Pharaone.
3334 4310 3483 4365 Unde
3520 4319 3577 4365 et

1994 4400 2328 4465 Abimcleclt,
2368 4416 2557 4455 somno
2585 4402 2970 4466 commonitus,
3024 4417 3125 4454 non
3166 4401 3576 4456 commaculavit

286 4494 430 4550 etilli
466 4493 783 4564 prohibetur
806 4501 951 4549 retro
974 4494 1239 4563 respicere
1257 4533 1271 4559 ,
1296 4503 1350 4547 ut
1372 4507 1465 4561 per
1492 4494 1542 4548 id
1564 4493 1889 4559 ostenderet,
1924 4507 1970 4569 ο
1996 4505 2115 4544 eam
2141 4489 2450 4555 concubitu,
2481 4490 2574 4545 sed
2604 4490 2851 4545 intactam
2884 4491 3117 4544 restituit
3140 4494 3351 4545 marito.

288 4601 388 4640 non
414 4600 544 4640 esse
573 4585 909 4639 redeundum
950 4584 1015 4638 ad
1051 4594 1285 4640 veterem
1316 4584 1505 4651 vitam,
1536 4583 1626 4654 qui
1651 4600 1744 4655 per
1772 4601 1889 4656 gra-

350 4764 489 4818 αλιι.
522 4778 615 4817 xv.
647 4762 692 4816 Ν
702 4802 713 4813 .
740 4764 795 4817 5.
820 4762 946 4828 Alii,
970 4763 1197 4816 fortasse
1220 4760 1431 4825 melius,
1466 4761 1587 4830 quia
1607 4763 1652 4813 si
1682 4762 1732 4813 in
1758 4778 1885 4830 quo-

288 4834 422 4887 libet.
455 4834 513 4888 ln
540 4836 638 4885 Ms.
672 4833 911 4887 Floreat.
945 4835 966 4886 ‘I
1002 4842 1085 4885 est
1110 4834 1479 4885 concrematuri
1506 4871 1520 4891 ,
1554 4846 1650 4899 pro
1677 4847 1884 4884 concre-

291 4906 494 4964 umrtdi,
518 4918 642 4972 qua:
672 4903 922 4971 loquendi
956 4903 1093 4956 ratio
1123 4902 1286 4956 simili
1313 4903 1471 4955 modo
1503 4917 1880 4969 nonnunquam

289 4973 532 5027 occurrit
554 4977 605 5026 in
632 4988 762 5028 mss.
782 4973 1067 5027 Codicihus
1091 4972 1578 5043 Etymologiarum,
1605 4980 1659 5025 et
1681 4972 1879 5025 alicubi

222 5050 229 5057 ’
290 5045 453 5096 etiam
493 5047 544 5095 in
579 5043 882 5108 Itnpressis.
917 5043 1091 5096 Anev.

358 5114 411 5169 6.
458 5112 607 5166 Illud
630 5130 746 5166 vero
771 5122 881 5167 not.
906 5115 1042 5181 quod
1069 5113 1183 5175 Lat,
1201 5128 1369 5181 usque
1395 5112 1458 5163 ad
1484 5112 1666 5165 salutis
1686 5112 1880 5179 aliena,

290 5188 455 5239 verba
484 5195 609 5237 Sttltl
631 5184 817 5246 Greg..
853 5184 1114 5237 Pastoral.
1153 5199 1209 5236 ιιι
1238 5201 1314 5246 p.,
1342 5198 1390 5235 c.
1423 5181 1515 5235 98.
1543 5183 1735 5237 (ἱιιιΑιη

357 5260 413 5308 1³.
443 5255 501 5307 In
532 5254 630 5307 Ms.
653 5255 688 5307 2
715 5254 951 5306 Floreat.
988 5254 1070 5308 bis
1098 5263 1213 5307 utar
1233 5270 1353 5309 cum
1390 5253 1698 5308 accusativo
1727 5270 1838 5306 eam
1865 5295 1879 5315 ,

292 5335 345 5376 ut
373 5342 425 5376 ιιι
461 5324 587 5377 aliis
617 5340 831 5390 quoque
863 5325 1048 5377 Isidori
1098 5326 1354 5393 operibus
1382 5339 1486 5376 non
1518 5338 1642 5377 raro
1667 5325 1883 5376 accidit.

292 5396 342 5446 ln
367 5394 514 5466 Cod.
549 5394 691 5466 Flor.
722 5393 781 5460 Ξ,
818 5406 934 5460 post
960 5395 1182 5466 legitime
1212 5404 1384 5466 utatur
1406 5394 1505 5466 hoc
1530 5394 1881 5466 fragmentum

294 5464 555 5517 additur:
595 5463 873 5518 Possumus
902 5463 1056 5535 super
1084 5465 1218 5532 [ilius
1249 5465 1342 5517 Lat
1374 5464 1659 5533 intelligere
1706 5479 1881 5535 super-

293 5535 427 5585 biam
452 5543 506 5587 et
536 5551 714 5587 canam
736 5534 974 5604 gloriam,
1001 5551 1112 5599 qua:
1135 5535 1251 5588 dua:
1280 5536 1401 5603 ﬁlia:
1448 5543 1728 5604 sequuntur
1769 5534 1886 5587 iflas

291 5606 376 5669 qui
419 5606 598 5658 carnis
628 5607 879 5657 incentiva
926 5607 1262 5671 reliquerunt,
1309 5615 1353 5658 et
1386 5605 1526 5657 bonis
1558 5605 1887 5657 adiunxerunt

291 5677 560 5743 Optrtbus,
594 5693 713 5743 quia
745 5679 1040 5747 plerumque
1086 5677 1147 5728 de
1178 5676 1303 5731 bona
1346 5692 1492 5747 opere
1523 5674 1841 5747 sttperbimus
1868 5716 1882 5741 ,

2065 4580 2119 4634 2.
2152 4580 2530 4635 Verumtamen
2558 4582 2677 4651 quis
2707 4595 2829 4636 tunc
2866 4582 2917 4637 in
2948 4583 3036 4638 illo
3066 4582 3389 4651 ﬁgurabatur
3435 4586 3572 4648 viro,

1990 4771 2037 4813 et
2087 4762 2267 4816 laudes
2313 4759 2580 4812 hominum
2625 4774 2850 4828 quaerere
2898 4759 3219 4828 satagimus;
3262 4775 3390 4828 quas
3439 4759 3573 4823 ﬁlius

1988 4848 2189 4886 necesse
2212 4840 2286 4883 est
2316 4831 2592 4899 fugiamus.
2640 4832 2774 4894 Quia
2807 4846 2909 4884 non
2932 4831 3141 4899 fecimus
3166 4829 3328 4897 (forte
3347 4870 3362 4893 ,
3391 4831 3431 4881 si
3465 4845 3568 4880 non

1987 4903 2270 4971 fugiamus)
2298 4899 2628 4954 iuebriabunt
2661 4916 2772 4967 nos,
2804 4910 2851 4954 et
2895 4901 3082 4971 facient
3107 4914 3377 4971 procreare
3408 4902 3567 4967 filios,

1987 4975 2039 5025 id
2060 4981 2156 5039 est,
2181 4971 2318 5023 mala
2345 4985 2519 5037 opera.
2549 4972 2719 5025 Anev.

2059 5042 2189 5096 Car.
2235 5055 2341 5094 xvi.
2389 5041 2452 5096 Ν.
2503 5042 2555 5094 1.
2587 5039 2779 5095 Tatum
2810 5049 2971 5110 caput
3014 5055 3045 5095 e
3091 5040 3183 5096 lib.
3238 5054 3345 5093 xxii
3389 5048 3571 5093 contra

1993 5112 2173 5166 Fanst.
2196 5110 2389 5165 Cum"

2066 5180 2203 5235 Ibid.
2241 5180 2422 5234 Tacuit
2473 5180 2684 5246 Saram,
2734 5196 2904 5249 usque
2932 5180 2997 5234 ad
3038 5182 3247 5245 marito,
3278 5195 3446 5248 conp.
3480 5178 3567 5233 33.

1991 5254 2184 5307 GBIAL.

2067 5321 2205 5376 Ibid.
2251 5318 2401 5386 Apud
2451 5318 2709 5373 Grialium
2750 5330 2802 5374 et
2846 5320 2978 5374 alios
3007 5329 3088 5373 est
3131 5320 3430 5372 restauravit
3474 5336 3519 5370 ui
3548 5342 3577 5363 ν.

1993 5397 2132 5458 rita;
2158 5390 2251 5445 sed
2280 5389 2468 5445 melius
2507 5399 2591 5446 est
2616 5390 2833 5444 restituit
2863 5390 3044 5443 marita
3080 5405 3200 5444 cum
3245 5390 3343 5444 Ms.
3376 5390 3571 5443 Albur-

1995 5463 2241 5523 noziano,
2273 5463 2442 5516 Asev.

2065 5536 2119 5585 ἓ.
2172 5531 2299 5597 Quis
2354 5542 2505 5598 tunc,
2566 5545 2731 5600 usque
2779 5530 2843 5583 ad
2891 5530 3238 5600 udimpletur,
3284 5545 3315 5585 e
3375 5544 3421 5583 c.
3478 5526 3570 5590 38,.

2002 5604 2191 5658 Cum.

2074 5672 2189 5726 Ibid
2242 5670 2423 5726 Honor
2458 5672 2657 5739 honori,
2696 5675 2911 5742 August.
2948 5672 3139 5727 Cum.
