4034 6148
248 308 350 363 9.59

1072 301 1532 369 QUIESTIONES
1572 303 1642 357 IN‘
1681 304 1832 356 YET.
1874 303 2167 359 TESTAM.
2194 335 2261 346 —
2288 310 2358 361 ΙΝ
2394 306 2710 364 GENESIN.

3398 316 3515 369 250.

239 417 484 489 projecit‘,
519 426 572 470 et
600 416 697 479 sic,
742 415 1149 469 demonstrante
1192 418 1381 485 angelo
1407 461 1421 481 ,
1475 418 1667 483 aspicit
1711 417 1819 470 loit-
1850 422 1896 479 Α
1926 419 2192 486 suscepit?
2231 435 2335 473 non
2362 422 2502 474 enim
2527 422 2759 476 senescit
2797 422 2955 487 Deus,
2998 425 3090 477 sed
3120 426 3235 493 ipsa
3263 441 3502 495 praenun-

239 521 373 572 tern,
403 506 741 577 signiﬁcabat
769 506 1029 574 quosdam
1057 518 1123 559 ex
1164 520 1230 558 eo
1258 508 1454 573 popqu
1484 507 1546 559 ad
1579 507 1821 561 umbram

236 598 363 667 ligni
389 598 569 653 crucis
599 596 861 665 refugium
893 597 1177 663 petituros.
1209 596 1360 663 Quod
1390 597 1665 651 exclamat
1690 613 1824 665 puer

238 692 474 761 plorans,
506 700 560 743 et
589 689 858 743 exaudivit
878 703 998 741 eum
1020 689 1183 753 Deus,
1204 698 1257 741 et
1279 689 1375 752 sic,
1411 688 1821 744 demonstrautc

234 781 445 851 angelo,
503 780 697 849 aspicit
727 778 952 843 fontem,
1008 779 1109 834 hoc
1140 795 1236 847 pro
1272 780 1378 833 illis
1400 780 1570 846 dicit,
1624 781 1713 850 qui
1755 797 1817 834 ex

232 872 433 928 ludatis
471 871 539 923 ad
564 871 839 924 Christum
868 878 1285 933 convertuntur,
1335 884 1397 922 ac
1440 870 1633 923 ﬂentes
1674 882 1821 924 retro

232 974 387 1019 actos
414 976 656 1023 errores,
688 960 1081 1028 esaudiuntur,
1120 963 1479 1029 reseratisque
1505 961 1673 1015 oculis
1702 976 1821 1015 cor-

233 1056 340 1120 dis,
396 1054 580 1109 vident
626 1053 824 1107 fontem
874 1066 1026 1121 aquai
1084 1053 1238 1115 vivae,
1292 1053 1341 1106 id
1395 1061 1497 1114 est,
1548 1051 1818 1107 Christum

231 1148 425 1204 Filium
458 1147 575 1210 Dei,
608 1147 696 1214 qui
736 1145 902 1199 dicit:
938 1143 1050 1215 Ege
1080 1162 1189 1198 sunt
1220 1150 1333 1213 fons
1361 1161 1508 1214 aqua:
1535 1149 1695 1209 aiore;
1733 1148 1821 1215 qui

228 1243 339 1295 sitit
366 1241 552 1305 traiciat,
597 1252 642 1294 et
693 1240 824 1293 bibat
858 1240 1038 1305 (Joan.
1071 1254 1166 1303 vtt,
1215 1239 1330 1309 57).
1366 1238 1516 1294 Unde
1544 1248 1599 1293 et
1628 1238 1818 1293 lsmael

228 1332 494 1387 exauditio
525 1334 928 1400 interpretatur.

307 1425 358 1475 6.
393 1423 629 1493 Angelus
671 1431 850 1475 autem
900 1423 1001 1477 iste
1042 1421 1343 1475 similitudo
1394 1429 1477 1475 est
1520 1419 1672 1482 Elite,
1724 1435 1819 1489 per

224 1530 387 1583 quem
415 1514 639 1582 populus
664 1513 767 1568 iste
794 1512 1097 1568 crediturus
1115 1523 1195 1565 est
1221 1514 1359 1567 sicut
1386 1527 1478 1581 per
1496 1511 1813 1566 Malachiam

228 1607 475 1660 dicitur:
520 1605 652 1660 Ecce
695 1622 789 1676 ego
830 1607 974 1659 mitto
1016 1606 1156 1658 vobis
1194 1603 1390 1669 Eliam,
1438 1607 1523 1673 qui
1560 1612 1817 1657 convertat

226 1700 390 1751 corda
434 1710 635 1765 patrum
679 1698 732 1750 in
776 1697 933 1765 ﬁlios.
980 1696 1177 1750 Verum
1208 1697 1346 1764 quod
1392 1697 1568 1749 statim
1608 1695 1817 1749 vocavit

1930 508 2079 563 tiatio
2108 509 2175 563 de
2211 510 2550 582 Christojam
2570 513 2965 583 quodammodo
2989 529 3257 587 senuerat,
3292 525 3511 591 quando

1927 610 2081 654 natus
2110 611 2195 655 est
2220 603 2486 660 Christus.

1996 690 2049 744 4.
2094 694 2340 748 lncltoata
2389 707 2469 750 est
2514 698 2655 751 enim
2698 698 2767 751 ab
2796 700 2981 766 Adam,
3025 701 3115 755 ubi
3147 703 3345 759 dictum
3375 716 3501 761 est:

1926 782 2091 839 Erunt
2112 790 2214 841 duo
2252 789 2305 841 in
2327 806 2481 843 carne
2512 807 2631 843 una.
2667 792 3067 846 Sacramentum
3098 795 3225 849 illttd
3255 812 3515 867 magnum,

1924 876 1977 929 in
2006 876 2218 935 Christo
2260 890 2313 935 et
2339 882 2391 935 in
2443 881 2704 945 Ecclesia,
2753 892 2807 937 et
2845 887 3169 952 completum
3219 896 3304 941 est
3347 874 3502 943 sexta

1923 975 2079 1022 aetate
2109 970 2317 1032 sazculi,
2364 985 2483 1039 quae
2532 982 2747 1026 senecta
2787 975 3197 1042 signiﬁcabatur
3235 978 3502 1046 Abrahae,

1921 1057 2042 1125 quia
2069 1058 2239 1127 ipsum
2267 1072 2657 1116 sacramentum
2687 1064 2775 1117 Dei
2796 1063 2905 1132 jam
2937 1067 3231 1135 longaevum
3278 1082 3412 1122 erat.
3438 1070 3502 1124 Et

1922 1160 2168 1204 senectus
2194 1152 2340 1207 Sane
2380 1152 2433 1204 in
2474 1154 2627 1218 plebe
2679 1155 2789 1221 Dei,
2823 1156 2922 1209 hoc
2949 1169 3050 1219 est,
3083 1160 3132 1210 in
3170 1160 3501 1216 multitudine

1921 1242 2324 1308 prophetarum,
2350 1244 2511 1313 312
2560 1244 2661 1298 hoc
2692 1248 2826 1300 idem
2860 1251 3141 1318 signiﬁcat,
3168 1252 3287 1320 quia
3316 1255 3367 1306 in
3400 1255 3502 1308 line

1920 1342 2220 1403 temporum
2251 1351 2315 1388 ex
2347 1336 2459 1404 ipsa
2488 1338 2642 1405 plebe
2672 1350 2973 1394 sanctarum
3016 1342 3313 1396 animarum
3344 1354 3497 1398 natus

1918 1431 2000 1476 est
2026 1420 2291 1479 Christus.

1989 1511 2042 1565 5.
2082 1512 2346 1570 Sterilitas
2365 1527 2541 1569 autem
2563 1516 2678 1584 ejus
2708 1517 2915 1570 intimat
2943 1522 3080 1588 quod
3108 1521 3158 1572 in
3190 1521 3289 1575 hoc
3310 1522 3504 1575 saeculo

1917 1618 2015 1673 spe
2063 1607 2199 1659 salvi
2251 1606 2377 1661 facti
2434 1624 2639 1673 sumus,
2700 1620 2751 1663 et
2803 1610 2853 1664 in
2901 1608 3113 1665 Christo
3159 1623 3407 1681 tanquam
3451 1614 3513 1667 in.

1928 1698 2072 1751 Isaac
2105 1713 2292 1751 omnes
2319 1699 2427 1753 nati
2470 1713 2674 1752 smnus.
2706 1701 2873 1764 Quem
2920 1711 3129 1768 partum
3174 1703 3406 1756 Ecclesia
3452 1704 3503 1756 in

227 1793 450 1861 angelus
482 1790 689 1845 Domini
716 1792 879 1859 Agar,
914 1790 1102 1844 dicens
1138 1808 1149 1841 :
1185 1788 1370 1858 Surge,
1417 1788 1541 1842 tolle
1569 1805 1808 1855 puerum,
1847 1780 1890 1838 Β
1919 1787 2023 1840 line
2052 1796 2350 1857 temporum
2383 1790 2607 1844 mirabili
2653 1792 2749 1844 Dei
2790 1793 2976 1859 gratia,
3011 1808 3115 1846 non
3148 1794 3371 1847 naturali
3418 1793 3507 1848 l'e-

224 1888 343 1955 quia
375 1887 429 1938 in
458 1894 656 1955 gentem
700 1900 938 1954 magnam
989 1884 1175 1953 faciam
1218 1898 1354 1945 eum,
1404 1882 1504 1935 hoc
1541 1881 1810 1949 signiﬁca-

225 1976 330 2039 bat,
395 1981 510 2029 sive
548 1974 687 2042 quod
728 1975 975 2043 copiosus
1024 1974 1328 2028 Judteorum
1380 1975 1607 2041 p0pulus
1660 1982 1811 2025 esset

225 2076 546 2136 regnaturus
576 2065 630 2119 in
659 2066 935 2131 saeculum,
965 2064 1076 2120 sive
1107 2066 1225 2131 quia
1257 2065 1494 2119 cmlestis
1521 2063 1669 2133 regni
1701 2064 1812 2131 glo-

227 2158 357 2211 riam
402 2156 743 2211 consecuturi
775 2165 976 2222 essent,
1027 2154 1119 2225 qui
1146 2170 1212 2210 ex
1238 2155 1318 2209 eis
1347 2154 1707 2208 credidissent
1758 2158 1809 2207 in

222 2249 521 2303 Christum.

286 2342 343 2394 7.
377 2341 532 2407 Quod
560 2350 737 2395 autem
770 2340 1016 2396 eumdem
1049 2339 1317 2409 angelum,
1365 2340 1454 2409 qui
1488 2342 1718 2410 loquitur
1744 2342 1807 2396 ad

228 2434 392 2500 Agar,
442 2431 593 2497 prius
617 2431 863 2498 angelum
914 2429 1187 2500 Scriptura
1222 2432 1565 2499 przenuntiat,
1615 2431 1809 2488 deinde

226 2523 416 2585 Deum,
446 2521 636 2575 Filium
670 2522 763 2576 Dei
793 2537 915 2577 eum
968 2521 1134 2577 fuisse
1182 2522 1511 2576 credemlum
1564 2533 1671 2588 est,
1719 2526 1809 2593 qui

224 2629 315 2681 per
340 2613 516 2681 legem
551 2624 606 2665 et
638 2613 927 2681 prophetas
953 2629 1166 2681 semper
1190 2614 1397 2668 locutus
1423 2625 1526 2667 est.
1561 2616 1657 2681 Qui
1690 2634 1809 2682 prus

221 2712 341 2770 pter
370 2702 731 2756 obedientiam
768 2712 1003 2771 paterna:
1055 2705 1342 2757 voluntatis
1382 2708 1604 2773 angelus
1651 2724 1810 2761 voea-

223 2802 347 2857 tur;
395 2793 539 2847 Deus
584 2806 760 2848 autem
807 2796 1101 2848 secundum
1154 2806 1396 2849 naturatn
1448 2796 1643 2863 Patris,
1684 2801 1804 2868 quia

219 2898 344 2940 rere
374 2894 429 2939 et
456 2884 573 2954 ipse
597 2884 758 2953 Deus,
791 2886 930 2939 sicut
958 2895 1011 2939 et
1044 2886 1222 2940 Pater.

715 2976 873 3045 3n
913 2974 1141 3030 CAPUT
1183 2975 1366 3030 xvnt.

398 3066 479 3120 De
506 3084 586 3131 eo,
619 3066 756 3134 quod
781 3065 959 3119 obtulit
985 3066 1245 3119 Abraham
1270 3068 1433 3134 ﬁliam
1460 3085 1626 3122 suam.

1915 1881 2208 1943 cunditate,
2242 1884 2566 1950 procreavit.
2598 1882 2714 1936 Jam
2757 1884 2949 1937 deinde
2975 1885 3247 1953 sequentis
3271 1886 3510 1942 historia}

1914 1980 2308 2024 sacramentum
2363 1974 2488 2039 quid
2531 1974 2843 2042 imaginarie
2894 1976 3281 2042 portendebat,
3335 1976 3504 2047 inspi-

1914 2060 2160 2114 ciendum
2207 2072 2311 2115 est.
2349 2062 2482 2128 Quis
2511 2079 2637 2131 ergo
2665 2064 2715 2115 in
2750 2064 3063 2129 Abraham,
3106 2076 3161 2119 ut
3186 2067 3505 2135 praedictum

1915 2162 2016 2215 est,
2051 2167 2144 2219 per
2174 2152 2318 2206 illam
2364 2154 2783 2208 immolationem
2818 2156 3181 2223 ligurabatur,
3216 2157 3315 2211 nisi
3342 2156 3501 2213 Pater

1916 2247 2197 2298 excelsus?
2225 2248 2354 2312 Quis
2382 2247 2430 2299 itt
2462 2245 2630 2314 Isaac,
2665 2247 2764 2301 nisi
2795 2246 3077 2305 Christus?

1990 2342 2042 2390 ϋ.
2086 2340 2216 2391 Nam
2241 2341 2375 2393 sicut
2406 2340 2677 2393 Abraham
2723 2341 2935 2393 unicum
2989 2341 3150 2394 lilium
3178 2353 3231 2395 et
3256 2342 3503 2396 dilectum

1914 2430 2024 2484 Deo
2052 2432 2327 2483 victimam
2360 2432 2569 2495 obtulit,
2596 2432 2668 2485 ita
2718 2431 2858 2485 Deus
2891 2432 3049 2486 Pater
3090 2433 3303 2486 unicum
3340 2434 3502 2487 lilium

1911 2535 2063 2574 suum
2116 2537 2211 2588 pro
2270 2522 2425 2576 nobis
2468 2523 2716 2576 omnibus
2762 2523 2995 2576 tradidit.
3055 2523 3121 2576 Et
3169 2523 3307 2577 sicut
3358 2524 3502 2578 Isaac

1912 2613 2021 2680 ipse
2049 2613 2149 2666 sibi
2180 2614 2315 2681 ligna
2360 2615 2610 2683 portavit,
2640 2613 2833 2682 quibus
2872 2622 2986 2667 erat
3015 2614 3386 2682 imponendus,
3432 2614 3507 2668 ita

1910 2711 1964 2755 et
1990 2702 2236 2756 Christus
2283 2705 2511 2774 gestavit
2557 2706 2608 2757 iu
2661 2705 2900 2759 humeris
2948 2706 3145 2773 ligmuu
3196 2707 3391 2771 crucis,
3442 2706 3495 2758 iu

1909 2807 2015 2861 quo
2050 2804 2166 2847 erat
2189 2794 2604 2863 cruciligendus.
2639 2795 2751 2855 Duo
2792 2808 2968 2849 autem
2998 2796 3138 2848 servi
3167 2795 3240 2848 illi
3273 2794 3502 2861 dimissi,

1910 2891 1964 2935 et
1995 2897 2101 2935 non
2150 2886 2390 2952 perducti
2438 2886 2502 2937 ad
2537 2885 2711 2939 locatn
2738 2885 3009 2951 sacriﬁcii,
3053 2885 3265 2939 Judzeos
3313 2886 3503 2954 ligara-

1910 2973 2059 3039 bant,
2084 2976 2173 3043 qui
2204 2990 2326 3029 cum
2366 2978 2636 3031 serviliter
2664 2977 2923 3041 viverent,
2957 2985 3011 3031 et
3039 2977 3324 3030 carnaliter
3345 2991 3500 3043 sape-

1913 3077 2033 3120 rent
2055 3107 2071 3133 ,
2119 3082 2224 3120 non
2257 3067 2623 3136 intelligebant
2653 3067 3003 3122 lnunilitatem
3028 3069 3245 3134 Christi,
3275 3086 3378 3124 non
3423 3070 3501 3122 itt-

284 3157 341 3213 ι,
383 3157 613 3213 Jubetur
642 3156 836 3211 deinde
875 3156 1144 3211 Abraham
1197 3160 1474 3213 immolare
1502 3161 1714 3215 unicum
1747 3162 1804 3216 ﬁ-
1836 3144 1882 3206 C
1915 3157 2225 3227 telligebant
2257 3158 2555 3227 passionem
2586 3159 2802 3225 Christi,
2853 3159 2971 3213 ideo
3003 3176 3107 3213 non
3139 3170 3502 3228 pervenerunt

219 3248 348 3302 lium
373 3262 554 3302 suum.
581 3248 676 3303 Ille
701 3257 879 3302 autem
899 3250 1276 3318 obtemperans
1292 3250 1401 3304 Deo
1425 3253 1583 3307 solvit
1602 3264 1800 3320 volunt,

217 3341 403 3394 stravit
428 3339 670 3408 asinum,
693 3340 951 3407 imposuit
978 3339 1142 3409 ligna,
1178 3355 1364 3396 servos
1395 3344 1549 3412 longe
1576 3345 1800 3411 dimisit,

217 3433 359 3485 solus
401 3445 527 3484 cum
558 3430 669 3484 lilio
698 3430 963 3496 ascendit,
1015 3414 1193 3487 triduo
1223 3432 1287 3486 ad
1320 3434 1494 3487 locum
1537 3438 1802 3504 pervenit.

220 3528 519 3595 Antequam
550 3523 768 3577 veniret
797 3525 934 3577 ﬁlius
966 3527 1031 3578 ad
1063 3527 1239 3579 locum
1267 3527 1536 3594 sacriticii,
1564 3530 1677 3598 ipse
1703 3530 1803 3585 sibi

222 3616 577 3671 immolandos
600 3615 742 3685 ligna
772 3618 1019 3683 portavit.

282 3707 337 3759 Ξ.
378 3708 585 3761 Deinde
612 3708 881 3762 Abraham
926 3707 1102 3776 gladio
1145 3717 1409 3773 armatur,
1439 3718 1493 3764 et
1526 3725 1647 3764 cum
1690 3713 1799 3782 jam

216 3808 348 3864 pene
394 3796 601 3861 feriret,
626 3796 947 3851 admonetur
980 3810 1033 3850 ut
1080 3809 1348 3865 parceret;
1377 3810 1430 3853 et
1483 3816 1589 3853 non
1620 3811 1798 3857 tamen

215 3890 328 3942 sine
345 3889 634 3956 sacriﬁcio,
651 3889 767 3942 sine
779 3889 1032 3959 sanguine
1046 3889 1161 3943 l’uso
1176 3892 1397 3945 recedit.
1415 3896 1641 3959 Apparet
1660 3909 1803 3947 nam-

215 3997 314 4048 que
356 3982 497 4035 aries
543 3982 596 4035 in
628 3996 795 4050 vepre
834 3982 1102 4036 inhaerens
1141 3984 1418 4047 cornibus,
1472 3985 1795 4051 immolatur,

217 4075 591 4143 peragiturque
633 4073 979 4128 sacrificium.
1016 4074 1237 4130 Peracto
1279 4076 1565 4140 sacrilicio,
1607 4076 1800 4130 dicitur

213 4165 277 4215 ad
319 4165 587 4217 Abraham
615 4184 628 4219 :
662 4164 965 4218 Benedicant
1018 4167 1126 4232 tibi,
1186 4177 1231 4219 et
1261 4166 1608 4230 multiplicabo
1633 4184 1797 4222 semen

214 4263 378 4317 tuum,
410 4254 542 4307 sicut
583 4254 760 4306 stellas
789 4255 932 4320 cali,
973 4265 1021 4309 et
1044 4256 1175 4308 t-elat
1198 4271 1401 4307 arenam
1424 4256 1598 4308 muris.
1624 4255 1799 4309 Posti-

211 4346 343 4398 debit
364 4362 533 4399 seruen
561 4356 703 4398 tuum
737 4358 911 4413 portas
930 4348 1248 4400 inimicorum
1270 4362 1503 4410 suorum,
1529 4359 1573 4400 et
1597 4348 1799 4400 benedi-

210 4448 386 4490 antur
414 4442 465 4490 in
492 4443 681 4492 sentiae
723 4450 810 4491 tuo
846 4455 1018 4492 omnes
1038 4449 1206 4509 gentes
1230 4447 1397 4505 terrte,
1438 4441 1558 4507 quia
1586 4441 1799 4495 obediin

212 4532 317 4582 soci
336 4546 484 4582 meat.

279 4622 336 4675 5.
382 4626 492 4693 Age
520 4639 684 4689 nunc,
716 4625 991 4678 videamus
1019 4624 1144 4692 quid
1176 4624 1276 4677 sub
1321 4624 1478 4694 hujus
1500 4640 1803 4680 sacramen—

212 4719 247 4766 ti
282 4716 450 4767 lateat
475 4719 753 4784 mysterio.
786 4716 890 4769 Iste
920 4715 1066 4769 enim
1100 4716 1392 4779 Abraham,
1436 4718 1648 4785 quando
1681 4720 1801 4770 uni-

210 4824 333 4861 cum
367 4810 529 4861 lilmm
571 4823 727 4861 suum
750 4809 1000 4875 perduxit
1024 4808 1087 4861 ad
1134 4808 1541 4875 iuunulaudum,
1578 4807 1806 4862 habebat

210 4911 495 4962 personam
532 4899 626 4952 Dei
657 4897 849 4951 Patris.
884 4898 989 4954 Sed
1034 4898 1160 4967 quid
1190 4905 1294 4962 est,
1324 4897 1463 4967 quod
1488 4912 1610 4952 eum
1640 4914 1803 4953 senex

280 5036 336 5086 τ.
373 5032 560 5085 Filiam
590 5034 702 5087 Dei.
760 5035 903 5089 Idem
946 5034 1037 5089 lib.
1072 5051 1087 5088 ι
1119 5034 1372 5087 adversus
1404 5033 1642 5094 Judaeos,
1678 5048 1726 5087 c.
1764 5037 1781 5088 l

209 5120 255 5158 et
290 5108 350 5159 3.
383 5105 575 5159 GBIAL.

278 5180 414 5231 Car.
456 5191 601 5229 xvut.
653 5175 717 5228 N.
769 5178 818 5229 1.
868 5176 1032 5246 Ligna
1064 5175 1465 5246 portavittQutc
1517 5183 1633 5246 post
1683 5176 1796 5230 inec

206 5249 463 5317 leguntur
481 5251 530 5300 in
559 5248 837 5314 Itnpressis
863 5265 874 5298 :
905 5244 1032 5311 Quis
1055 5248 1187 5299 alius
1206 5248 1259 5317 in
1291 5244 1463 5306 Isaac,
1488 5246 1574 5317 qui
1596 5244 1793 5313 lignum

203 5311 301 5370 sibi
330 5320 563 5389 portabat
610 5311 677 5368 ad
724 5318 1000 5389 victimam,
1052 5317 1150 5369 nisi
1177 5316 1433 5389 Christum
1480 5311 1679 5389 Iesum,
1707 5318 1795 5382 qui

203 5385 416 5441 narem
431 5390 519 5441 sibi
540 5390 610 5440 ad
640 5388 925 5456 passionem
952 5389 1056 5456 ipse
1086 5385 1345 5453 portavit?
1371 5394 1423 5439 et
1453 5386 1610 5452 paulo
1642 5396 1791 5452 post:

203 5462 340 5524 Quis
372 5460 503 5511 alius
531 5455 665 5512 aries
696 5455 1041 5511 immolandas
1080 5460 1133 5509 in
1163 5472 1309 5525 repre
1334 5455 1571 5509 cormbas
1617 5456 1793 5509 adlue-

203 5532 397 5583 rebat.’
425 5531 516 5582 nisi
544 5529 634 5600 qui
681 5530 846 5581 crucis
894 5528 1121 5600 patibulo
1174 5524 1266 5596 pro
1314 5524 1793 5600 nobisa/ferendus

198 5596 565 5670 affigebatar?
586 5608 711 5654 sunt
738 5596 950 5670 quidem
996 5598 1157 5653 verba
1190 5596 1486 5670 Augustini
1533 5612 1629 5660 xu,
1665 5611 1795 5670 cou-

200 5666 281 5724 te.
300 5666 599 5735 Faustum,
617 5685 735 5737 cap.
754 5669 953 5734 2.5,sed
986 5678 1130 5723 recte
1154 5669 1345 5722 absunt
1373 5683 1401 5720 a
1425 5666 1797 5731 Manuscriptis

198 5741 450 5799 melioris
466 5752 622 5798 notsz.
646 5742 825 5810 Neque
838 5742 977 5799 enim
998 5739 1435 5809 sunthnjnsloei;
1472 5746 1523 5793 et
1563 5737 1796 5793 Isidorus

1910 3248 1977 3301 ad
2009 3249 2183 3303 locum
2212 3248 2485 3303 sacriﬁcii.

1978 3339 2031 3392 7.
2072 3338 2179 3393 Cur
2208 3349 2385 3394 autem
2416 3339 2522 3394 duo
2554 3339 2716 3403 servi,
2748 3340 2849 3395 nisi
2878 3341 3003 3409 quia
3042 3339 3270 3408 populus
3303 3339 3414 3408 ipse
3443 3340 3498 3393 in

1906 3433 2040 3486 duas
2077 3442 2255 3503 partes
2282 3433 2597 3487 dividendus
2638 3435 2787 3487 erat?
2819 3434 2958 3501 quod
2989 3432 3184 3486 factum
3209 3443 3313 3497 est,
3337 3433 3498 3488 Salo-

1906 3538 2063 3579 mone
2109 3535 2386 3593 peccante,
2446 3525 2660 3594 quando
2708 3524 2908 3579 divisns
2951 3533 3033 3579 est
3082 3524 3220 3577 idem
3274 3526 3498 3593 populus

1908 3618 2027 3672 loco
2076 3617 2250 3687 regni,
2314 3631 2417 3671 non
2478 3632 2664 3672 errore
2719 3616 3045 3684 impietatis;
3094 3616 3289 3685 quibus
3333 3618 3494 3669 etiam

1905 3723 2049 3777 saepe
2080 3724 2173 3775 per
2215 3709 2525 3777 prophetam
2564 3708 2791 3760 dicitur:
2826 3706 3161 3760 Adcersatria:
3204 3706 3391 3775 Israel,
3448 3719 3495 3762 et

1905 3802 2290 3869 prwvaricatrix
2331 3800 2473 3853 Juda
2519 3799 2743 3871 (Jerem.
2780 3814 2865 3865 ιιι,
2892 3799 2945 3863 6,
2973 3799 3049 3867 7).
3091 3800 3285 3852 Asinus
3312 3809 3490 3854 autent

1906 3892 1996 3945 ille
2034 3893 2297 3945 insensata
2328 3901 2411 3944 est
2449 3891 2667 3943 stultitia
2718 3889 3045 3943 ludat-orum.
3092 3891 3190 3942 Ista
3228 3891 3489 3943 insensata

1905 3981 2127 4036 stultitia
2177 3981 2413 4049 portabat
2444 3982 2617 4035 omnia
2651 3990 2982 4033 sacramenta
3004 4020 3018 4043 ,
3047 3989 3097 4033 et
3121 3980 3261 4049 quod
3291 3980 3493 4034 ferebat

1904 4072 2209 4128 nesciebat?

1973 4166 2026 4219 8.
2068 4163 2183 4219 Jam
2241 4164 2382 4232 quod
2429 4163 2629 4218 dictum
2673 4173 2749 4216 est
2776 4164 2891 4217 eis:
2926 4162 3235 4233 Exspectate
3264 4164 3347 4217 Itic
3377 4182 3490 4217 cum

1902 4258 2049 4310 asino
2080 4265 2389 4325 :postquam
2438 4255 2857 4319 adorut'crimus,
2917 4264 3219 4307 revertemur
3270 4259 3337 4307 ad
3384 4273 3489 4323 vos,

1905 4348 2216 4417 Apostolutn
2242 4346 2365 4399 audi
2395 4346 2661 4399 dicentem
2691 4362 2705 4400 :
2738 4344 2954 4398 chitas
2976 4386 2990 4408 ,
3035 4346 3221 4413 inquit,
3255 4362 3317 4398 ea:
3349 4358 3497 4413 parte

1903 4442 1955 4494 in
1985 4439 2152 4493 Israel
2193 4440 2327 4509 facta
2354 4446 2425 4490 est
2472 4436 2649 4504 (liam.
2674 4451 2747 4499 ιι,
2780 4434 2893 4505 25).
2929 4436 3060 4501 Quid
3085 4446 3186 4499 est,
3214 4428 3494 4503 exspei'tate

1834 4516 1882 4574 ι)
1908 4531 1987 4583 hic
2010 4546 2125 4582 cum
2165 4528 2348 4582 asino?
2381 4534 2437 4579 ut
2475 4526 2758 4595 plenitudo,
2785 4526 2972 4594 inquit,
3005 4529 3228 4594 gentium
3251 4527 3485 4587 intraret,

1909 4624 2010 4676 hoc
2057 4632 2178 4689 est,
2224 4629 2501 4689 postquam
2546 4618 2965 4681 adoraverimus,
3025 4618 3111 4671 ubi
3167 4616 3489 4671 sacrilicium

1906 4714 2192 4769 dominica:
2223 4712 2398 4768 crucis
2431 4710 2707 4778 impletum
2744 4724 2835 4776 per
2880 4718 3067 4778 gentes
3114 4709 3269 4760 fuerit
3301 4707 3490 4775 pra-di-

1907 4822 2106 4869 catum,
2140 4807 2242 4861 hoc
2265 4815 2368 4869 est,
2403 4814 2458 4858 ut
2489 4803 2764 4872 plenitudo
2794 4804 3031 4869 gentium
3064 4801 3306 4853 intraret.

1979 4902 2037 4956 9.
2075 4898 2212 4964 Quid
2247 4906 2330 4951 est
2372 4904 2675 4948 revertemur
2702 4894 2769 4944 ad
2800 4893 2919 4944 ros?
2944 4906 2995 4945 et
3025 4891 3103 4944 sic
3128 4891 3297 4944 omnis
3331 4890 3489 4943 lsmcl

1902 5035 2000 5088 hac
2026 5034 2092 5087 de
2124 5049 2181 5085 re
2229 5031 2383 5096 paulo
2413 5037 2530 5096 post
2559 5026 2748 5080 cadent
2774 5038 2940 5093 prope
2968 5022 3130 5096 dicet.
3163 5018 3351 5072 GRIAL.

2090 5085 2344 5170 Vulgata,
2392 5085 2642 5160 arenam,
2693 5085 2804 5163 qua:
2863 5085 2933 5145 est
2987 5093 3038 5143 in
3091 5090 3261 5142 littore
3309 5091 3487 5141 maris.

1904 5176 2174 5311 Angvitge
2211 5256 2365 5303 nunc,
2394 5239 2636 5311 videant_.,
2660 5250 2829 5304 usque
2858 5233 2922 5285 ad
2956 5246 3225 5311 personant
3260 5229 3489 5311 Reipu-

1902 5317 2016 5378 tris,
2058 5302 2217 5379 atqtte
2247 5302 2382 5371 alia,
2430 5308 2655 5377 carptim
2706 5302 2755 5361 e'
2782 5319 3031 5359 sermone
3071 5307 3294 5369 August.
3324 5302 3384 5354 7t
3418 5305 3486 5353 de

1905 5396 2166 5449 tempore.
2202 5381 2396 5452 Cauta.
2743 5447 2751 5452 _
2784 5445 2793 5452 ι
3084 5441 3133 5452 η
3171 5442 3202 5451 ,,

1972 5441 2029 5511 6.·
2063 5455 2125 5506 Ιιί
2150 5453 2280 5506 sicut
2300 5450 2470 5514 Isaac,
2498 5462 2665 5517 usque
2688 5447 2753 5498 ad
2776 5445 2940 5498 locum
2961 5441 3221 5510 sacriﬁcii.
3258 5442 3331 5495 Ex
3356 5442 3486 5496 cod.

1902 5540 2068 5581 serm.
2096 5524 2289 5578 GRlAL.

1973 5600 2026 5651 8.
2069 5595 2287 5661 Vulgata
2313 5609 2328 5646 :
2360 5589 2571 5645 Caecitas
2594 5603 2663 5661 ea;
2693 5593 2838 5656 parte
2858 5584 3067 5661 contigit
3093 5584 3144 5638 in
3179 5581 3362 5646 Israel,
3391 5583 3487 5634 do-

1903 5686 1990 5725 nec
2020 5657 2284 5737 plenitudo
2317 5662 2540 5734 gentium
2586 5660 2818 5713 intraret.
2847 5657 3020 5710 Ant-:v.
