  <div class='ocr_page' id='page_1' title='image "/cluster/home/n/w/nwhite01/storage/ocr_20150623/83/hvd.32044054758875/513.png"; bbox 0 0 4084 6160; ppageno 0'>
   <div class='ocr_carea' id='block_1_1' title="bbox 468 213 606 276">
    <p class='ocr_par' dir='ltr' id='par_1_1' title="bbox 468 213 606 276">
     <span class='ocr_line' id='line_1_1' title="bbox 468 213 606 276; baseline 0 -4"><span class='ocrx_word' id='word_1_1' title='bbox 468 213 606 276; x_wconf 73' lang='grc'><strong>1015</strong></span> 
     </span>
    </p>
   </div>
   <div class='ocr_carea' id='block_1_2' title="bbox 476 323 2129 393">
    <p class='ocr_par' dir='ltr' id='par_1_2' title="bbox 476 323 2129 393">
     <span class='ocr_line' id='line_1_2' title="bbox 476 323 2129 393; baseline -0.005 -10"><span class='ocrx_word' id='word_1_2' title='bbox 476 330 556 383; x_wconf 78' lang='lat' dir='ltr'><strong>l&#39;ei</strong></span> <span class='ocrx_word' id='word_1_3' title='bbox 573 344 645 381; x_wconf 69' lang='lat' dir='ltr'><strong>rte</strong></span> <span class='ocrx_word' id='word_1_4' title='bbox 667 334 844 382; x_wconf 85' lang='lat' dir='ltr'><strong>autem</strong></span> <span class='ocrx_word' id='word_1_5' title='bbox 868 325 1143 391; x_wconf 79' lang='lat' dir='ltr'><strong>qualitate,</strong></span> <span class='ocrx_word' id='word_1_6' title='bbox 1178 324 1289 379; x_wconf 84' lang='lat' dir='ltr'><strong>sive</strong></span> <span class='ocrx_word' id='word_1_7' title='bbox 1321 323 1584 393; x_wconf 72' lang='lat' dir='ltr'><strong>positione</strong></span> <span class='ocrx_word' id='word_1_8' title='bbox 1605 324 1836 379; x_wconf 85' lang='lat' dir='ltr'><strong>sulliciat</strong></span> <span class='ocrx_word' id='word_1_9' title='bbox 1855 337 2047 377; x_wconf 79' lang='lat' dir='ltr'><strong>secun-</strong></span> <span class='ocrx_word' id='word_1_10' title='bbox 2078 326 2129 385; x_wconf 81' lang='grc' dir='ltr'><strong>Α</strong></span> 
     </span>
    </p>
   </div>
   <div class='ocr_carea' id='block_1_3' title="bbox 464 415 2043 492">
    <p class='ocr_par' dir='ltr' id='par_1_3' title="bbox 464 415 2043 492">
     <span class='ocr_line' id='line_1_3' title="bbox 464 415 2043 492; baseline -0.008 -13"><span class='ocrx_word' id='word_1_11' title='bbox 464 426 589 479; x_wconf 88' lang='lat' dir='ltr'><strong>dum</strong></span> <span class='ocrx_word' id='word_1_12' title='bbox 612 422 940 492; x_wconf 80' lang='lat' dir='ltr'><strong>Scripturam</strong></span> <span class='ocrx_word' id='word_1_13' title='bbox 966 420 1067 474; x_wconf 82' lang='lat' dir='ltr'><strong>Job</strong></span> <span class='ocrx_word' id='word_1_14' title='bbox 1087 419 1361 473; x_wconf 86' lang='lat' dir='ltr'><strong>sciendum</strong></span> <span class='ocrx_word' id='word_1_15' title='bbox 1393 418 1514 488; x_wconf 84' lang='lat' dir='ltr'><strong>quia</strong></span> <span class='ocrx_word' id='word_1_16' title='bbox 1547 415 1823 482; x_wconf 80' lang='lat' dir='ltr'><strong>suSpendit</strong></span> <span class='ocrx_word' id='word_1_17' title='bbox 1845 425 2043 470; x_wconf 89' lang='lat' dir='ltr'><strong>terram</strong></span> 
     </span>
    </p>
   </div>
   <div class='ocr_carea' id='block_1_4' title="bbox 467 507 2042 580">
    <p class='ocr_par' dir='ltr' id='par_1_4' title="bbox 467 507 2042 580">
     <span class='ocr_line' id='line_1_4' title="bbox 467 507 2042 580; baseline -0.009 -7"><span class='ocrx_word' id='word_1_18' title='bbox 467 515 522 573; x_wconf 84' lang='lat' dir='ltr'><strong>in</strong></span> <span class='ocrx_word' id='word_1_19' title='bbox 560 513 747 571; x_wconf 85' lang='lat' dir='ltr'><strong>nihilo.</strong></span> <span class='ocrx_word' id='word_1_20' title='bbox 782 530 804 566; x_wconf 83' lang='lat' dir='ltr'><strong>s</strong></span> <span class='ocrx_word' id='word_1_21' title='bbox 848 510 1156 577; x_wconf 77' lang='lat' dir='ltr'><strong>Philosophi</strong></span> <span class='ocrx_word' id='word_1_22' title='bbox 1197 523 1408 580; x_wconf 87' lang='lat' dir='ltr'><strong>quoque</strong></span> <span class='ocrx_word' id='word_1_23' title='bbox 1448 509 1694 563; x_wconf 76' lang='lat' dir='ltr'><strong>similiter</strong></span> <span class='ocrx_word' id='word_1_24' title='bbox 1735 507 2042 577; x_wconf 77' lang='lat' dir='ltr'><strong>opinantur,</strong></span> 
     </span>
    </p>
   </div>
   <div class='ocr_carea' id='block_1_5' title="bbox 466 599 2047 670">
    <p class='ocr_par' dir='ltr' id='par_1_5' title="bbox 466 599 2047 670">
     <span class='ocr_line' id='line_1_5' title="bbox 466 599 2047 670; baseline -0.009 -5"><span class='ocrx_word' id='word_1_25' title='bbox 466 622 592 665; x_wconf 87' lang='lat' dir='ltr'><strong>aere</strong></span> <span class='ocrx_word' id='word_1_26' title='bbox 620 607 787 662; x_wconf 88' lang='lat' dir='ltr'><strong>denso</strong></span> <span class='ocrx_word' id='word_1_27' title='bbox 817 615 1011 659; x_wconf 86' lang='lat' dir='ltr'><strong>terram</strong></span> <span class='ocrx_word' id='word_1_28' title='bbox 1044 601 1321 666; x_wconf 71' lang='lat' dir='ltr'><strong>sustineri,</strong></span> <span class='ocrx_word' id='word_1_29' title='bbox 1354 610 1408 657; x_wconf 87' lang='lat' dir='ltr'><strong>et</strong></span> <span class='ocrx_word' id='word_1_30' title='bbox 1437 602 1581 670; x_wconf 88' lang='lat' dir='ltr'><strong>quasi</strong></span> <span class='ocrx_word' id='word_1_31' title='bbox 1605 601 1877 669; x_wconf 83' lang='lat' dir='ltr'><strong>spongiam</strong></span> <span class='ocrx_word' id='word_1_32' title='bbox 1910 599 2047 652; x_wconf 91' lang='lat' dir='ltr'><strong>mole</strong></span> 
     </span>
    </p>
   </div>
   <div class='ocr_carea' id='block_1_6' title="bbox 468 690 2048 766">
    <p class='ocr_par' dir='ltr' id='par_1_6' title="bbox 468 690 2048 766">
     <span class='ocr_line' id='line_1_6' title="bbox 468 690 2048 766; baseline -0.005 -12"><span class='ocrx_word' id='word_1_33' title='bbox 468 715 564 755; x_wconf 85' lang='lat' dir='ltr'><strong>sua</strong></span> <span class='ocrx_word' id='word_1_34' title='bbox 588 697 911 753; x_wconf 79' lang='lat' dir='ltr'><strong>immobilem</strong></span> <span class='ocrx_word' id='word_1_35' title='bbox 936 696 1192 766; x_wconf 87' lang='lat' dir='ltr'><strong>pendere,</strong></span> <span class='ocrx_word' id='word_1_36' title='bbox 1219 694 1423 764; x_wconf 87' lang='lat' dir='ltr'><strong>sicque.</strong></span> <span class='ocrx_word' id='word_1_37' title='bbox 1457 704 1510 746; x_wconf 90' lang='lat' dir='ltr'><strong>ut</strong></span> <span class='ocrx_word' id='word_1_38' title='bbox 1538 692 1727 761; x_wconf 65' lang='lat' dir='ltr'><strong>aequali</strong></span> <span class='ocrx_word' id='word_1_39' title='bbox 1757 701 1902 746; x_wconf 87' lang='lat' dir='ltr'><strong>motu</strong></span> <span class='ocrx_word' id='word_1_40' title='bbox 1928 690 2048 746; x_wconf 90' lang='lat' dir='ltr'><strong>hinc</strong></span> 
     </span>
    </p>
   </div>
   <div class='ocr_carea' id='block_1_7' title="bbox 467 784 2047 862">
    <p class='ocr_par' dir='ltr' id='par_1_7' title="bbox 467 784 2047 862">
     <span class='ocr_line' id='line_1_7' title="bbox 467 784 2047 862; baseline -0.005 -16"><span class='ocrx_word' id='word_1_41' title='bbox 467 802 627 862; x_wconf 86' lang='lat' dir='ltr'><strong>atque</strong></span> <span class='ocrx_word' id='word_1_42' title='bbox 656 792 799 855; x_wconf 83' lang='lat' dir='ltr'><strong>inde,</strong></span> <span class='ocrx_word' id='word_1_43' title='bbox 836 790 996 843; x_wconf 84' lang='lat' dir='ltr'><strong>veluti</strong></span> <span class='ocrx_word' id='word_1_44' title='bbox 1030 789 1233 842; x_wconf 79' lang='lat' dir='ltr'><strong>alarum</strong></span> <span class='ocrx_word' id='word_1_45' title='bbox 1265 786 1478 841; x_wconf 82' lang='lat' dir='ltr'><strong>sull&#39;ulta</strong></span> <span class='ocrx_word' id='word_1_46' title='bbox 1509 784 1767 853; x_wconf 79' lang='lat' dir='ltr'><strong>remigiis,</strong></span> <span class='ocrx_word' id='word_1_47' title='bbox 1798 801 1861 838; x_wconf 83' lang='lat' dir='ltr'><strong>ex</strong></span> <span class='ocrx_word' id='word_1_48' title='bbox 1902 784 2047 838; x_wconf 88' lang='lat' dir='ltr'><strong>omni</strong></span> 
     </span>
    </p>
   </div>
   <div class='ocr_carea' id='block_1_8' title="bbox 468 877 2046 953">
    <p class='ocr_par' dir='ltr' id='par_1_8' title="bbox 468 877 2046 953">
     <span class='ocr_line' id='line_1_8' title="bbox 468 877 2046 953; baseline -0.004 -17"><span class='ocrx_word' id='word_1_49' title='bbox 468 893 620 953; x_wconf 88' lang='lat' dir='ltr'><strong>parte</strong></span> <span class='ocrx_word' id='word_1_50' title='bbox 648 882 834 937; x_wconf 87' lang='lat' dir='ltr'><strong>librata</strong></span> <span class='ocrx_word' id='word_1_51' title='bbox 860 879 1207 951; x_wconf 86' lang='lat' dir='ltr'><strong>propendeat,</strong></span> <span class='ocrx_word' id='word_1_52' title='bbox 1241 896 1338 934; x_wconf 87' lang='lat' dir='ltr'><strong>nec</strong></span> <span class='ocrx_word' id='word_1_53' title='bbox 1363 880 1414 933; x_wconf 91' lang='lat' dir='ltr'><strong>in</strong></span> <span class='ocrx_word' id='word_1_54' title='bbox 1448 888 1652 948; x_wconf 80' lang='lat' dir='ltr'><strong>pattem</strong></span> <span class='ocrx_word' id='word_1_55' title='bbox 1677 877 1877 946; x_wconf 78' lang='lat' dir='ltr'><strong>possint</strong></span> <span class='ocrx_word' id='word_1_56' title='bbox 1903 877 2046 930; x_wconf 88' lang='lat' dir='ltr'><strong>incli-</strong></span> 
     </span>
    </p>
   </div>
   <div class='ocr_carea' id='block_1_9' title="bbox 472 971 862 1028">
    <p class='ocr_par' dir='ltr' id='par_1_9' title="bbox 472 971 862 1028">
     <span class='ocr_line' id='line_1_9' title="bbox 472 971 862 1028; baseline -0.008 0"><span class='ocrx_word' id='word_1_57' title='bbox 472 971 592 1028; x_wconf 80' lang='lat' dir='ltr'><strong>nari</strong></span> <span class='ocrx_word' id='word_1_58' title='bbox 619 972 862 1027; x_wconf 83' lang='lat' dir='ltr'><strong>alteram.</strong></span> 
     </span>
    </p>
   </div>
   <div class='ocr_carea' id='block_1_10' title="bbox 537 1058 2050 1129">
    <p class='ocr_par' dir='ltr' id='par_1_10' title="bbox 537 1058 2050 1129">
     <span class='ocr_line' id='line_1_10' title="bbox 537 1058 2050 1129; baseline -0.003 -14"><span class='ocrx_word' id='word_1_59' title='bbox 537 1062 595 1116; x_wconf 76' lang='lat'><strong>2.</strong></span> <span class='ocrx_word' id='word_1_60' title='bbox 614 1061 1017 1129; x_wconf 76' lang='lat' dir='ltr'><strong>Verumtamen,</strong></span> <span class='ocrx_word' id='word_1_61' title='bbox 1045 1069 1244 1125; x_wconf 87' lang='lat' dir='ltr'><strong>utrttm,</strong></span> <span class='ocrx_word' id='word_1_62' title='bbox 1268 1061 1532 1116; x_wconf 76' lang='lat' dir='ltr'><strong>densitate</strong></span> <span class='ocrx_word' id='word_1_63' title='bbox 1552 1059 1690 1114; x_wconf 90' lang='lat' dir='ltr'><strong>aeris</strong></span> <span class='ocrx_word' id='word_1_64' title='bbox 1704 1058 2050 1125; x_wconf 85' lang='lat' dir='ltr'><strong>sustineatur,</strong></span> 
     </span>
    </p>
   </div>
   <div class='ocr_carea' id='block_1_11' title="bbox 472 1152 2051 1225">
    <p class='ocr_par' dir='ltr' id='par_1_11' title="bbox 472 1152 2051 1225">
     <span class='ocr_line' id='line_1_11' title="bbox 472 1152 2051 1225; baseline -0.004 -14"><span class='ocrx_word' id='word_1_65' title='bbox 472 1173 539 1211; x_wconf 87' lang='lat' dir='ltr'><strong>an</strong></span> <span class='ocrx_word' id='word_1_66' title='bbox 566 1167 729 1225; x_wconf 83' lang='lat' dir='ltr'><strong>super</strong></span> <span class='ocrx_word' id='word_1_67' title='bbox 748 1171 937 1225; x_wconf 82' lang='lat' dir='ltr'><strong>aquam</strong></span> <span class='ocrx_word' id='word_1_68' title='bbox 974 1154 1233 1225; x_wconf 80' lang='lat' dir='ltr'><strong>pendeat,</strong></span> <span class='ocrx_word' id='word_1_69' title='bbox 1266 1155 1387 1224; x_wconf 89' lang='lat' dir='ltr'><strong>quia</strong></span> <span class='ocrx_word' id='word_1_70' title='bbox 1432 1152 1682 1209; x_wconf 90' lang='lat' dir='ltr'><strong>scribitur</strong></span> <span class='ocrx_word' id='word_1_71' title='bbox 1711 1152 1797 1221; x_wconf 85' lang='lat' dir='ltr'><strong>qui</strong></span> <span class='ocrx_word' id='word_1_72' title='bbox 1823 1152 2051 1221; x_wconf 78' lang='lat' dir='ltr'><strong>{undavit</strong></span> 
     </span>
    </p>
   </div>
   <div class='ocr_carea' id='block_1_12' title="bbox 473 1243 2051 1318">
    <p class='ocr_par' dir='ltr' id='par_1_12' title="bbox 473 1243 2051 1318">
     <span class='ocr_line' id='line_1_12' title="bbox 473 1243 2051 1318; baseline -0.001 -17"><span class='ocrx_word' id='word_1_73' title='bbox 473 1257 665 1302; x_wconf 85' lang='lat' dir='ltr'><strong>terram</strong></span> <span class='ocrx_word' id='word_1_74' title='bbox 696 1264 850 1316; x_wconf 97' lang='lat' dir='ltr'><strong>super</strong></span> <span class='ocrx_word' id='word_1_75' title='bbox 894 1266 1053 1318; x_wconf 82' lang='lat' dir='ltr'><strong>aquas</strong></span> <span class='ocrx_word' id='word_1_76' title='bbox 1084 1246 1252 1316; x_wconf 84' lang='lat' dir='ltr'><strong>(Psal.</strong></span> <span class='ocrx_word' id='word_1_77' title='bbox 1292 1262 1491 1312; x_wconf 77' lang='lat' dir='ltr'><strong>cxxxv,</strong></span> <span class='ocrx_word' id='word_1_78' title='bbox 1521 1243 1576 1317; x_wconf 70' lang='lat'><strong>(5)</strong></span> <span class='ocrx_word' id='word_1_79' title='bbox 1603 1264 1618 1311; x_wconf 85' lang='lat'><strong>;</strong></span> <span class='ocrx_word' id='word_1_80' title='bbox 1671 1246 1752 1300; x_wconf 85' lang='lat' dir='ltr'><strong>vel</strong></span> <span class='ocrx_word' id='word_1_81' title='bbox 1783 1247 2051 1315; x_wconf 88' lang='lat' dir='ltr'><strong>quomodo</strong></span> 
     </span>
    </p>
   </div>
   <div class='ocr_carea' id='block_1_13' title="bbox 464 1338 2050 1408">
    <p class='ocr_par' dir='ltr' id='par_1_13' title="bbox 464 1338 2050 1408">
     <span class='ocr_line' id='line_1_13' title="bbox 464 1338 2050 1408; baseline -0.002 -15"><span class='ocrx_word' id='word_1_82' title='bbox 464 1354 559 1394; x_wconf 87' lang='lat' dir='ltr'><strong>aer</strong></span> <span class='ocrx_word' id='word_1_83' title='bbox 577 1338 756 1393; x_wconf 79' lang='lat' dir='ltr'><strong>mollis</strong></span> <span class='ocrx_word' id='word_1_84' title='bbox 781 1348 977 1394; x_wconf 89' lang='lat' dir='ltr'><strong>tantam</strong></span> <span class='ocrx_word' id='word_1_85' title='bbox 1002 1340 1218 1393; x_wconf 90' lang='lat' dir='ltr'><strong>mollem</strong></span> <span class='ocrx_word' id='word_1_86' title='bbox 1247 1339 1410 1408; x_wconf 88' lang='lat' dir='ltr'><strong>possit</strong></span> <span class='ocrx_word' id='word_1_87' title='bbox 1432 1347 1732 1393; x_wconf 85' lang='lat' dir='ltr'><strong>sustentare</strong></span> <span class='ocrx_word' id='word_1_88' title='bbox 1753 1348 2050 1400; x_wconf 87' lang='lat' dir='ltr'><strong>terrenam;</strong></span> 
     </span>
    </p>
   </div>
   <div class='ocr_carea' id='block_1_14' title="bbox 465 1428 2053 1499">
    <p class='ocr_par' dir='ltr' id='par_1_14' title="bbox 465 1428 2053 1499">
     <span class='ocr_line' id='line_1_14' title="bbox 465 1428 2053 1499; baseline 0.001 -18"><span class='ocrx_word' id='word_1_89' title='bbox 465 1437 560 1483; x_wconf 90' lang='lat' dir='ltr'><strong>aut</strong></span> <span class='ocrx_word' id='word_1_90' title='bbox 583 1429 629 1484; x_wconf 88' lang='lat' dir='ltr'><strong>si</strong></span> <span class='ocrx_word' id='word_1_91' title='bbox 659 1443 822 1499; x_wconf 82' lang='lat' dir='ltr'><strong>super</strong></span> <span class='ocrx_word' id='word_1_92' title='bbox 848 1444 1012 1495; x_wconf 80' lang='lat' dir='ltr'><strong>aquas</strong></span> <span class='ocrx_word' id='word_1_93' title='bbox 1036 1440 1116 1484; x_wconf 88' lang='lat' dir='ltr'><strong>est</strong></span> <span class='ocrx_word' id='word_1_94' title='bbox 1148 1440 1253 1483; x_wconf 86' lang='lat' dir='ltr'><strong>tam</strong></span> <span class='ocrx_word' id='word_1_95' title='bbox 1285 1430 1513 1484; x_wconf 89' lang='lat' dir='ltr'><strong>immane</strong></span> <span class='ocrx_word' id='word_1_96' title='bbox 1536 1428 1761 1495; x_wconf 86' lang='lat' dir='ltr'><strong>pondus,</strong></span> <span class='ocrx_word' id='word_1_97' title='bbox 1788 1430 2053 1497; x_wconf 81' lang='lat' dir='ltr'><strong>quomodo</strong></span> 
     </span>
    </p>
   </div>
   <div class='ocr_carea' id='block_1_15' title="bbox 469 1518 2056 1593">
    <p class='ocr_par' dir='ltr' id='par_1_15' title="bbox 469 1518 2056 1593">
     <span class='ocr_line' id='line_1_15' title="bbox 469 1518 2056 1593; baseline 0.001 -17"><span class='ocrx_word' id='word_1_98' title='bbox 469 1536 575 1576; x_wconf 91' lang='lat' dir='ltr'><strong>non</strong></span> <span class='ocrx_word' id='word_1_99' title='bbox 594 1521 965 1593; x_wconf 76' lang='lat' dir='ltr'><strong>demergatur;</strong></span> <span class='ocrx_word' id='word_1_100' title='bbox 986 1534 1069 1577; x_wconf 87' lang='lat' dir='ltr'><strong>aut</strong></span> <span class='ocrx_word' id='word_1_101' title='bbox 1089 1522 1355 1592; x_wconf 83' lang='lat' dir='ltr'><strong>quomodo</strong></span> <span class='ocrx_word' id='word_1_102' title='bbox 1371 1522 1642 1589; x_wconf 77' lang='lat' dir='ltr'><strong>:equitatis</strong></span> <span class='ocrx_word' id='word_1_103' title='bbox 1666 1518 1851 1573; x_wconf 84' lang='lat' dir='ltr'><strong>libram</strong></span> <span class='ocrx_word' id='word_1_104' title='bbox 1880 1530 2056 1578; x_wconf 71' lang='lat' dir='ltr'><strong>teneat</strong></span> 
     </span>
    </p>
   </div>
   <div class='ocr_carea' id='block_1_16' title="bbox 471 1612 2051 1683">
    <p class='ocr_par' dir='ltr' id='par_1_16' title="bbox 471 1612 2051 1683">
     <span class='ocr_line' id='line_1_16' title="bbox 471 1612 2051 1683; baseline -0.001 -15"><span class='ocrx_word' id='word_1_105' title='bbox 471 1628 540 1668; x_wconf 89' lang='lat' dir='ltr'><strong>ne</strong></span> <span class='ocrx_word' id='word_1_106' title='bbox 567 1615 621 1667; x_wconf 90' lang='lat' dir='ltr'><strong>in</strong></span> <span class='ocrx_word' id='word_1_107' title='bbox 664 1613 887 1667; x_wconf 87' lang='lat' dir='ltr'><strong>alteram</strong></span> <span class='ocrx_word' id='word_1_108' title='bbox 933 1624 1136 1683; x_wconf 89' lang='lat' dir='ltr'><strong>partem</strong></span> <span class='ocrx_word' id='word_1_109' title='bbox 1168 1628 1426 1683; x_wconf 89' lang='lat' dir='ltr'><strong>propensa</strong></span> <span class='ocrx_word' id='word_1_110' title='bbox 1458 1613 1759 1677; x_wconf 86' lang='lat' dir='ltr'><strong>incumbat;</strong></span> <span class='ocrx_word' id='word_1_111' title='bbox 1792 1612 1891 1666; x_wconf 87' lang='lat' dir='ltr'><strong>huc</strong></span> <span class='ocrx_word' id='word_1_112' title='bbox 1923 1615 2051 1671; x_wconf 87' lang='lat' dir='ltr'><strong>nulli</strong></span> 
     </span>
    </p>
   </div>
   <div class='ocr_carea' id='block_1_17' title="bbox 1499 203 2669 267">
    <p class='ocr_par' dir='ltr' id='par_1_17' title="bbox 1499 203 2669 267">
     <span class='ocr_line' id='line_1_17' title="bbox 1499 203 2669 267; baseline -0.005 0"><span class='ocrx_word' id='word_1_113' title='bbox 1499 210 1553 267; x_wconf 92' lang='lat' dir='ltr'><strong>S.</strong></span> <span class='ocrx_word' id='word_1_114' title='bbox 1599 208 1843 265; x_wconf 78' lang='lat' dir='ltr'><strong>lSlDORI</strong></span> <span class='ocrx_word' id='word_1_115' title='bbox 1882 205 2325 263; x_wconf 75' lang='lat' dir='ltr'><strong>HISPALENSIS</strong></span> <span class='ocrx_word' id='word_1_116' title='bbox 2366 203 2669 262; x_wconf 80' lang='lat' dir='ltr'>EPISCOI’I</span> 
     </span>
    </p>
   </div>
   <div class='ocr_carea' id='block_1_18' title="bbox 3600 207 3737 261">
    <p class='ocr_par' dir='ltr' id='par_1_18' title="bbox 3600 207 3737 261">
     <span class='ocr_line' id='line_1_18' title="bbox 3600 207 3737 261; baseline -0.022 0"><span class='ocrx_word' id='word_1_117' title='bbox 3600 207 3737 261; x_wconf 75' lang='lat' dir='ltr'><strong>I016</strong></span> 
     </span>
    </p>
   </div>
   <div class='ocr_carea' id='block_1_19' title="bbox 2726 317 3194 373">
    <p class='ocr_par' dir='ltr' id='par_1_19' title="bbox 2726 317 3194 373">
     <span class='ocr_line' id='line_1_19' title="bbox 2726 317 3194 373; baseline 0.002 -3"><span class='ocrx_word' id='word_1_118' title='bbox 2726 317 2952 372; x_wconf 80' lang='lat' dir='ltr'><strong>CAPUT</strong></span> <span class='ocrx_word' id='word_1_119' title='bbox 2991 317 3194 373; x_wconf 75' lang='lat' dir='ltr'><strong>XLVII.</strong></span> 
     </span>
    </p>
   </div>
   <div class='ocr_carea' id='block_1_20' title="bbox 2679 406 3171 466">
    <p class='ocr_par' dir='ltr' id='par_1_20' title="bbox 2679 406 3171 466">
     <span class='ocr_line' id='line_1_20' title="bbox 2679 406 3171 466; baseline 0.01 -5"><span class='ocrx_word' id='word_1_120' title='bbox 2679 406 2756 463; x_wconf 86' lang='lat' dir='ltr'><strong>De</strong></span> <span class='ocrx_word' id='word_1_121' title='bbox 2785 419 2955 465; x_wconf 86' lang='lat' dir='ltr'><strong>monte</strong></span> <span class='ocrx_word' id='word_1_122' title='bbox 2982 410 3056 465; x_wconf 65' lang='lat' dir='ltr'><em>E</em></span> <span class='ocrx_word' id='word_1_123' title='bbox 3062 422 3171 466; x_wconf 89' lang='lat' dir='ltr'><strong>tua.</strong></span> 
     </span>
    </p>
   </div>
   <div class='ocr_carea' id='block_1_21' title="bbox 2220 498 3746 564">
    <p class='ocr_par' dir='ltr' id='par_1_21' title="bbox 2220 498 3746 564">
     <span class='ocr_line' id='line_1_21' title="bbox 2220 498 3746 564; baseline 0.003 -12"><span class='ocrx_word' id='word_1_124' title='bbox 2220 498 2271 554; x_wconf 87' lang='grc'><strong>1.</strong></span> <span class='ocrx_word' id='word_1_125' title='bbox 2300 499 2374 553; x_wconf 88' lang='lat' dir='ltr'><strong>De</strong></span> <span class='ocrx_word' id='word_1_126' title='bbox 2406 509 2583 555; x_wconf 86' lang='lat' dir='ltr'><strong>monte</strong></span> <span class='ocrx_word' id='word_1_127' title='bbox 2628 511 2805 557; x_wconf 88' lang='lat' dir='ltr'><strong>autem</strong></span> <span class='ocrx_word' id='word_1_128' title='bbox 2841 502 2978 557; x_wconf 85' lang='lat' dir='ltr'><strong>Etna</strong></span> <span class='ocrx_word' id='word_1_129' title='bbox 3025 503 3267 558; x_wconf 82' lang='lat' dir='ltr'><strong>Justinus</strong></span> <span class='ocrx_word' id='word_1_130' title='bbox 3297 505 3348 559; x_wconf 89' lang='lat' dir='ltr'><strong>iu</strong></span> <span class='ocrx_word' id='word_1_131' title='bbox 3397 506 3533 561; x_wconf 88' lang='lat' dir='ltr'><strong>libro</strong></span> <span class='ocrx_word' id='word_1_132' title='bbox 3563 506 3746 564; x_wconf 62' lang='lat' dir='ltr'><strong>Ilisto-</strong></span> 
     </span>
    </p>
   </div>
   <div class='ocr_carea' id='block_1_22' title="bbox 2146 592 3749 669">
    <p class='ocr_par' dir='ltr' id='par_1_22' title="bbox 2146 592 3749 669">
     <span class='ocr_line' id='line_1_22' title="bbox 2146 592 3749 669; baseline 0.003 -22"><span class='ocrx_word' id='word_1_133' title='bbox 2146 593 2346 647; x_wconf 84' lang='lat' dir='ltr'><strong>riarnm</strong></span> <span class='ocrx_word' id='word_1_134' title='bbox 2374 592 2440 647; x_wconf 84' lang='lat' dir='ltr'><strong>ita</strong></span> <span class='ocrx_word' id='word_1_135' title='bbox 2463 592 2670 658; x_wconf 87' lang='lat' dir='ltr'><strong>scribit,</strong></span> <span class='ocrx_word' id='word_1_136' title='bbox 2692 593 2911 649; x_wconf 87' lang='lat' dir='ltr'><strong>dicens:</strong></span> <span class='ocrx_word' id='word_1_137' title='bbox 2938 594 3137 650; x_wconf 69' lang='lat' dir='ltr'><strong>Sicilia:</strong></span> <span class='ocrx_word' id='word_1_138' title='bbox 3159 596 3307 649; x_wconf 87' lang='lat' dir='ltr'><strong>tellus</strong></span> <span class='ocrx_word' id='word_1_139' title='bbox 3331 599 3520 664; x_wconf 88' lang='lat' dir='ltr'><strong>tenuis,</strong></span> <span class='ocrx_word' id='word_1_140' title='bbox 3544 617 3604 651; x_wconf 80' lang='lat' dir='ltr'><strong>ac</strong></span> <span class='ocrx_word' id='word_1_141' title='bbox 3633 603 3749 669; x_wconf 53' lang='lat' dir='ltr'><strong>fro-</strong></span> 
     </span>
    </p>
   </div>
   <div class='ocr_carea' id='block_1_23' title="bbox 2147 685 3755 759">
    <p class='ocr_par' dir='ltr' id='par_1_23' title="bbox 2147 685 3755 759">
     <span class='ocr_line' id='line_1_23' title="bbox 2147 685 3755 759; baseline 0.006 -22"><span class='ocrx_word' id='word_1_142' title='bbox 2147 685 2289 756; x_wconf 87' lang='lat' dir='ltr'><strong>gilis,</strong></span> <span class='ocrx_word' id='word_1_143' title='bbox 2314 693 2362 737; x_wconf 88' lang='lat' dir='ltr'><strong>et</strong></span> <span class='ocrx_word' id='word_1_144' title='bbox 2392 685 2619 738; x_wconf 74' lang='lat' dir='ltr'><strong>cavernis</strong></span> <span class='ocrx_word' id='word_1_145' title='bbox 2648 685 2975 751; x_wconf 75' lang='lat' dir='ltr'><strong>quibusdam,</strong></span> <span class='ocrx_word' id='word_1_146' title='bbox 2994 686 3098 756; x_wconf 73' lang='lat'><strong>61</strong></span> <span class='ocrx_word' id='word_1_147' title='bbox 3118 687 3402 755; x_wconf 79' lang='lat' dir='ltr'><strong>ﬁstulisque</strong></span> <span class='ocrx_word' id='word_1_148' title='bbox 3419 691 3488 742; x_wconf 86' lang='lat' dir='ltr'><strong>ita</strong></span> <span class='ocrx_word' id='word_1_149' title='bbox 3513 703 3755 759; x_wconf 78' lang='lat' dir='ltr'><strong>penetra-</strong></span> 
     </span>
    </p>
   </div>
   <div class='ocr_carea' id='block_1_24' title="bbox 2148 775 3742 847">
    <p class='ocr_par' dir='ltr' id='par_1_24' title="bbox 2148 775 3742 847">
     <span class='ocr_line' id='line_1_24' title="bbox 2148 775 3742 847; baseline 0.005 -19"><span class='ocrx_word' id='word_1_150' title='bbox 2148 775 2282 840; x_wconf 85' lang='lat' dir='ltr'><strong>bilis,</strong></span> <span class='ocrx_word' id='word_1_151' title='bbox 2309 784 2363 828; x_wconf 87' lang='lat' dir='ltr'><strong>ut</strong></span> <span class='ocrx_word' id='word_1_152' title='bbox 2407 786 2669 829; x_wconf 66' lang='lat' dir='ltr'><strong>uentorum</strong></span> <span class='ocrx_word' id='word_1_153' title='bbox 2701 786 2804 829; x_wconf 83' lang='lat' dir='ltr'><strong>tota</strong></span> <span class='ocrx_word' id='word_1_154' title='bbox 2832 777 2987 845; x_wconf 78' lang='lat' dir='ltr'><strong>ferme</strong></span> <span class='ocrx_word' id='word_1_155' title='bbox 3015 778 3225 846; x_wconf 78' lang='lat' dir='ltr'><strong>ﬂatibus</strong></span> <span class='ocrx_word' id='word_1_156' title='bbox 3254 786 3445 847; x_wconf 83' lang='lat' dir='ltr'><strong>pateat,</strong></span> <span class='ocrx_word' id='word_1_157' title='bbox 3472 798 3517 835; x_wconf 29' lang='lat' dir='ltr'><strong>nt</strong></span> <span class='ocrx_word' id='word_1_158' title='bbox 3538 798 3670 835; x_wconf 75' lang='lat' dir='ltr'><strong>mon</strong></span> <span class='ocrx_word' id='word_1_159' title='bbox 3697 793 3742 836; x_wconf 75' lang='lat' dir='ltr'><strong>et</strong></span> 
     </span>
    </p>
   </div>
   <div class='ocr_carea' id='block_1_25' title="bbox 2147 872 3743 946">
    <p class='ocr_par' dir='ltr' id='par_1_25' title="bbox 2147 872 3743 946">
     <span class='ocr_line' id='line_1_25' title="bbox 2147 872 3743 946; baseline 0.004 -22"><span class='ocrx_word' id='word_1_160' title='bbox 2147 872 2349 943; x_wconf 80' lang='lat' dir='ltr'><strong>ignibus</strong></span> <span class='ocrx_word' id='word_1_161' title='bbox 2389 874 2693 944; x_wconf 68' lang='lat' dir='ltr'><strong>generandis</strong></span> <span class='ocrx_word' id='word_1_162' title='bbox 2723 873 3105 942; x_wconf 76' lang='lat' dir='ltr'><strong>nutriendisque</strong></span> <span class='ocrx_word' id='word_1_163' title='bbox 3148 876 3246 928; x_wconf 90' lang='lat' dir='ltr'><strong>soli</strong></span> <span class='ocrx_word' id='word_1_164' title='bbox 3290 876 3449 946; x_wconf 81' lang='lat' dir='ltr'><strong>ipsius</strong></span> <span class='ocrx_word' id='word_1_165' title='bbox 3489 878 3743 931; x_wconf 79' lang='lat' dir='ltr'><strong>naturalis</strong></span> 
     </span>
    </p>
   </div>
   <div class='ocr_carea' id='block_1_26' title="bbox 2149 964 3746 1034">
    <p class='ocr_par' dir='ltr' id='par_1_26' title="bbox 2149 964 3746 1034">
     <span class='ocr_line' id='line_1_26' title="bbox 2149 964 3746 1034; baseline 0.003 -16"><span class='ocrx_word' id='word_1_166' title='bbox 2149 964 2385 1030; x_wconf 89' lang='lat' dir='ltr'><strong>materia,</strong></span> <span class='ocrx_word' id='word_1_167' title='bbox 2416 964 2605 1034; x_wconf 80' lang='lat' dir='ltr'><strong>quippe</strong></span> <span class='ocrx_word' id='word_1_168' title='bbox 2634 964 2941 1018; x_wconf 71' lang='lat' dir='ltr'><strong>intrinsecus</strong></span> <span class='ocrx_word' id='word_1_169' title='bbox 2962 974 3126 1019; x_wconf 88' lang='lat' dir='ltr'><strong>strata</strong></span> <span class='ocrx_word' id='word_1_170' title='bbox 3151 968 3399 1034; x_wconf 76' lang='lat' dir='ltr'><strong>sulphure</strong></span> <span class='ocrx_word' id='word_1_171' title='bbox 3423 978 3470 1019; x_wconf 89' lang='lat' dir='ltr'><strong>et</strong></span> <span class='ocrx_word' id='word_1_172' title='bbox 3499 969 3746 1022; x_wconf 76' lang='lat' dir='ltr'><strong>bitumine</strong></span> 
     </span>
    </p>
   </div>
   <div class='ocr_carea' id='block_1_27' title="bbox 2151 1056 3743 1129">
    <p class='ocr_par' dir='ltr' id='par_1_27' title="bbox 2151 1056 3743 1129">
     <span class='ocr_line' id='line_1_27' title="bbox 2151 1056 3743 1129; baseline 0.003 -20"><span class='ocrx_word' id='word_1_173' title='bbox 2151 1057 2395 1110; x_wconf 87' lang='lat' dir='ltr'><strong>traditur.</strong></span> <span class='ocrx_word' id='word_1_174' title='bbox 2432 1056 2558 1121; x_wconf 65' lang='lat' dir='ltr'><strong>Quae</strong></span> <span class='ocrx_word' id='word_1_175' title='bbox 2591 1072 2669 1110; x_wconf 92' lang='lat' dir='ltr'><strong>res</strong></span> <span class='ocrx_word' id='word_1_176' title='bbox 2712 1058 2835 1128; x_wconf 79' lang='lat' dir='ltr'><strong>facit</strong></span> <span class='ocrx_word' id='word_1_177' title='bbox 2886 1064 2941 1109; x_wconf 90' lang='lat' dir='ltr'><strong>ut</strong></span> <span class='ocrx_word' id='word_1_178' title='bbox 2987 1058 3169 1126; x_wconf 84' lang='lat' dir='ltr'><strong>spiritu</strong></span> <span class='ocrx_word' id='word_1_179' title='bbox 3201 1074 3315 1110; x_wconf 89' lang='lat' dir='ltr'><strong>cum</strong></span> <span class='ocrx_word' id='word_1_180' title='bbox 3346 1060 3464 1129; x_wconf 83' lang='lat' dir='ltr'><strong>igne</strong></span> <span class='ocrx_word' id='word_1_181' title='bbox 3490 1061 3743 1113; x_wconf 80' lang='lat' dir='ltr'><strong>introrsus</strong></span> 
     </span>
    </p>
   </div>
   <div class='ocr_carea' id='block_1_28' title="bbox 2152 1147 3740 1218">
    <p class='ocr_par' dir='ltr' id='par_1_28' title="bbox 2152 1147 3740 1218">
     <span class='ocr_line' id='line_1_28' title="bbox 2152 1147 3740 1218; baseline 0.001 -18"><span class='ocrx_word' id='word_1_182' title='bbox 2152 1147 2457 1201; x_wconf 84' lang='lat' dir='ltr'><strong>colluctante</strong></span> <span class='ocrx_word' id='word_1_183' title='bbox 2471 1151 2755 1216; x_wconf 72' lang='lat' dir='ltr'><strong>frequenter</strong></span> <span class='ocrx_word' id='word_1_184' title='bbox 2770 1156 2816 1199; x_wconf 87' lang='lat' dir='ltr'><strong>et</strong></span> <span class='ocrx_word' id='word_1_185' title='bbox 2831 1147 3177 1216; x_wconf 84' lang='lat' dir='ltr'><strong>compluribus</strong></span> <span class='ocrx_word' id='word_1_186' title='bbox 3200 1147 3321 1202; x_wconf 87' lang='lat' dir='ltr'><strong>locis</strong></span> <span class='ocrx_word' id='word_1_187' title='bbox 3350 1165 3485 1202; x_wconf 87' lang='lat' dir='ltr'><strong>nunc</strong></span> <span class='ocrx_word' id='word_1_188' title='bbox 3506 1165 3740 1218; x_wconf 82' lang='lat' dir='ltr'><strong>vapores,</strong></span> 
     </span>
    </p>
   </div>
   <div class='ocr_carea' id='block_1_29' title="bbox 2153 1238 2773 1305">
    <p class='ocr_par' dir='ltr' id='par_1_29' title="bbox 2153 1238 2773 1305">
     <span class='ocr_line' id='line_1_29' title="bbox 2153 1238 2773 1305; baseline -0.003 -15"><span class='ocrx_word' id='word_1_189' title='bbox 2153 1251 2288 1290; x_wconf 89' lang='lat' dir='ltr'><strong>nunc</strong></span> <span class='ocrx_word' id='word_1_190' title='bbox 2329 1238 2525 1305; x_wconf 73' lang='lat' dir='ltr'><strong>fumum</strong></span> <span class='ocrx_word' id='word_1_191' title='bbox 2565 1245 2773 1290; x_wconf 69' lang='lat' dir='ltr'><strong>eructat.</strong></span> 
     </span>
    </p>
   </div>
   <div class='ocr_carea' id='block_1_30' title="bbox 2221 1326 3742 1397">
    <p class='ocr_par' dir='ltr' id='par_1_30' title="bbox 2221 1326 3742 1397">
     <span class='ocr_line' id='line_1_30' title="bbox 2221 1326 3742 1397; baseline -0.001 -16"><span class='ocrx_word' id='word_1_192' title='bbox 2221 1327 2279 1384; x_wconf 76' lang='lat'><strong>2.</strong></span> <span class='ocrx_word' id='word_1_193' title='bbox 2313 1326 2446 1381; x_wconf 87' lang='lat' dir='ltr'><strong>Inde</strong></span> <span class='ocrx_word' id='word_1_194' title='bbox 2472 1328 2687 1397; x_wconf 83' lang='lat' dir='ltr'><strong>denique</strong></span> <span class='ocrx_word' id='word_1_195' title='bbox 2718 1326 2897 1382; x_wconf 75' lang='lat' dir='ltr'><strong>.Etna:</strong></span> <span class='ocrx_word' id='word_1_196' title='bbox 2925 1329 3111 1382; x_wconf 83' lang='lat' dir='ltr'><strong>montis</strong></span> <span class='ocrx_word' id='word_1_197' title='bbox 3151 1344 3241 1396; x_wconf 85' lang='lat' dir='ltr'><strong>per</strong></span> <span class='ocrx_word' id='word_1_198' title='bbox 3269 1337 3340 1381; x_wconf 88' lang='lat' dir='ltr'><strong>tot</strong></span> <span class='ocrx_word' id='word_1_199' title='bbox 3366 1329 3558 1383; x_wconf 69' lang='lat' dir='ltr'><strong>secula</strong></span> <span class='ocrx_word' id='word_1_200' title='bbox 3590 1330 3742 1381; x_wconf 80' lang='lat' dir='ltr'><strong>durat</strong></span> 
     </span>
    </p>
   </div>
   <div class='ocr_carea' id='block_1_31' title="bbox 2154 1419 3745 1486">
    <p class='ocr_par' dir='ltr' id='par_1_31' title="bbox 2154 1419 3745 1486">
     <span class='ocr_line' id='line_1_31' title="bbox 2154 1419 3745 1486; baseline 0 -14"><span class='ocrx_word' id='word_1_201' title='bbox 2154 1420 2482 1484; x_wconf 81' lang='lat' dir='ltr'><strong>incendium,</strong></span> <span class='ocrx_word' id='word_1_202' title='bbox 2513 1428 2558 1473; x_wconf 92' lang='lat' dir='ltr'><strong>et</strong></span> <span class='ocrx_word' id='word_1_203' title='bbox 2591 1419 2677 1472; x_wconf 86' lang='lat' dir='ltr'><strong>ubi</strong></span> <span class='ocrx_word' id='word_1_204' title='bbox 2717 1419 2887 1472; x_wconf 87' lang='lat' dir='ltr'><strong>acrior</strong></span> <span class='ocrx_word' id='word_1_205' title='bbox 2934 1434 3025 1485; x_wconf 86' lang='lat' dir='ltr'><strong>per</strong></span> <span class='ocrx_word' id='word_1_206' title='bbox 3059 1419 3371 1486; x_wconf 86' lang='lat' dir='ltr'><strong>spiramenta</strong></span> <span class='ocrx_word' id='word_1_207' title='bbox 3414 1436 3745 1474; x_wconf 78' lang='lat' dir='ltr'><strong>carernarum</strong></span> 
     </span>
    </p>
   </div>
   <div class='ocr_carea' id='block_1_32' title="bbox 2156 1511 3745 1581">
    <p class='ocr_par' dir='ltr' id='par_1_32' title="bbox 2156 1511 3745 1581">
     <span class='ocr_line' id='line_1_32' title="bbox 2156 1511 3745 1581; baseline 0.001 -19"><span class='ocrx_word' id='word_1_208' title='bbox 2156 1520 2332 1564; x_wconf 68' lang='lat' dir='ltr'><strong>tentus</strong></span> <span class='ocrx_word' id='word_1_209' title='bbox 2376 1511 2626 1576; x_wconf 84' lang='lat' dir='ltr'><strong>incubuit,</strong></span> <span class='ocrx_word' id='word_1_210' title='bbox 2676 1526 2950 1565; x_wconf 82' lang='lat' dir='ltr'><strong>arenarum</strong></span> <span class='ocrx_word' id='word_1_211' title='bbox 2992 1511 3150 1565; x_wconf 78' lang='lat' dir='ltr'><strong>moles</strong></span> <span class='ocrx_word' id='word_1_212' title='bbox 3203 1523 3433 1581; x_wconf 80' lang='lat' dir='ltr'><strong>egerunt.</strong></span> <span class='ocrx_word' id='word_1_213' title='bbox 3487 1511 3745 1565; x_wconf 75' lang='lat' dir='ltr'><strong>Accedant</strong></span> 
     </span>
    </p>
   </div>
   <div class='ocr_carea' id='block_1_33' title="bbox 2156 1600 3745 1671">
    <p class='ocr_par' dir='ltr' id='par_1_33' title="bbox 2156 1600 3745 1671">
     <span class='ocr_line' id='line_1_33' title="bbox 2156 1600 3745 1671; baseline 0.002 -19"><span class='ocrx_word' id='word_1_214' title='bbox 2156 1610 2203 1653; x_wconf 93' lang='lat' dir='ltr'><strong>et</strong></span> <span class='ocrx_word' id='word_1_215' title='bbox 2233 1611 2475 1670; x_wconf 85' lang='lat' dir='ltr'><strong>perpetua</strong></span> <span class='ocrx_word' id='word_1_216' title='bbox 2502 1603 2728 1670; x_wconf 79' lang='lat' dir='ltr'><strong>[omenta</strong></span> <span class='ocrx_word' id='word_1_217' title='bbox 2765 1601 3058 1654; x_wconf 83' lang='lat' dir='ltr'><strong>insularum</strong></span> <span class='ocrx_word' id='word_1_218' title='bbox 3097 1600 3394 1665; x_wconf 62' lang='lat' dir='ltr'><strong>Eulidum,</strong></span> <span class='ocrx_word' id='word_1_219' title='bbox 3437 1603 3595 1655; x_wconf 69' lang='lat' dir='ltr'><strong>veluti</strong></span> <span class='ocrx_word' id='word_1_220' title='bbox 3624 1603 3745 1671; x_wconf 84' lang='lat' dir='ltr'><strong>ipsis</strong></span> 
     </span>
    </p>
   </div>
   <div class='ocr_carea' id='block_1_34' title="bbox 469 1681 2057 1776">
    <p class='ocr_par' dir='ltr' id='par_1_34' title="bbox 469 1696 2053 1776">
     <span class='ocr_line' id='line_1_34' title="bbox 469 1696 2053 1776; baseline 0.001 -18"><span class='ocrx_word' id='word_1_221' title='bbox 469 1703 774 1759; x_wconf 83' lang='lat' dir='ltr'><strong>mortalium</strong></span> <span class='ocrx_word' id='word_1_222' title='bbox 805 1704 943 1759; x_wconf 89' lang='lat' dir='ltr'><strong>scire</strong></span> <span class='ocrx_word' id='word_1_223' title='bbox 975 1705 1051 1759; x_wconf 81' lang='lat' dir='ltr'><strong>las</strong></span> <span class='ocrx_word' id='word_1_224' title='bbox 1075 1716 1178 1772; x_wconf 90' lang='lat' dir='ltr'><strong>est,</strong></span> <span class='ocrx_word' id='word_1_225' title='bbox 1205 1721 1301 1760; x_wconf 86' lang='lat' dir='ltr'><strong>nec</strong></span> <span class='ocrx_word' id='word_1_226' title='bbox 1328 1707 1480 1760; x_wconf 90' lang='lat' dir='ltr'><strong>nobis</strong></span> <span class='ocrx_word' id='word_1_227' title='bbox 1506 1707 1680 1761; x_wconf 78' lang='lat' dir='ltr'><strong>discut</strong></span> <span class='ocrx_word' id='word_1_228' title='bbox 1701 1723 1790 1773; x_wconf 40' lang='lat' dir='ltr'><strong>ire,</strong></span> <span class='ocrx_word' id='word_1_229' title='bbox 1817 1714 1903 1760; x_wconf 89' lang='lat' dir='ltr'><strong>aut</strong></span> <span class='ocrx_word' id='word_1_230' title='bbox 1936 1696 2053 1776; x_wconf 71' lang='lat' dir='ltr'><strong>tier-</strong></span> 
     </span>
    </p>
   </div>
   <div class='ocr_carea' id='block_1_35' title="bbox 2160 1681 3744 1776">
    <p class='ocr_par' dir='ltr' id='par_1_35' title="bbox 2161 1691 3744 1762">
     <span class='ocr_line' id='line_1_35' title="bbox 2161 1691 3744 1762; baseline 0.001 -19"><span class='ocrx_word' id='word_1_231' title='bbox 2161 1691 2313 1744; x_wconf 86' lang='lat' dir='ltr'><strong>undis</strong></span> <span class='ocrx_word' id='word_1_232' title='bbox 2363 1691 2535 1744; x_wconf 80' lang='lat' dir='ltr'><strong>alatur</strong></span> <span class='ocrx_word' id='word_1_233' title='bbox 2565 1691 2882 1757; x_wconf 75' lang='lat' dir='ltr'><strong>incendium,</strong></span> <span class='ocrx_word' id='word_1_234' title='bbox 2928 1708 3087 1762; x_wconf 85' lang='lat' dir='ltr'><strong>neque</strong></span> <span class='ocrx_word' id='word_1_235' title='bbox 3128 1693 3265 1746; x_wconf 84' lang='lat' dir='ltr'><strong>enim</strong></span> <span class='ocrx_word' id='word_1_236' title='bbox 3296 1694 3345 1746; x_wconf 86' lang='lat' dir='ltr'><strong>in</strong></span> <span class='ocrx_word' id='word_1_237' title='bbox 3372 1703 3477 1745; x_wconf 86' lang='lat' dir='ltr'><strong>tam</strong></span> <span class='ocrx_word' id='word_1_238' title='bbox 3514 1694 3744 1760; x_wconf 73' lang='lat' dir='ltr'><strong>angustis</strong></span> 
     </span>
    </p>
   </div>
   <div class='ocr_carea' id='block_1_36' title="bbox 469 1797 2055 1868">
    <p class='ocr_par' dir='ltr' id='par_1_36' title="bbox 469 1797 2055 1868">
     <span class='ocr_line' id='line_1_36' title="bbox 469 1797 2055 1868; baseline -0.001 -15"><span class='ocrx_word' id='word_1_239' title='bbox 469 1797 699 1853; x_wconf 80' lang='lat' dir='ltr'><strong>scrutari</strong></span> <span class='ocrx_word' id='word_1_240' title='bbox 731 1798 853 1852; x_wconf 88' lang='lat' dir='ltr'><strong>licet</strong></span> <span class='ocrx_word' id='word_1_241' title='bbox 882 1798 1127 1868; x_wconf 87' lang='lat' dir='ltr'><strong>cuiquam</strong></span> <span class='ocrx_word' id='word_1_242' title='bbox 1160 1809 1356 1852; x_wconf 88' lang='lat' dir='ltr'><strong>tantam</strong></span> <span class='ocrx_word' id='word_1_243' title='bbox 1388 1799 1585 1853; x_wconf 71' lang='lat' dir='ltr'><strong>divina:</strong></span> <span class='ocrx_word' id='word_1_244' title='bbox 1617 1801 1749 1856; x_wconf 87' lang='lat' dir='ltr'><strong>artis</strong></span> <span class='ocrx_word' id='word_1_245' title='bbox 1788 1801 2055 1856; x_wconf 69' lang='lat' dir='ltr'><strong>CXCCIICII-</strong></span> 
     </span>
    </p>
   </div>
   <div class='ocr_carea' id='block_1_37' title="bbox 470 1887 2059 1961">
    <p class='ocr_par' dir='ltr' id='par_1_37' title="bbox 470 1887 2059 1961">
     <span class='ocr_line' id='line_1_37' title="bbox 470 1887 2059 1961; baseline 0.004 -22"><span class='ocrx_word' id='word_1_246' title='bbox 470 1887 628 1955; x_wconf 85' lang='lat' dir='ltr'><strong>tiam,</strong></span> <span class='ocrx_word' id='word_1_247' title='bbox 658 1889 784 1942; x_wconf 88' lang='lat' dir='ltr'><strong>dum</strong></span> <span class='ocrx_word' id='word_1_248' title='bbox 814 1896 1027 1941; x_wconf 73' lang='lat' dir='ltr'><strong>constet</strong></span> <span class='ocrx_word' id='word_1_249' title='bbox 1050 1904 1166 1943; x_wconf 91' lang='lat' dir='ltr'><strong>eam</strong></span> <span class='ocrx_word' id='word_1_250' title='bbox 1190 1888 1304 1957; x_wconf 71' lang='lat' dir='ltr'><strong>lege</strong></span> <span class='ocrx_word' id='word_1_251' title='bbox 1327 1889 1626 1961; x_wconf 82' lang='lat' dir='ltr'><strong>majestatis</strong></span> <span class='ocrx_word' id='word_1_252' title='bbox 1658 1891 1748 1946; x_wconf 88' lang='lat' dir='ltr'><strong>Dei</strong></span> <span class='ocrx_word' id='word_1_253' title='bbox 1777 1902 1868 1947; x_wconf 89' lang='lat' dir='ltr'><strong>aut</strong></span> <span class='ocrx_word' id='word_1_254' title='bbox 1898 1908 2059 1960; x_wconf 88' lang='lat' dir='ltr'><strong>super</strong></span> 
     </span>
    </p>
   </div>
   <div class='ocr_carea' id='block_1_38' title="bbox 470 1979 2053 2051">
    <p class='ocr_par' dir='ltr' id='par_1_38' title="bbox 470 1979 2053 2051">
     <span class='ocr_line' id='line_1_38' title="bbox 470 1979 2053 2051; baseline 0.004 -22"><span class='ocrx_word' id='word_1_255' title='bbox 470 1991 659 2046; x_wconf 84' lang='lat' dir='ltr'><strong>aquas,</strong></span> <span class='ocrx_word' id='word_1_256' title='bbox 674 1987 765 2032; x_wconf 90' lang='lat' dir='ltr'><strong>aut</strong></span> <span class='ocrx_word' id='word_1_257' title='bbox 782 1993 941 2047; x_wconf 89' lang='lat' dir='ltr'><strong>super</strong></span> <span class='ocrx_word' id='word_1_258' title='bbox 963 1979 1124 2034; x_wconf 72' lang='lat' dir='ltr'><strong>nubes</strong></span> <span class='ocrx_word' id='word_1_259' title='bbox 1146 1981 1388 2035; x_wconf 81' lang='lat' dir='ltr'><strong>stabilem</strong></span> <span class='ocrx_word' id='word_1_260' title='bbox 1406 1997 1739 2051; x_wconf 87' lang='lat' dir='ltr'><strong>permanere.</strong></span> <span class='ocrx_word' id='word_1_261' title='bbox 1759 1984 1886 2051; x_wconf 81' lang='lat' dir='ltr'><strong>Quis</strong></span> <span class='ocrx_word' id='word_1_262' title='bbox 1901 1989 2053 2048; x_wconf 84' lang='lat' dir='ltr'><strong>enim,</strong></span> 
     </span>
    </p>
   </div>
   <div class='ocr_carea' id='block_1_39' title="bbox 473 2068 2055 2145">
    <p class='ocr_par' dir='ltr' id='par_1_39' title="bbox 473 2068 2055 2145">
     <span class='ocr_line' id='line_1_39' title="bbox 473 2068 2055 2145; baseline 0.004 -22"><span class='ocrx_word' id='word_1_263' title='bbox 473 2068 663 2138; x_wconf 81' lang='lat' dir='ltr'><strong>inquit,</strong></span> <span class='ocrx_word' id='word_1_264' title='bbox 692 2070 967 2137; x_wconf 89' lang='lat' dir='ltr'><strong>Salomon,</strong></span> <span class='ocrx_word' id='word_1_265' title='bbox 997 2072 1187 2141; x_wconf 76' lang='lat' dir='ltr'><strong>sufﬁcit</strong></span> <span class='ocrx_word' id='word_1_266' title='bbox 1221 2090 1433 2127; x_wconf 83' lang='lat' dir='ltr'><strong>narrare</strong></span> <span class='ocrx_word' id='word_1_267' title='bbox 1458 2091 1613 2145; x_wconf 85' lang='lat' dir='ltr'><strong>opera</strong></span> <span class='ocrx_word' id='word_1_268' title='bbox 1638 2075 1800 2141; x_wconf 84' lang='lat' dir='ltr'><strong>illius,</strong></span> <span class='ocrx_word' id='word_1_269' title='bbox 1827 2087 1916 2129; x_wconf 89' lang='lat' dir='ltr'><strong>aut</strong></span> <span class='ocrx_word' id='word_1_270' title='bbox 1944 2079 2055 2145; x_wconf 84' lang='lat' dir='ltr'><strong>quis</strong></span> 
     </span>
    </p>
   </div>
   <div class='ocr_carea' id='block_1_40' title="bbox 469 2159 2057 2236">
    <p class='ocr_par' dir='ltr' id='par_1_40' title="bbox 469 2159 2057 2236">
     <span class='ocr_line' id='line_1_40' title="bbox 469 2159 2057 2236; baseline 0.004 -24"><span class='ocrx_word' id='word_1_271' title='bbox 469 2159 784 2231; x_wconf 82' lang='lat' dir='ltr'><strong>investigabit</strong></span> <span class='ocrx_word' id='word_1_272' title='bbox 813 2163 1072 2232; x_wconf 88' lang='lat' dir='ltr'><strong>magnalia</strong></span> <span class='ocrx_word' id='word_1_273' title='bbox 1112 2164 1266 2236; x_wconf 79' lang='lat' dir='ltr'><strong>ejus?</strong></span> <span class='ocrx_word' id='word_1_274' title='bbox 1291 2164 1431 2233; x_wconf 76' lang='lat' dir='ltr'><strong>Ergo</strong></span> <span class='ocrx_word' id='word_1_275' title='bbox 1451 2164 1589 2232; x_wconf 83' lang='lat' dir='ltr'><strong>quod</strong></span> <span class='ocrx_word' id='word_1_276' title='bbox 1622 2166 1922 2220; x_wconf 86' lang='lat' dir='ltr'><strong>mortalium</strong></span> <span class='ocrx_word' id='word_1_277' title='bbox 1963 2184 2057 2221; x_wconf 85' lang='lat' dir='ltr'><strong>na-</strong></span> 
     </span>
    </p>
   </div>
   <div class='ocr_carea' id='block_1_41' title="bbox 471 2254 2050 2325">
    <p class='ocr_par' dir='ltr' id='par_1_41' title="bbox 471 2254 2050 2325">
     <span class='ocr_line' id='line_1_41' title="bbox 471 2254 2050 2325; baseline 0.006 -22"><span class='ocrx_word' id='word_1_278' title='bbox 471 2259 604 2306; x_wconf 64' lang='lat' dir='ltr'><strong>tura</strong></span> <span class='ocrx_word' id='word_1_279' title='bbox 623 2262 893 2309; x_wconf 86' lang='lat' dir='ltr'><strong>secretum</strong></span> <span class='ocrx_word' id='word_1_280' title='bbox 908 2262 1012 2321; x_wconf 87' lang='lat' dir='ltr'><strong>est,</strong></span> <span class='ocrx_word' id='word_1_281' title='bbox 1034 2254 1227 2307; x_wconf 77' lang='lat' dir='ltr'><strong>divina:</strong></span> <span class='ocrx_word' id='word_1_282' title='bbox 1242 2254 1494 2321; x_wconf 75' lang='lat' dir='ltr'><strong>potentia:</strong></span> <span class='ocrx_word' id='word_1_283' title='bbox 1519 2256 1651 2311; x_wconf 84' lang='lat' dir='ltr'><strong>relin</strong></span> <span class='ocrx_word' id='word_1_284' title='bbox 1675 2258 1921 2325; x_wconf 63' lang='lat' dir='ltr'><strong>tuendum</strong></span> <span class='ocrx_word' id='word_1_285' title='bbox 1948 2269 2050 2314; x_wconf 85' lang='lat' dir='ltr'><strong>est.</strong></span> 
     </span>
    </p>
   </div>
   <div class='ocr_carea' id='block_1_42' title="bbox 960 2364 1555 2438">
    <p class='ocr_par' dir='ltr' id='par_1_42' title="bbox 960 2364 1555 2438">
     <span class='ocr_line' id='line_1_42' title="bbox 960 2364 1555 2438; baseline 0.008 -22"><span class='ocrx_word' id='word_1_286' title='bbox 960 2365 1071 2438; x_wconf 68' lang='lat' dir='ltr'><strong>eo</strong></span> <span class='ocrx_word' id='word_1_287' title='bbox 1108 2364 1331 2421; x_wconf 79' lang='lat' dir='ltr'><strong>CAPUT</strong></span> <span class='ocrx_word' id='word_1_288' title='bbox 1373 2364 1555 2422; x_wconf 70' lang='lat' dir='ltr'><strong>XLVI.</strong></span> 
     </span>
    </p>
   </div>
   <div class='ocr_carea' id='block_1_43' title="bbox 1057 2456 1469 2513">
    <p class='ocr_par' dir='ltr' id='par_1_43' title="bbox 1057 2456 1469 2513">
     <span class='ocr_line' id='line_1_43' title="bbox 1057 2456 1469 2513; baseline 0.002 -2"><span class='ocrx_word' id='word_1_289' title='bbox 1057 2456 1131 2511; x_wconf 87' lang='lat' dir='ltr'><strong>De</strong></span> <span class='ocrx_word' id='word_1_290' title='bbox 1158 2467 1469 2513; x_wconf 73' lang='lat' dir='ltr'><strong>terrazmotu.</strong></span> 
     </span>
    </p>
   </div>
   <div class='ocr_carea' id='block_1_44' title="bbox 541 2546 2055 2624">
    <p class='ocr_par' dir='ltr' id='par_1_44' title="bbox 541 2546 2055 2624">
     <span class='ocr_line' id='line_1_44' title="bbox 541 2546 2055 2624; baseline 0.006 -24"><span class='ocrx_word' id='word_1_291' title='bbox 541 2546 593 2600; x_wconf 82' lang='lat' dir='ltr'><strong>I.</strong></span> <span class='ocrx_word' id='word_1_292' title='bbox 643 2547 923 2618; x_wconf 74' lang='lat' dir='ltr'><strong>Sapientes</strong></span> <span class='ocrx_word' id='word_1_293' title='bbox 963 2548 1148 2606; x_wconf 89' lang='lat' dir='ltr'><strong>dicunt</strong></span> <span class='ocrx_word' id='word_1_294' title='bbox 1195 2559 1394 2607; x_wconf 83' lang='lat' dir='ltr'><strong>terram</strong></span> <span class='ocrx_word' id='word_1_295' title='bbox 1459 2550 1511 2607; x_wconf 89' lang='lat' dir='ltr'><strong>in</strong></span> <span class='ocrx_word' id='word_1_296' title='bbox 1560 2554 1776 2608; x_wconf 90' lang='lat' dir='ltr'><strong>modum</strong></span> <span class='ocrx_word' id='word_1_297' title='bbox 1819 2555 2055 2624; x_wconf 67' lang='lat' dir='ltr'><strong>spongiae</strong></span> 
     </span>
    </p>
   </div>
   <div class='ocr_carea' id='block_1_45' title="bbox 469 2643 2054 2715">
    <p class='ocr_par' dir='ltr' id='par_1_45' title="bbox 469 2643 2054 2715">
     <span class='ocr_line' id='line_1_45' title="bbox 469 2643 2054 2715; baseline 0.003 -20"><span class='ocrx_word' id='word_1_298' title='bbox 469 2652 616 2706; x_wconf 61' lang='lat' dir='ltr'><strong>esse,</strong></span> <span class='ocrx_word' id='word_1_299' title='bbox 642 2651 1065 2710; x_wconf 88' lang='lat' dir='ltr'><strong>conceptumque</strong></span> <span class='ocrx_word' id='word_1_300' title='bbox 1094 2653 1312 2699; x_wconf 82' lang='lat' dir='ltr'><strong>ventum</strong></span> <span class='ocrx_word' id='word_1_301' title='bbox 1346 2643 1530 2710; x_wconf 84' lang='lat' dir='ltr'><strong>rotari,</strong></span> <span class='ocrx_word' id='word_1_302' title='bbox 1561 2653 1616 2700; x_wconf 87' lang='lat' dir='ltr'><strong>et</strong></span> <span class='ocrx_word' id='word_1_303' title='bbox 1647 2646 1725 2701; x_wconf 87' lang='lat' dir='ltr'><strong>ire</strong></span> <span class='ocrx_word' id='word_1_304' title='bbox 1749 2662 1845 2715; x_wconf 87' lang='lat' dir='ltr'><strong>per</strong></span> <span class='ocrx_word' id='word_1_305' title='bbox 1869 2663 2054 2703; x_wconf 82' lang='lat' dir='ltr'><strong>caver-</strong></span> 
     </span>
    </p>
   </div>
   <div class='ocr_carea' id='block_1_46' title="bbox 472 2728 2054 2809">
    <p class='ocr_par' dir='ltr' id='par_1_46' title="bbox 472 2728 2054 2809">
     <span class='ocr_line' id='line_1_46' title="bbox 472 2728 2054 2809; baseline 0.006 -26"><span class='ocrx_word' id='word_1_306' title='bbox 472 2745 587 2786; x_wconf 85' lang='lat' dir='ltr'><strong>nas.</strong></span> <span class='ocrx_word' id='word_1_307' title='bbox 610 2728 849 2803; x_wconf 86' lang='lat' dir='ltr'><strong>Cumque</strong></span> <span class='ocrx_word' id='word_1_308' title='bbox 872 2743 1073 2788; x_wconf 84' lang='lat' dir='ltr'><strong>tantnm</strong></span> <span class='ocrx_word' id='word_1_309' title='bbox 1100 2732 1241 2800; x_wconf 88' lang='lat' dir='ltr'><strong>ierit,</strong></span> <span class='ocrx_word' id='word_1_310' title='bbox 1272 2744 1526 2800; x_wconf 87' lang='lat' dir='ltr'><strong>quantum</strong></span> <span class='ocrx_word' id='word_1_311' title='bbox 1559 2747 1694 2792; x_wconf 88' lang='lat' dir='ltr'><strong>terra</strong></span> <span class='ocrx_word' id='word_1_312' title='bbox 1727 2753 1917 2809; x_wconf 75' lang='lat' dir='ltr'><strong>capere</strong></span> <span class='ocrx_word' id='word_1_313' title='bbox 1948 2755 2054 2794; x_wconf 90' lang='lat' dir='ltr'><strong>non</strong></span> 
     </span>
    </p>
   </div>
   <div class='ocr_carea' id='block_1_47' title="bbox 472 2822 2053 2895">
    <p class='ocr_par' dir='ltr' id='par_1_47' title="bbox 472 2822 2053 2895">
     <span class='ocr_line' id='line_1_47' title="bbox 472 2822 2053 2895; baseline 0.006 -22"><span class='ocrx_word' id='word_1_314' title='bbox 472 2823 660 2892; x_wconf 85' lang='lat' dir='ltr'><strong>possit,</strong></span> <span class='ocrx_word' id='word_1_315' title='bbox 696 2822 798 2879; x_wconf 86' lang='lat' dir='ltr'><strong>huc</strong></span> <span class='ocrx_word' id='word_1_316' title='bbox 828 2834 986 2895; x_wconf 88' lang='lat' dir='ltr'><strong>atque</strong></span> <span class='ocrx_word' id='word_1_317' title='bbox 1017 2825 1140 2879; x_wconf 91' lang='lat' dir='ltr'><strong>illuc</strong></span> <span class='ocrx_word' id='word_1_318' title='bbox 1173 2837 1365 2881; x_wconf 90' lang='lat' dir='ltr'><strong>ventus</strong></span> <span class='ocrx_word' id='word_1_319' title='bbox 1396 2826 1664 2882; x_wconf 80' lang='lat' dir='ltr'><strong>fremitum</strong></span> <span class='ocrx_word' id='word_1_320' title='bbox 1695 2840 1748 2883; x_wconf 86' lang='lat' dir='ltr'><strong>et</strong></span> <span class='ocrx_word' id='word_1_321' title='bbox 1776 2845 2053 2883; x_wconf 90' lang='lat' dir='ltr'><strong>murmura</strong></span> 
     </span>
    </p>
   </div>
   <div class='ocr_carea' id='block_1_48' title="bbox 471 2914 2051 2987">
    <p class='ocr_par' dir='ltr' id='par_1_48' title="bbox 471 2914 2051 2987">
     <span class='ocr_line' id='line_1_48' title="bbox 471 2914 2051 2987; baseline 0.005 -20"><span class='ocrx_word' id='word_1_322' title='bbox 471 2914 653 2969; x_wconf 88' lang='lat' dir='ltr'><strong>tuittit.</strong></span> <span class='ocrx_word' id='word_1_323' title='bbox 704 2914 909 2971; x_wconf 87' lang='lat' dir='ltr'><strong>Dehinc</strong></span> <span class='ocrx_word' id='word_1_324' title='bbox 953 2918 1242 2985; x_wconf 81' lang='lat' dir='ltr'><strong>qmerentis</strong></span> <span class='ocrx_word' id='word_1_325' title='bbox 1295 2918 1347 2972; x_wconf 89' lang='lat' dir='ltr'><strong>vi</strong></span> <span class='ocrx_word' id='word_1_326' title='bbox 1396 2917 1535 2973; x_wconf 85' lang='lat' dir='ltr'><strong>viam</strong></span> <span class='ocrx_word' id='word_1_327' title='bbox 1586 2918 1878 2987; x_wconf 78' lang='lat' dir='ltr'><strong>evadendi,</strong></span> <span class='ocrx_word' id='word_1_328' title='bbox 1925 2920 2051 2975; x_wconf 77' lang='lat' dir='ltr'><strong>dum</strong></span> 
     </span>
    </p>
   </div>
   <div class='ocr_carea' id='block_1_49' title="bbox 470 3007 2126 3092">
    <p class='ocr_par' dir='ltr' id='par_1_49' title="bbox 470 3007 2126 3092">
     <span class='ocr_line' id='line_1_49' title="bbox 470 3007 2126 3092; baseline 0.005 -32"><span class='ocrx_word' id='word_1_329' title='bbox 470 3007 733 3064; x_wconf 86' lang='lat' dir='ltr'><strong>sustinere</strong></span> <span class='ocrx_word' id='word_1_330' title='bbox 780 3023 902 3064; x_wconf 84' lang='lat' dir='ltr'><strong>eum</strong></span> <span class='ocrx_word' id='word_1_331' title='bbox 953 3017 1093 3065; x_wconf 87' lang='lat' dir='ltr'><strong>terra</strong></span> <span class='ocrx_word' id='word_1_332' title='bbox 1139 3024 1243 3064; x_wconf 91' lang='lat' dir='ltr'><strong>non</strong></span> <span class='ocrx_word' id='word_1_333' title='bbox 1288 3012 1552 3081; x_wconf 86' lang='lat' dir='ltr'><strong>potuerit,</strong></span> <span class='ocrx_word' id='word_1_334' title='bbox 1597 3022 1687 3065; x_wconf 88' lang='lat' dir='ltr'><strong>aut</strong></span> <span class='ocrx_word' id='word_1_335' title='bbox 1717 3014 1930 3077; x_wconf 81' lang='lat' dir='ltr'><strong>tremit,</strong></span> <span class='ocrx_word' id='word_1_336' title='bbox 1962 3022 2054 3068; x_wconf 86' lang='lat' dir='ltr'><strong>aut</strong></span> <span class='ocrx_word' id='word_1_337' title='bbox 2081 3030 2126 3092; x_wconf 70' lang='grc' dir='ltr'><strong>ρ</strong></span> 
     </span>
    </p>
   </div>
   <div class='ocr_carea' id='block_1_50' title="bbox 471 3096 2052 3169">
    <p class='ocr_par' dir='ltr' id='par_1_50' title="bbox 471 3096 2052 3169">
     <span class='ocr_line' id='line_1_50' title="bbox 471 3096 2052 3169; baseline 0.002 -17"><span class='ocrx_word' id='word_1_338' title='bbox 471 3096 734 3167; x_wconf 83' lang='lat' dir='ltr'><strong>dehiscit,</strong></span> <span class='ocrx_word' id='word_1_339' title='bbox 766 3108 826 3152; x_wconf 91' lang='lat' dir='ltr'><strong>ut</strong></span> <span class='ocrx_word' id='word_1_340' title='bbox 867 3108 1082 3153; x_wconf 90' lang='lat' dir='ltr'><strong>ventum</strong></span> <span class='ocrx_word' id='word_1_341' title='bbox 1114 3112 1318 3169; x_wconf 83' lang='lat' dir='ltr'><strong>egerat.</strong></span> <span class='ocrx_word' id='word_1_342' title='bbox 1357 3100 1482 3158; x_wconf 88' lang='lat' dir='ltr'><strong>Inde</strong></span> <span class='ocrx_word' id='word_1_343' title='bbox 1509 3110 1684 3155; x_wconf 88' lang='lat' dir='ltr'><strong>autem</strong></span> <span class='ocrx_word' id='word_1_344' title='bbox 1718 3101 1831 3154; x_wconf 83' lang='lat' dir='ltr'><strong>ﬁeri</strong></span> <span class='ocrx_word' id='word_1_345' title='bbox 1866 3112 2052 3155; x_wconf 77' lang='lat' dir='ltr'><strong>terrm-</strong></span> 
     </span>
    </p>
   </div>
   <div class='ocr_carea' id='block_1_51' title="bbox 475 3190 2051 3254">
    <p class='ocr_par' dir='ltr' id='par_1_51' title="bbox 475 3190 2051 3254">
     <span class='ocr_line' id='line_1_51' title="bbox 475 3190 2051 3254; baseline 0.004 -13"><span class='ocrx_word' id='word_1_346' title='bbox 475 3197 717 3254; x_wconf 89' lang='lat' dir='ltr'><strong>motum,</strong></span> <span class='ocrx_word' id='word_1_347' title='bbox 767 3190 892 3243; x_wconf 90' lang='lat' dir='ltr'><strong>dum</strong></span> <span class='ocrx_word' id='word_1_348' title='bbox 950 3190 1197 3245; x_wconf 87' lang='lat' dir='ltr'><strong>universa</strong></span> <span class='ocrx_word' id='word_1_349' title='bbox 1265 3203 1455 3247; x_wconf 83' lang='lat' dir='ltr'><strong>ventus</strong></span> <span class='ocrx_word' id='word_1_350' title='bbox 1512 3193 1749 3246; x_wconf 87' lang='lat' dir='ltr'><strong>inclusus</strong></span> <span class='ocrx_word' id='word_1_351' title='bbox 1795 3193 2051 3247; x_wconf 81' lang='lat' dir='ltr'><strong>cencutit.</strong></span> 
     </span>
    </p>
   </div>
   <div class='ocr_carea' id='block_1_52' title="bbox 540 3277 2057 3351">
    <p class='ocr_par' dir='ltr' id='par_1_52' title="bbox 540 3277 2057 3351">
     <span class='ocr_line' id='line_1_52' title="bbox 540 3277 2057 3351; baseline 0.003 -17"><span class='ocrx_word' id='word_1_352' title='bbox 540 3279 597 3335; x_wconf 76' lang='grc'><strong>2.</strong></span> <span class='ocrx_word' id='word_1_353' title='bbox 637 3277 788 3335; x_wconf 86' lang='lat' dir='ltr'><strong>Unde</strong></span> <span class='ocrx_word' id='word_1_354' title='bbox 813 3288 866 3335; x_wconf 91' lang='lat' dir='ltr'><strong>et</strong></span> <span class='ocrx_word' id='word_1_355' title='bbox 892 3280 1204 3335; x_wconf 81' lang='lat' dir='ltr'><strong>Sallustius:</strong></span> <span class='ocrx_word' id='word_1_356' title='bbox 1231 3280 1404 3348; x_wconf 82' lang='lat' dir='ltr'><strong>Venti,</strong></span> <span class='ocrx_word' id='word_1_357' title='bbox 1428 3284 1619 3351; x_wconf 89' lang='lat' dir='ltr'><strong>inquit,</strong></span> <span class='ocrx_word' id='word_1_358' title='bbox 1652 3299 1741 3349; x_wconf 87' lang='lat' dir='ltr'><strong>per</strong></span> <span class='ocrx_word' id='word_1_359' title='bbox 1761 3300 1885 3337; x_wconf 78' lang='lat' dir='ltr'><strong>caua</strong></span> <span class='ocrx_word' id='word_1_360' title='bbox 1908 3294 2057 3339; x_wconf 71' lang='lat' dir='ltr'><strong>terra:</strong></span> 
     </span>
    </p>
   </div>
   <div class='ocr_carea' id='block_1_53' title="bbox 474 3366 2054 3443">
    <p class='ocr_par' dir='ltr' id='par_1_53' title="bbox 474 3366 2054 3443">
     <span class='ocr_line' id='line_1_53' title="bbox 474 3366 2054 3443; baseline 0.005 -22"><span class='ocrx_word' id='word_1_361' title='bbox 474 3366 813 3438; x_wconf 73' lang='lat' dir='ltr'><strong>prccipitati,</strong></span> <span class='ocrx_word' id='word_1_362' title='bbox 842 3371 983 3439; x_wconf 86' lang='lat' dir='ltr'><strong>rupti</strong></span> <span class='ocrx_word' id='word_1_363' title='bbox 1028 3369 1223 3438; x_wconf 89' lang='lat' dir='ltr'><strong>aliquot</strong></span> <span class='ocrx_word' id='word_1_364' title='bbox 1271 3383 1483 3437; x_wconf 85' lang='lat' dir='ltr'><strong>montes,</strong></span> <span class='ocrx_word' id='word_1_365' title='bbox 1534 3374 1819 3443; x_wconf 81' lang='lat' dir='ltr'><strong>tumulique</strong></span> <span class='ocrx_word' id='word_1_366' title='bbox 1862 3377 2054 3429; x_wconf 79' lang='lat' dir='ltr'><strong>sedere.</strong></span> 
     </span>
    </p>
   </div>
   <div class='ocr_carea' id='block_1_54' title="bbox 473 3460 2058 3536">
    <p class='ocr_par' dir='ltr' id='par_1_54' title="bbox 473 3460 2058 3536">
     <span class='ocr_line' id='line_1_54' title="bbox 473 3460 2058 3536; baseline 0.007 -25"><span class='ocrx_word' id='word_1_367' title='bbox 473 3460 638 3530; x_wconf 71' lang='lat' dir='ltr'><strong>Ergo,</strong></span> <span class='ocrx_word' id='word_1_368' title='bbox 663 3460 994 3525; x_wconf 80' lang='lat' dir='ltr'><strong>ut‘diximus,</strong></span> <span class='ocrx_word' id='word_1_369' title='bbox 1024 3471 1224 3517; x_wconf 90' lang='lat' dir='ltr'><strong>tremor</strong></span> <span class='ocrx_word' id='word_1_370' title='bbox 1249 3474 1428 3530; x_wconf 70' lang='lat' dir='ltr'><strong>terrae,</strong></span> <span class='ocrx_word' id='word_1_371' title='bbox 1456 3463 1538 3518; x_wconf 88' lang='lat' dir='ltr'><strong>vel</strong></span> <span class='ocrx_word' id='word_1_372' title='bbox 1571 3465 1763 3533; x_wconf 76' lang='lat' dir='ltr'><strong>Spiritu</strong></span> <span class='ocrx_word' id='word_1_373' title='bbox 1790 3467 1930 3522; x_wconf 88' lang='lat' dir='ltr'><strong>venti</strong></span> <span class='ocrx_word' id='word_1_374' title='bbox 1965 3482 2058 3536; x_wconf 86' lang='lat' dir='ltr'><strong>per</strong></span> 
     </span>
    </p>
   </div>
   <div class='ocr_carea' id='block_1_55' title="bbox 470 3553 2058 3625">
    <p class='ocr_par' dir='ltr' id='par_1_55' title="bbox 470 3553 2058 3625">
     <span class='ocr_line' id='line_1_55' title="bbox 470 3553 2058 3625; baseline 0.008 -23"><span class='ocrx_word' id='word_1_375' title='bbox 470 3567 599 3604; x_wconf 75' lang='lat' dir='ltr'><strong>cava</strong></span> <span class='ocrx_word' id='word_1_376' title='bbox 647 3560 840 3617; x_wconf 72' lang='lat' dir='ltr'><strong>terrm,</strong></span> <span class='ocrx_word' id='word_1_377' title='bbox 887 3554 972 3606; x_wconf 89' lang='lat' dir='ltr'><strong>vel</strong></span> <span class='ocrx_word' id='word_1_378' title='bbox 1019 3553 1174 3607; x_wconf 90' lang='lat' dir='ltr'><strong>ruina</strong></span> <span class='ocrx_word' id='word_1_379' title='bbox 1213 3553 1549 3620; x_wconf 79' lang='lat' dir='ltr'><strong>inferiorum,</strong></span> <span class='ocrx_word' id='word_1_380' title='bbox 1605 3564 1860 3625; x_wconf 81' lang='lat' dir='ltr'><strong>motuque</strong></span> <span class='ocrx_word' id='word_1_381' title='bbox 1903 3558 2058 3615; x_wconf 72' lang='lat' dir='ltr'><strong>unda:</strong></span> 
     </span>
    </p>
   </div>
   <div class='ocr_carea' id='block_1_56' title="bbox 471 3640 1465 3699">
    <p class='ocr_par' dir='ltr' id='par_1_56' title="bbox 471 3640 1465 3699">
     <span class='ocr_line' id='line_1_56' title="bbox 471 3640 1465 3699; baseline 0.002 -4"><span class='ocrx_word' id='word_1_382' title='bbox 471 3640 678 3697; x_wconf 77' lang='lat' dir='ltr'><strong>existit.</strong></span> <span class='ocrx_word' id='word_1_383' title='bbox 708 3641 798 3699; x_wconf 87' lang='lat' dir='ltr'><strong>Sic</strong></span> <span class='ocrx_word' id='word_1_384' title='bbox 824 3642 964 3699; x_wconf 87' lang='lat' dir='ltr'><strong>enim</strong></span> <span class='ocrx_word' id='word_1_385' title='bbox 988 3652 1044 3698; x_wconf 88' lang='lat' dir='ltr'><strong>et</strong></span> <span class='ocrx_word' id='word_1_386' title='bbox 1072 3643 1316 3699; x_wconf 80' lang='lat' dir='ltr'><strong>Lucanus</strong></span> <span class='ocrx_word' id='word_1_387' title='bbox 1346 3645 1419 3697; x_wconf 84' lang='lat' dir='ltr'><strong>ait</strong></span> <span class='ocrx_word' id='word_1_388' title='bbox 1451 3662 1465 3698; x_wconf 90' lang='lat'><strong>:</strong></span> 
     </span>
    </p>
   </div>
   <div class='ocr_carea' id='block_1_57' title="bbox 1245 3734 1810 3797">
    <p class='ocr_par' dir='ltr' id='par_1_57' title="bbox 1245 3734 1810 3797">
     <span class='ocr_line' id='line_1_57' title="bbox 1245 3734 1810 3797; baseline 0.005 -12"><span class='ocrx_word' id='word_1_389' title='bbox 1245 3734 1499 3797; x_wconf 85' lang='lat' dir='ltr'><strong>Terraque</strong></span> <span class='ocrx_word' id='word_1_390' title='bbox 1521 3734 1810 3788; x_wconf 85' lang='lat' dir='ltr'><strong>dehiscente</strong></span> 
     </span>
    </p>
   </div>
   <div class='ocr_carea' id='block_1_58' title="bbox 690 3792 1786 3861">
    <p class='ocr_par' dir='ltr' id='par_1_58' title="bbox 690 3792 1786 3861">
     <span class='ocr_line' id='line_1_58' title="bbox 690 3792 1786 3861; baseline 0.006 -19"><span class='ocrx_word' id='word_1_391' title='bbox 690 3792 1005 3845; x_wconf 83' lang='lat' dir='ltr'><strong>Insolitis.....</strong></span> <span class='ocrx_word' id='word_1_392' title='bbox 1030 3801 1341 3846; x_wconf 87' lang='lat' dir='ltr'><strong>tremuerunt</strong></span> <span class='ocrx_word' id='word_1_393' title='bbox 1376 3792 1585 3848; x_wconf 59' lang='lat' dir='ltr'><strong>ufotibus</strong></span> <span class='ocrx_word' id='word_1_394' title='bbox 1619 3800 1786 3861; x_wconf 81' lang='lat' dir='ltr'><strong>Alpes.</strong></span> 
     </span>
    </p>
   </div>
   <div class='ocr_carea' id='block_1_59' title="bbox 544 3876 2058 3949">
    <p class='ocr_par' dir='ltr' id='par_1_59' title="bbox 544 3876 2058 3949">
     <span class='ocr_line' id='line_1_59' title="bbox 544 3876 2058 3949; baseline 0.005 -18"><span class='ocrx_word' id='word_1_395' title='bbox 544 3876 597 3931; x_wconf 71' lang='grc' dir='ltr'><strong>ὅ.</strong></span> <span class='ocrx_word' id='word_1_396' title='bbox 622 3876 1008 3933; x_wconf 70' lang='grc' dir='ltr'><strong>Τεῐττιιιηυιυηι</strong></span> <span class='ocrx_word' id='word_1_397' title='bbox 1062 3890 1237 3935; x_wconf 87' lang='lat' dir='ltr'><strong>autem</strong></span> <span class='ocrx_word' id='word_1_398' title='bbox 1270 3880 1375 3934; x_wconf 88' lang='lat' dir='ltr'><strong>illic</strong></span> <span class='ocrx_word' id='word_1_399' title='bbox 1403 3880 1617 3936; x_wconf 83' lang='lat' dir='ltr'><strong>assidue</strong></span> <span class='ocrx_word' id='word_1_400' title='bbox 1646 3882 1786 3949; x_wconf 79' lang='lat' dir='ltr'><strong>ﬁeri,</strong></span> <span class='ocrx_word' id='word_1_401' title='bbox 1819 3884 1904 3938; x_wconf 89' lang='lat' dir='ltr'><strong>ubi</strong></span> <span class='ocrx_word' id='word_1_402' title='bbox 1930 3899 2058 3938; x_wconf 84' lang='lat' dir='ltr'><strong>cava</strong></span> 
     </span>
    </p>
   </div>
   <div class='ocr_carea' id='block_1_60' title="bbox 474 3973 2061 4043">
    <p class='ocr_par' dir='ltr' id='par_1_60' title="bbox 474 3973 2061 4043">
     <span class='ocr_line' id='line_1_60' title="bbox 474 3973 2061 4043; baseline 0.004 -20"><span class='ocrx_word' id='word_1_403' title='bbox 474 3977 738 4024; x_wconf 85' lang='lat' dir='ltr'><strong>terrarum</strong></span> <span class='ocrx_word' id='word_1_404' title='bbox 784 3980 932 4037; x_wconf 88' lang='lat' dir='ltr'><strong>sunt,</strong></span> <span class='ocrx_word' id='word_1_405' title='bbox 973 3973 1024 4027; x_wconf 88' lang='lat' dir='ltr'><strong>iu</strong></span> <span class='ocrx_word' id='word_1_406' title='bbox 1066 3973 1261 4042; x_wconf 88' lang='lat' dir='ltr'><strong>quibus</strong></span> <span class='ocrx_word' id='word_1_407' title='bbox 1290 3974 1430 4028; x_wconf 84' lang='lat' dir='ltr'><strong>venti</strong></span> <span class='ocrx_word' id='word_1_408' title='bbox 1458 3975 1845 4043; x_wconf 87' lang='lat' dir='ltr'><strong>ingrediuntur,</strong></span> <span class='ocrx_word' id='word_1_409' title='bbox 1878 3984 1933 4032; x_wconf 90' lang='lat' dir='ltr'><strong>et</strong></span> <span class='ocrx_word' id='word_1_410' title='bbox 1974 3977 2061 4029; x_wconf 83' lang='lat' dir='ltr'><strong>fa—</strong></span> 
     </span>
    </p>
   </div>
   <div class='ocr_carea' id='block_1_61' title="bbox 472 4060 2056 4133">
    <p class='ocr_par' dir='ltr' id='par_1_61' title="bbox 472 4060 2056 4133">
     <span class='ocr_line' id='line_1_61' title="bbox 472 4060 2056 4133; baseline 0.004 -18"><span class='ocrx_word' id='word_1_411' title='bbox 472 4060 624 4115; x_wconf 89' lang='lat' dir='ltr'><strong>ciunt</strong></span> <span class='ocrx_word' id='word_1_412' title='bbox 649 4071 1034 4118; x_wconf 68' lang='lat' dir='ltr'><strong>terrasmotum.</strong></span> <span class='ocrx_word' id='word_1_413' title='bbox 1067 4064 1198 4119; x_wconf 82' lang='lat' dir='ltr'><strong>Nam</strong></span> <span class='ocrx_word' id='word_1_414' title='bbox 1227 4066 1314 4119; x_wconf 90' lang='lat' dir='ltr'><strong>ubi</strong></span> <span class='ocrx_word' id='word_1_415' title='bbox 1344 4080 1629 4120; x_wconf 90' lang='lat' dir='ltr'><strong>arenosum</strong></span> <span class='ocrx_word' id='word_1_416' title='bbox 1653 4076 1755 4133; x_wconf 90' lang='lat' dir='ltr'><strong>est,</strong></span> <span class='ocrx_word' id='word_1_417' title='bbox 1778 4078 1869 4120; x_wconf 86' lang='lat' dir='ltr'><strong>aut</strong></span> <span class='ocrx_word' id='word_1_418' title='bbox 1889 4066 2056 4122; x_wconf 87' lang='lat' dir='ltr'><strong>solida</strong></span> 
     </span>
    </p>
   </div>
   <div class='ocr_carea' id='block_1_62' title="bbox 473 4153 2061 4217">
    <p class='ocr_par' dir='ltr' id='par_1_62' title="bbox 473 4153 2061 4217">
     <span class='ocr_line' id='line_1_62' title="bbox 473 4153 2061 4217; baseline 0.004 -12"><span class='ocrx_word' id='word_1_419' title='bbox 473 4163 557 4206; x_wconf 69' lang='grc' dir='ltr'><strong>εει</strong></span> <span class='ocrx_word' id='word_1_420' title='bbox 580 4161 739 4217; x_wconf 89' lang='lat' dir='ltr'><strong>terra,</strong></span> <span class='ocrx_word' id='word_1_421' title='bbox 768 4169 872 4206; x_wconf 86' lang='lat' dir='ltr'><strong>non</strong></span> <span class='ocrx_word' id='word_1_422' title='bbox 906 4153 975 4206; x_wconf 87' lang='lat' dir='ltr'><strong>ibi</strong></span> <span class='ocrx_word' id='word_1_423' title='bbox 1009 4154 1065 4207; x_wconf 87' lang='lat' dir='ltr'><strong>lit</strong></span> <span class='ocrx_word' id='word_1_424' title='bbox 1096 4164 1448 4211; x_wconf 64' lang='lat' dir='ltr'><strong>terramotus.</strong></span> <span class='ocrx_word' id='word_1_425' title='bbox 1476 4156 1659 4211; x_wconf 74' lang='lat' dir='ltr'><strong>Terra:</strong></span> <span class='ocrx_word' id='word_1_426' title='bbox 1684 4166 1861 4211; x_wconf 90' lang='lat' dir='ltr'><strong>autem</strong></span> <span class='ocrx_word' id='word_1_427' title='bbox 1894 4159 2061 4212; x_wconf 88' lang='lat' dir='ltr'><strong>motio</strong></span> 
     </span>
    </p>
   </div>
   <div class='ocr_carea' id='block_1_63' title="bbox 478 4241 2060 4315">
    <p class='ocr_par' dir='ltr' id='par_1_63' title="bbox 478 4241 2060 4315">
     <span class='ocr_line' id='line_1_63' title="bbox 478 4241 2060 4315; baseline 0.006 -20"><span class='ocrx_word' id='word_1_428' title='bbox 478 4241 708 4311; x_wconf 88' lang='lat' dir='ltr'><strong>pertinet</strong></span> <span class='ocrx_word' id='word_1_429' title='bbox 738 4242 803 4295; x_wconf 89' lang='lat' dir='ltr'><strong>ad</strong></span> <span class='ocrx_word' id='word_1_430' title='bbox 839 4241 1118 4312; x_wconf 86' lang='lat' dir='ltr'><strong>judicium,</strong></span> <span class='ocrx_word' id='word_1_431' title='bbox 1150 4248 1361 4312; x_wconf 87' lang='lat' dir='ltr'><strong>quando</strong></span> <span class='ocrx_word' id='word_1_432' title='bbox 1402 4256 1709 4315; x_wconf 83' lang='lat' dir='ltr'><strong>peccatores</strong></span> <span class='ocrx_word' id='word_1_433' title='bbox 1755 4257 1811 4302; x_wconf 92' lang='lat' dir='ltr'><strong>et</strong></span> <span class='ocrx_word' id='word_1_434' title='bbox 1860 4250 2060 4304; x_wconf 87' lang='lat' dir='ltr'><strong>terreni</strong></span> 
     </span>
    </p>
   </div>
   <div class='ocr_carea' id='block_1_64' title="bbox 481 4333 2055 4403">
    <p class='ocr_par' dir='ltr' id='par_1_64' title="bbox 481 4333 2055 4403">
     <span class='ocr_line' id='line_1_64' title="bbox 481 4333 2055 4403; baseline 0.006 -15"><span class='ocrx_word' id='word_1_435' title='bbox 481 4333 728 4388; x_wconf 87' lang='lat' dir='ltr'><strong>homines</strong></span> <span class='ocrx_word' id='word_1_436' title='bbox 764 4333 956 4403; x_wconf 88' lang='lat' dir='ltr'><strong>spiritu</strong></span> <span class='ocrx_word' id='word_1_437' title='bbox 998 4336 1111 4390; x_wconf 87' lang='lat' dir='ltr'><strong>oris</strong></span> <span class='ocrx_word' id='word_1_438' title='bbox 1139 4337 1233 4391; x_wconf 85' lang='lat' dir='ltr'><strong>Dei</strong></span> <span class='ocrx_word' id='word_1_439' title='bbox 1259 4339 1506 4393; x_wconf 87' lang='lat' dir='ltr'><strong>concussi</strong></span> <span class='ocrx_word' id='word_1_440' title='bbox 1553 4343 2055 4397; x_wconf 88' lang='lat' dir='ltr'><strong>commovebuntur.</strong></span> 
     </span>
    </p>
   </div>
   <div class='ocr_carea' id='block_1_65' title="bbox 478 4425 2060 4496">
    <p class='ocr_par' dir='ltr' id='par_1_65' title="bbox 478 4425 2060 4496">
     <span class='ocr_line' id='line_1_65' title="bbox 478 4425 2060 4496; baseline 0.006 -18"><span class='ocrx_word' id='word_1_441' title='bbox 478 4425 610 4479; x_wconf 87' lang='lat' dir='ltr'><strong>Item</strong></span> <span class='ocrx_word' id='word_1_442' title='bbox 643 4434 802 4480; x_wconf 72' lang='lat' dir='ltr'><strong>terrae</strong></span> <span class='ocrx_word' id='word_1_443' title='bbox 829 4428 1121 4481; x_wconf 85' lang='lat' dir='ltr'><strong>commotio</strong></span> <span class='ocrx_word' id='word_1_444' title='bbox 1161 4426 1435 4482; x_wconf 88' lang='lat' dir='ltr'><strong>hominum</strong></span> <span class='ocrx_word' id='word_1_445' title='bbox 1474 4437 1810 4484; x_wconf 89' lang='lat' dir='ltr'><strong>terrenorum</strong></span> <span class='ocrx_word' id='word_1_446' title='bbox 1841 4441 1946 4496; x_wconf 85' lang='lat' dir='ltr'><strong>est,</strong></span> <span class='ocrx_word' id='word_1_447' title='bbox 1993 4434 2060 4488; x_wconf 90' lang='lat' dir='ltr'><strong>ad</strong></span> 
     </span>
    </p>
   </div>
   <div class='ocr_carea' id='block_1_66' title="bbox 477 4517 2062 4591">
    <p class='ocr_par' dir='ltr' id='par_1_66' title="bbox 477 4517 2062 4591">
     <span class='ocr_line' id='line_1_66' title="bbox 477 4517 2062 4591; baseline 0.004 -18"><span class='ocrx_word' id='word_1_448' title='bbox 477 4517 637 4573; x_wconf 76' lang='lat' dir='ltr'><strong>(idem</strong></span> <span class='ocrx_word' id='word_1_449' title='bbox 680 4517 987 4574; x_wconf 85' lang='lat' dir='ltr'><strong>conversio.</strong></span> <span class='ocrx_word' id='word_1_450' title='bbox 1022 4517 1170 4575; x_wconf 89' lang='lat' dir='ltr'><strong>Unde</strong></span> <span class='ocrx_word' id='word_1_451' title='bbox 1197 4518 1453 4589; x_wconf 87' lang='lat' dir='ltr'><strong>scriptum</strong></span> <span class='ocrx_word' id='word_1_452' title='bbox 1483 4530 1565 4576; x_wconf 89' lang='lat' dir='ltr'><strong>est</strong></span> <span class='ocrx_word' id='word_1_453' title='bbox 1591 4538 1607 4576; x_wconf 87' lang='lat'><strong>:</strong></span> <span class='ocrx_word' id='word_1_454' title='bbox 1638 4521 1797 4577; x_wconf 78' lang='lat' dir='ltr'><strong>Pedes</strong></span> <span class='ocrx_word' id='word_1_455' title='bbox 1826 4525 1938 4591; x_wconf 80' lang='lat' dir='ltr'><strong>eius</strong></span> <span class='ocrx_word' id='word_1_456' title='bbox 1963 4536 2062 4579; x_wconf 85' lang='lat' dir='ltr'><strong>ste-</strong></span> 
     </span>
    </p>
   </div>
   <div class='ocr_carea' id='block_1_67' title="bbox 476 4614 1878 4686">
    <p class='ocr_par' dir='ltr' id='par_1_67' title="bbox 476 4614 1878 4686">
     <span class='ocr_line' id='line_1_67' title="bbox 476 4614 1878 4686; baseline 0.006 -21"><span class='ocrx_word' id='word_1_457' title='bbox 476 4620 668 4677; x_wconf 82' lang='lat' dir='ltr'><strong>terunt,</strong></span> <span class='ocrx_word' id='word_1_458' title='bbox 698 4621 747 4667; x_wconf 88' lang='lat' dir='ltr'><strong>et</strong></span> <span class='ocrx_word' id='word_1_459' title='bbox 770 4621 909 4667; x_wconf 83' lang='lat' dir='ltr'><strong>mota</strong></span> <span class='ocrx_word' id='word_1_460' title='bbox 937 4621 1011 4668; x_wconf 85' lang='lat' dir='ltr'><strong>est</strong></span> <span class='ocrx_word' id='word_1_461' title='bbox 1036 4620 1196 4680; x_wconf 83' lang='lat' dir='ltr'><strong>terra,</strong></span> <span class='ocrx_word' id='word_1_462' title='bbox 1232 4615 1415 4686; x_wconf 85' lang='lat' dir='ltr'><strong>utique</strong></span> <span class='ocrx_word' id='word_1_463' title='bbox 1440 4616 1507 4671; x_wconf 92' lang='lat' dir='ltr'><strong>ad</strong></span> <span class='ocrx_word' id='word_1_464' title='bbox 1528 4614 1878 4674; x_wconf 86' lang='lat' dir='ltr'><strong>credendum.</strong></span> 
     </span>
    </p>
   </div>
   <div class='ocr_carea' id='block_1_68' title="bbox 551 4774 2060 4848">
    <p class='ocr_par' dir='ltr' id='par_1_68' title="bbox 551 4774 2060 4848">
     <span class='ocr_line' id='line_1_68' title="bbox 551 4774 2060 4848; baseline 0.003 -17"><span class='ocrx_word' id='word_1_465' title='bbox 551 4774 681 4832; x_wconf 74' lang='lat' dir='ltr'><strong>Car.</strong></span> <span class='ocrx_word' id='word_1_466' title='bbox 708 4791 859 4848; x_wconf 67' lang='lat' dir='ltr'><strong>xcvi.</strong></span> <span class='ocrx_word' id='word_1_467' title='bbox 887 4807 960 4819; x_wconf 81' lang='lat'><strong>—-</strong></span> <span class='ocrx_word' id='word_1_468' title='bbox 985 4775 1050 4831; x_wconf 86' lang='lat' dir='ltr'><strong>N.</strong></span> <span class='ocrx_word' id='word_1_469' title='bbox 1083 4776 1134 4832; x_wconf 84' lang='lat' dir='ltr'><strong>l.</strong></span> <span class='ocrx_word' id='word_1_470' title='bbox 1166 4777 1335 4844; x_wconf 79' lang='lat' dir='ltr'><strong>Hujus</strong></span> <span class='ocrx_word' id='word_1_471' title='bbox 1362 4793 1571 4848; x_wconf 89' lang='lat' dir='ltr'><strong>quoque</strong></span> <span class='ocrx_word' id='word_1_472' title='bbox 1617 4780 1811 4847; x_wconf 86' lang='lat' dir='ltr'><strong>capitis</strong></span> <span class='ocrx_word' id='word_1_473' title='bbox 1840 4789 2060 4835; x_wconf 86' lang='lat' dir='ltr'><strong>senten-</strong></span> 
     </span>
    </p>
   </div>
   <div class='ocr_carea' id='block_1_69' title="bbox 480 4847 1323 4918">
    <p class='ocr_par' dir='ltr' id='par_1_69' title="bbox 480 4847 1323 4918">
     <span class='ocr_line' id='line_1_69' title="bbox 480 4847 1323 4918; baseline -0.006 -13"><span class='ocrx_word' id='word_1_474' title='bbox 480 4848 613 4918; x_wconf 21' lang='lat' dir='ltr'><strong>tiage</strong></span> <span class='ocrx_word' id='word_1_475' title='bbox 642 4858 793 4903; x_wconf 80' lang='lat' dir='ltr'><strong>sexto</strong></span> <span class='ocrx_word' id='word_1_476' title='bbox 833 4847 1062 4902; x_wconf 82' lang='lat' dir='ltr'><strong>Lucretii</strong></span> <span class='ocrx_word' id='word_1_477' title='bbox 1092 4856 1323 4918; x_wconf 84' lang='lat' dir='ltr'><strong>sumpta.</strong></span> 
     </span>
    </p>
   </div>
   <div class='ocr_carea' id='block_1_70' title="bbox 550 4915 2057 4983">
    <p class='ocr_par' dir='ltr' id='par_1_70' title="bbox 550 4915 2057 4983">
     <span class='ocr_line' id='line_1_70' title="bbox 550 4915 2057 4983; baseline 0.003 -12"><span class='ocrx_word' id='word_1_478' title='bbox 550 4915 691 4972; x_wconf 79' lang='lat' dir='ltr'><strong>Ibid.</strong></span> <span class='ocrx_word' id='word_1_479' title='bbox 717 4919 1001 4983; x_wconf 79' lang='lat' dir='ltr'><strong>Quterentis</strong></span> <span class='ocrx_word' id='word_1_480' title='bbox 1016 4918 1064 4971; x_wconf 85' lang='lat' dir='ltr'><strong>vi</strong></span> <span class='ocrx_word' id='word_1_481' title='bbox 1083 4915 1503 4973; x_wconf 49' lang='lat' dir='ltr'><strong>niam&#39;evadendi.</strong></span> <span class='ocrx_word' id='word_1_482' title='bbox 1524 4917 1829 4974; x_wconf 83' lang='lat' dir='ltr'><strong>Omiseram</strong></span> <span class='ocrx_word' id='word_1_483' title='bbox 1859 4921 2057 4975; x_wconf 87' lang='lat' dir='ltr'><strong>librarii</strong></span> 
     </span>
    </p>
   </div>
   <div class='ocr_carea' id='block_1_71' title="bbox 475 4988 2061 5059">
    <p class='ocr_par' dir='ltr' id='par_1_71' title="bbox 475 4988 2061 5059">
     <span class='ocr_line' id='line_1_71' title="bbox 475 4988 2061 5059; baseline 0.001 -13"><span class='ocrx_word' id='word_1_484' title='bbox 475 4988 609 5046; x_wconf 75' lang='lat' dir='ltr'><strong>Illud</strong></span> <span class='ocrx_word' id='word_1_485' title='bbox 631 4989 678 5059; x_wconf 80' lang='lat' dir='ltr'><strong>ui</strong></span> <span class='ocrx_word' id='word_1_486' title='bbox 699 4990 979 5059; x_wconf 78' lang='lat' dir='ltr'><strong>sequentis</strong></span> <span class='ocrx_word' id='word_1_487' title='bbox 996 4989 1216 5059; x_wconf 80' lang='lat' dir='ltr'><strong>alterius</strong></span> <span class='ocrx_word' id='word_1_488' title='bbox 1257 4990 1479 5059; x_wconf 74' lang='lat' dir='ltr'><strong>syllaba:</strong></span> <span class='ocrx_word' id='word_1_489' title='bbox 1508 4991 1554 5044; x_wconf 84' lang='lat' dir='ltr'><strong>ui</strong></span> <span class='ocrx_word' id='word_1_490' title='bbox 1584 4990 1935 5046; x_wconf 87' lang='lat' dir='ltr'><strong>similitudine</strong></span> <span class='ocrx_word' id='word_1_491' title='bbox 1963 4992 2061 5047; x_wconf 86' lang='lat' dir='ltr'><strong>de-</strong></span> 
     </span>
    </p>
   </div>
   <div class='ocr_carea' id='block_1_72' title="bbox 481 5058 1347 5116">
    <p class='ocr_par' dir='ltr' id='par_1_72' title="bbox 481 5058 1347 5116">
     <span class='ocr_line' id='line_1_72' title="bbox 481 5058 1347 5116; baseline -0.001 -1"><span class='ocrx_word' id='word_1_492' title='bbox 481 5061 603 5116; x_wconf 85' lang='lat' dir='ltr'><strong>lusi.</strong></span> <span class='ocrx_word' id='word_1_493' title='bbox 638 5058 828 5114; x_wconf 81' lang='lat' dir='ltr'><strong>Notum</strong></span> <span class='ocrx_word' id='word_1_494' title='bbox 857 5058 985 5112; x_wconf 84' lang='lat' dir='ltr'><strong>illud</strong></span> <span class='ocrx_word' id='word_1_495' title='bbox 1013 5075 1027 5111; x_wconf 89' lang='lat'>:</span> <span class='ocrx_word' id='word_1_496' title='bbox 1060 5058 1147 5112; x_wconf 80' lang='lat' dir='ltr'><strong>Fit</strong></span> <span class='ocrx_word' id='word_1_497' title='bbox 1171 5060 1250 5113; x_wconf 79' lang='lat' dir='ltr'><strong>uia</strong></span> <span class='ocrx_word' id='word_1_498' title='bbox 1279 5058 1347 5114; x_wconf 71' lang='lat' dir='ltr'><strong>ei.</strong></span> 
     </span>
    </p>
   </div>
   <div class='ocr_carea' id='block_1_73' title="bbox 549 5128 2061 5202">
    <p class='ocr_par' dir='ltr' id='par_1_73' title="bbox 549 5128 2061 5202">
     <span class='ocr_line' id='line_1_73' title="bbox 549 5128 2061 5202; baseline 0.001 -19"><span class='ocrx_word' id='word_1_499' title='bbox 549 5131 607 5188; x_wconf 76' lang='lat'><strong>‘2.</strong></span> <span class='ocrx_word' id='word_1_500' title='bbox 642 5128 789 5202; x_wconf 84' lang='lat' dir='ltr'><strong>Unde</strong></span> <span class='ocrx_word' id='word_1_501' title='bbox 812 5137 858 5183; x_wconf 88' lang='lat' dir='ltr'><strong>et</strong></span> <span class='ocrx_word' id='word_1_502' title='bbox 891 5129 1108 5202; x_wconf 76' lang='lat' dir='ltr'><strong>Sallust.</strong></span> <span class='ocrx_word' id='word_1_503' title='bbox 1141 5128 1298 5202; x_wconf 70' lang='lat' dir='ltr'><strong>Venti</strong></span> <span class='ocrx_word' id='word_1_504' title='bbox 1320 5129 1529 5202; x_wconf 78' lang='lat' dir='ltr'><strong>(inquit)</strong></span> <span class='ocrx_word' id='word_1_505' title='bbox 1552 5148 1641 5197; x_wconf 84' lang='lat' dir='ltr'><strong>per</strong></span> <span class='ocrx_word' id='word_1_506' title='bbox 1668 5149 1790 5185; x_wconf 83' lang='lat' dir='ltr'><strong>cava</strong></span> <span class='ocrx_word' id='word_1_507' title='bbox 1818 5142 1938 5187; x_wconf 88' lang='lat' dir='ltr'><strong>terr.</strong></span> <span class='ocrx_word' id='word_1_508' title='bbox 1968 5132 2061 5187; x_wconf 88' lang='lat' dir='ltr'><strong>Ci-</strong></span> 
     </span>
    </p>
   </div>
   <div class='ocr_carea' id='block_1_74' title="bbox 483 5200 2054 5270">
    <p class='ocr_par' dir='ltr' id='par_1_74' title="bbox 483 5200 2054 5270">
     <span class='ocr_line' id='line_1_74' title="bbox 483 5200 2054 5270; baseline 0.003 -16"><span class='ocrx_word' id='word_1_509' title='bbox 483 5211 663 5255; x_wconf 86' lang='lat' dir='ltr'><strong>tautur</strong></span> <span class='ocrx_word' id='word_1_510' title='bbox 685 5201 870 5256; x_wconf 85' lang='lat' dir='ltr'><strong>eadem</strong></span> <span class='ocrx_word' id='word_1_511' title='bbox 895 5200 1054 5254; x_wconf 87' lang='lat' dir='ltr'><strong>verba</strong></span> <span class='ocrx_word' id='word_1_512' title='bbox 1082 5200 1233 5270; x_wconf 83' lang='lat' dir='ltr'><strong>initio</strong></span> <span class='ocrx_word' id='word_1_513' title='bbox 1263 5200 1348 5254; x_wconf 67' lang='lat' dir='ltr'><strong>mi</strong></span> <span class='ocrx_word' id='word_1_514' title='bbox 1379 5201 1702 5270; x_wconf 86' lang='lat' dir='ltr'><strong>Etymolog..</strong></span> <span class='ocrx_word' id='word_1_515' title='bbox 1733 5213 1789 5258; x_wconf 91' lang='lat' dir='ltr'><strong>et</strong></span> <span class='ocrx_word' id='word_1_516' title='bbox 1815 5218 1844 5255; x_wconf 88' lang='lat' dir='ltr'><strong>a</strong></span> <span class='ocrx_word' id='word_1_517' title='bbox 1877 5207 2054 5270; x_wconf 55' lang='lat' dir='ltr'><strong>Sena,</strong></span> 
     </span>
    </p>
   </div>
   <div class='ocr_carea' id='block_1_75' title="bbox 484 5269 1629 5336">
    <p class='ocr_par' dir='ltr' id='par_1_75' title="bbox 484 5269 1629 5336">
     <span class='ocr_line' id='line_1_75' title="bbox 484 5269 1629 5336; baseline 0.006 -16"><span class='ocrx_word' id='word_1_518' title='bbox 484 5280 676 5336; x_wconf 70' lang='lat' dir='ltr'><strong>heurg.</strong></span> <span class='ocrx_word' id='word_1_519' title='bbox 704 5285 740 5324; x_wconf 86' lang='lat' dir='ltr'><strong>tt</strong></span> <span class='ocrx_word' id='word_1_520' title='bbox 770 5269 835 5323; x_wconf 87' lang='lat' dir='ltr'><strong>ad</strong></span> <span class='ocrx_word' id='word_1_521' title='bbox 865 5283 986 5323; x_wconf 84' lang='lat' dir='ltr'><strong>vers</strong></span> <span class='ocrx_word' id='word_1_522' title='bbox 1018 5286 1033 5322; x_wconf 90' lang='lat'><strong>:</strong></span> <span class='ocrx_word' id='word_1_523' title='bbox 1070 5269 1216 5324; x_wconf 84' lang='lat' dir='ltr'><strong>Unde</strong></span> <span class='ocrx_word' id='word_1_524' title='bbox 1242 5278 1430 5325; x_wconf 88' lang='lat' dir='ltr'><strong>tremor</strong></span> <span class='ocrx_word' id='word_1_525' title='bbox 1450 5269 1629 5327; x_wconf 82' lang='lat' dir='ltr'><strong>terris.</strong></span> 
     </span>
    </p>
   </div>
   <div class='ocr_carea' id='block_1_76' title="bbox 556 5338 1534 5409">
    <p class='ocr_par' dir='ltr' id='par_1_76' title="bbox 556 5338 1534 5409">
     <span class='ocr_line' id='line_1_76' title="bbox 556 5338 1534 5409; baseline 0.005 -17"><span class='ocrx_word' id='word_1_526' title='bbox 556 5339 696 5395; x_wconf 78' lang='lat' dir='ltr'><strong>Ibid.</strong></span> <span class='ocrx_word' id='word_1_527' title='bbox 728 5338 976 5409; x_wconf 64' lang='lat' dir='ltr'><strong>ﬂetuque</strong></span> <span class='ocrx_word' id='word_1_528' title='bbox 1003 5341 1177 5395; x_wconf 70' lang='lat' dir='ltr'><strong>undae.</strong></span> <span class='ocrx_word' id='word_1_529' title='bbox 1213 5340 1491 5397; x_wconf 85' lang='lat' dir='ltr'><strong>Lucretius</strong></span> <span class='ocrx_word' id='word_1_530' title='bbox 1520 5360 1534 5397; x_wconf 90' lang='lat'><strong>:</strong></span> 
     </span>
    </p>
   </div>
   <div class='ocr_carea' id='block_1_77' title="bbox 608 5430 2006 5497">
    <p class='ocr_par' dir='ltr' id='par_1_77' title="bbox 608 5430 2006 5497">
     <span class='ocr_line' id='line_1_77' title="bbox 608 5430 2006 5497; baseline 0.003 -18"><span class='ocrx_word' id='word_1_531' title='bbox 608 5430 686 5497; x_wconf 61' lang='lat' dir='ltr'><strong>Fit</strong></span> <span class='ocrx_word' id='word_1_532' title='bbox 707 5443 906 5497; x_wconf 80' lang='lat' dir='ltr'><strong>quoque</strong></span> <span class='ocrx_word' id='word_1_533' title='bbox 929 5432 1012 5481; x_wconf 82' lang='lat' dir='ltr'><strong>ubi</strong></span> <span class='ocrx_word' id='word_1_534' title='bbox 1037 5443 1237 5493; x_wconf 82' lang='lat' dir='ltr'><strong>magnas</strong></span> <span class='ocrx_word' id='word_1_535' title='bbox 1258 5434 1308 5482; x_wconf 84' lang='lat' dir='ltr'><strong>in</strong></span> <span class='ocrx_word' id='word_1_536' title='bbox 1330 5444 1491 5496; x_wconf 76' lang='lat' dir='ltr'><strong>aquze,</strong></span> <span class='ocrx_word' id='word_1_537' title='bbox 1509 5441 1767 5497; x_wconf 77' lang='lat' dir='ltr'><strong>vastasque</strong></span> <span class='ocrx_word' id='word_1_538' title='bbox 1792 5433 2006 5497; x_wconf 78' lang='lat' dir='ltr'><strong>lacunas,</strong></span> 
     </span>
    </p>
   </div>
   <div class='ocr_carea' id='block_1_78' title="bbox 611 5493 1822 5558">
    <p class='ocr_par' dir='ltr' id='par_1_78' title="bbox 611 5493 1822 5558">
     <span class='ocr_line' id='line_1_78' title="bbox 611 5493 1822 5558; baseline 0.001 -16"><span class='ocrx_word' id='word_1_539' title='bbox 611 5493 768 5558; x_wconf 65' lang='lat' dir='ltr'><strong>lileba</strong></span> <span class='ocrx_word' id='word_1_540' title='bbox 805 5493 1054 5543; x_wconf 83' lang='lat' dir='ltr'><strong>vetustate</strong></span> <span class='ocrx_word' id='word_1_541' title='bbox 1079 5507 1107 5543; x_wconf 91' lang='lat' dir='ltr'><strong>e</strong></span> <span class='ocrx_word' id='word_1_542' title='bbox 1135 5502 1267 5558; x_wconf 70' lang='lat' dir='ltr'><strong>terra</strong></span> <span class='ocrx_word' id='word_1_543' title='bbox 1307 5493 1603 5558; x_wconf 72' lang='lat' dir='ltr'><strong>provolvitur</strong></span> <span class='ocrx_word' id='word_1_544' title='bbox 1631 5493 1822 5556; x_wconf 81' lang='lat' dir='ltr'><strong>ingens,</strong></span> 
     </span>
    </p>
   </div>
   <div class='ocr_carea' id='block_1_79' title="bbox 612 5555 1943 5620">
    <p class='ocr_par' dir='ltr' id='par_1_79' title="bbox 612 5555 1943 5620">
     <span class='ocr_line' id='line_1_79' title="bbox 612 5555 1943 5620; baseline 0.004 -18"><span class='ocrx_word' id='word_1_545' title='bbox 612 5555 676 5602; x_wconf 76' lang='grc' dir='ltr'><strong>ιιι</strong></span> <span class='ocrx_word' id='word_1_546' title='bbox 693 5555 908 5616; x_wconf 70' lang='lat' dir='ltr'><strong>iactetur</strong></span> <span class='ocrx_word' id='word_1_547' title='bbox 928 5567 1070 5617; x_wconf 86' lang='lat' dir='ltr'><strong>aqua,</strong></span> <span class='ocrx_word' id='word_1_548' title='bbox 1092 5563 1145 5605; x_wconf 77' lang='lat' dir='ltr'><strong>et.</strong></span> <span class='ocrx_word' id='word_1_549' title='bbox 1168 5555 1321 5607; x_wconf 81' lang='lat' dir='ltr'><strong>ﬂuctu</strong></span> <span class='ocrx_word' id='word_1_550' title='bbox 1341 5569 1539 5620; x_wconf 81' lang='lat' dir='ltr'><strong>quoque</strong></span> <span class='ocrx_word' id='word_1_551' title='bbox 1576 5555 1705 5605; x_wconf 65' lang='lat' dir='ltr'><strong>terra</strong></span> <span class='ocrx_word' id='word_1_552' title='bbox 1734 5555 1943 5607; x_wconf 75' lang='lat' dir='ltr'><strong>vacillet.</strong></span> 
     </span>
    </p>
   </div>
   <div class='ocr_carea' id='block_1_80' title="bbox 571 5631 2068 5709">
    <p class='ocr_par' dir='ltr' id='par_1_80' title="bbox 571 5631 2068 5709">
     <span class='ocr_line' id='line_1_80' title="bbox 571 5631 2068 5709; baseline 0.007 -26"><span class='ocrx_word' id='word_1_553' title='bbox 571 5631 703 5709; x_wconf 69' lang='lat' dir='ltr'><strong>Ibid.</strong></span> <span class='ocrx_word' id='word_1_554' title='bbox 736 5633 1089 5707; x_wconf 70' lang='lat' dir='ltr'><strong>Prmeipitati;</strong></span> <span class='ocrx_word' id='word_1_555' title='bbox 1122 5640 1296 5707; x_wconf 84' lang='lat' dir='ltr'><strong>forte,</strong></span> <span class='ocrx_word' id='word_1_556' title='bbox 1340 5638 1679 5709; x_wconf 67' lang='lat' dir='ltr'><strong>pracipitari,</strong></span> <span class='ocrx_word' id='word_1_557' title='bbox 1729 5649 1785 5692; x_wconf 89' lang='lat' dir='ltr'><strong>ut</strong></span> <span class='ocrx_word' id='word_1_558' title='bbox 1823 5653 1945 5693; x_wconf 82' lang='lat' dir='ltr'><strong>mox</strong></span> <span class='ocrx_word' id='word_1_559' title='bbox 1990 5655 2068 5694; x_wconf 86' lang='lat' dir='ltr'><strong>se-</strong></span> 
     </span>
    </p>
   </div>
   <div class='ocr_carea' id='block_1_81' title="bbox 500 5707 841 5760">
    <p class='ocr_par' dir='ltr' id='par_1_81' title="bbox 500 5707 841 5760">
     <span class='ocr_line' id='line_1_81' title="bbox 500 5707 841 5760; baseline -0.009 0"><span class='ocrx_word' id='word_1_560' title='bbox 500 5710 636 5760; x_wconf 68' lang='lat' dir='ltr'><strong>dere.</strong></span> <span class='ocrx_word' id='word_1_561' title='bbox 669 5707 784 5759; x_wconf 73' lang='lat' dir='ltr'><strong>Aac</strong></span> <span class='ocrx_word' id='word_1_562' title='bbox 794 5719 841 5757; x_wconf 69' lang='grc' dir='ltr'><strong>ν.</strong></span> 
     </span>
    </p>
   </div>
   <div class='ocr_carea' id='block_1_82' title="bbox 2160 1782 3741 1853">
    <p class='ocr_par' dir='ltr' id='par_1_82' title="bbox 2160 1782 3741 1853">
     <span class='ocr_line' id='line_1_82' title="bbox 2160 1782 3741 1853; baseline 0.003 -20"><span class='ocrx_word' id='word_1_563' title='bbox 2160 1782 2389 1835; x_wconf 84' lang='lat' dir='ltr'><strong>terminis</strong></span> <span class='ocrx_word' id='word_1_564' title='bbox 2410 1783 2559 1835; x_wconf 74' lang='lat' dir='ltr'><strong>aliter</strong></span> <span class='ocrx_word' id='word_1_565' title='bbox 2582 1783 2772 1835; x_wconf 84' lang='lat' dir='ltr'><strong>durare</strong></span> <span class='ocrx_word' id='word_1_566' title='bbox 2801 1791 2871 1835; x_wconf 93' lang='lat' dir='ltr'><strong>tot</strong></span> <span class='ocrx_word' id='word_1_567' title='bbox 2898 1784 3088 1837; x_wconf 80' lang='lat' dir='ltr'><strong>sa&#39;cula</strong></span> <span class='ocrx_word' id='word_1_568' title='bbox 3110 1793 3281 1837; x_wconf 87' lang='lat' dir='ltr'><strong>tantus</strong></span> <span class='ocrx_word' id='word_1_569' title='bbox 3312 1784 3443 1853; x_wconf 70' lang='lat' dir='ltr'><strong>ignis</strong></span> <span class='ocrx_word' id='word_1_570' title='bbox 3474 1785 3741 1852; x_wconf 74' lang='lat' dir='ltr'><strong>potuisset,</strong></span> 
     </span>
    </p>
   </div>
   <div class='ocr_carea' id='block_1_83' title="bbox 2157 1874 3203 1929">
    <p class='ocr_par' dir='ltr' id='par_1_83' title="bbox 2157 1874 3203 1929">
     <span class='ocr_line' id='line_1_83' title="bbox 2157 1874 3203 1929; baseline 0 -1"><span class='ocrx_word' id='word_1_571' title='bbox 2157 1875 2258 1928; x_wconf 75' lang='lat' dir='ltr'><strong>nisi</strong></span> <span class='ocrx_word' id='word_1_572' title='bbox 2282 1885 2330 1928; x_wconf 86' lang='lat' dir='ltr'><strong>et</strong></span> <span class='ocrx_word' id='word_1_573' title='bbox 2357 1874 2587 1929; x_wconf 79' lang='lat' dir='ltr'><strong>humoris</strong></span> <span class='ocrx_word' id='word_1_574' title='bbox 2613 1874 2936 1928; x_wconf 86' lang='lat' dir='ltr'><strong>nutrimentis</strong></span> <span class='ocrx_word' id='word_1_575' title='bbox 2964 1876 3203 1929; x_wconf 82' lang='lat' dir='ltr'><strong>aleretur.</strong></span> 
     </span>
    </p>
   </div>
   <div class='ocr_carea' id='block_1_84' title="bbox 2226 1964 3735 2039">
    <p class='ocr_par' dir='ltr' id='par_1_84' title="bbox 2226 1964 3735 2039">
     <span class='ocr_line' id='line_1_84' title="bbox 2226 1964 3735 2039; baseline 0.001 -19"><span class='ocrx_word' id='word_1_576' title='bbox 2226 1967 2280 2022; x_wconf 83' lang='grc'><strong>5.</strong></span> <span class='ocrx_word' id='word_1_577' title='bbox 2326 1967 2456 2021; x_wconf 81' lang='lat' dir='ltr'><strong>llinc</strong></span> <span class='ocrx_word' id='word_1_578' title='bbox 2486 1968 2645 2033; x_wconf 77' lang='lat' dir='ltr'><strong>igitur</strong></span> <span class='ocrx_word' id='word_1_579' title='bbox 2672 1964 2865 2021; x_wconf 68' lang='lat' dir='ltr'><strong>fabulae</strong></span> <span class='ocrx_word' id='word_1_580' title='bbox 2894 1966 3124 2039; x_wconf 80' lang='lat' dir='ltr'><strong>Scyllam</strong></span> <span class='ocrx_word' id='word_1_581' title='bbox 3145 1978 3199 2022; x_wconf 88' lang='lat' dir='ltr'><strong>et</strong></span> <span class='ocrx_word' id='word_1_582' title='bbox 3226 1965 3551 2039; x_wconf 83' lang='lat' dir='ltr'><strong>Charybdim</strong></span> <span class='ocrx_word' id='word_1_583' title='bbox 3578 1983 3735 2037; x_wconf 66' lang='lat' dir='ltr'><strong>pepe.</strong></span> 
     </span>
    </p>
   </div>
   <div class='ocr_carea' id='block_1_85' title="bbox 2158 2057 3741 2125">
    <p class='ocr_par' dir='ltr' id='par_1_85' title="bbox 2158 2057 3741 2125">
     <span class='ocr_line' id='line_1_85' title="bbox 2158 2057 3741 2125; baseline 0.002 -14"><span class='ocrx_word' id='word_1_584' title='bbox 2158 2073 2298 2112; x_wconf 90' lang='lat' dir='ltr'><strong>rere.</strong></span> <span class='ocrx_word' id='word_1_585' title='bbox 2323 2058 2458 2112; x_wconf 86' lang='lat' dir='ltr'><strong>Hinc</strong></span> <span class='ocrx_word' id='word_1_586' title='bbox 2476 2058 2697 2113; x_wconf 82' lang='lat' dir='ltr'><strong>latratus</strong></span> <span class='ocrx_word' id='word_1_587' title='bbox 2712 2057 2946 2125; x_wconf 90' lang='lat' dir='ltr'><strong>auditus,</strong></span> <span class='ocrx_word' id='word_1_588' title='bbox 2971 2058 3091 2113; x_wconf 90' lang='lat' dir='ltr'><strong>hinc</strong></span> <span class='ocrx_word' id='word_1_589' title='bbox 3112 2072 3371 2124; x_wconf 88' lang='lat' dir='ltr'><strong>monstra,</strong></span> <span class='ocrx_word' id='word_1_590' title='bbox 3395 2060 3518 2113; x_wconf 90' lang='lat' dir='ltr'><strong>hinc</strong></span> <span class='ocrx_word' id='word_1_591' title='bbox 3535 2060 3741 2114; x_wconf 83' lang='lat' dir='ltr'><strong>reddita</strong></span> 
     </span>
    </p>
   </div>
   <div class='ocr_carea' id='block_1_86' title="bbox 2156 2148 3733 2221">
    <p class='ocr_par' dir='ltr' id='par_1_86' title="bbox 2156 2148 3733 2221">
     <span class='ocr_line' id='line_1_86' title="bbox 2156 2148 3733 2221; baseline 0.002 -17"><span class='ocrx_word' id='word_1_592' title='bbox 2156 2150 2466 2213; x_wconf 81' lang='lat' dir='ltr'><strong>simulacra,</strong></span> <span class='ocrx_word' id='word_1_593' title='bbox 2491 2148 2616 2203; x_wconf 92' lang='lat' dir='ltr'><strong>dum</strong></span> <span class='ocrx_word' id='word_1_594' title='bbox 2647 2151 3223 2219; x_wconf 65' lang='lat' dir='ltr'><strong>navigantesrmagnis</strong></span> <span class='ocrx_word' id='word_1_595' title='bbox 3244 2152 3537 2205; x_wconf 81' lang='lat' dir='ltr'><strong>verticibus</strong></span> <span class='ocrx_word' id='word_1_596' title='bbox 3568 2153 3733 2221; x_wconf 78' lang='lat' dir='ltr'><strong>pelagi</strong></span> 
     </span>
    </p>
   </div>
   <div class='ocr_carea' id='block_1_87' title="bbox 2156 2239 3732 2308">
    <p class='ocr_par' dir='ltr' id='par_1_87' title="bbox 2156 2239 3732 2308">
     <span class='ocr_line' id='line_1_87' title="bbox 2156 2239 3732 2308; baseline 0.003 -17"><span class='ocrx_word' id='word_1_597' title='bbox 2156 2239 2489 2303; x_wconf 80' lang='lat' dir='ltr'><strong>dissidentis,</strong></span> <span class='ocrx_word' id='word_1_598' title='bbox 2519 2239 2781 2304; x_wconf 77' lang='lat' dir='ltr'><strong>exterriti,</strong></span> <span class='ocrx_word' id='word_1_599' title='bbox 2810 2241 3002 2296; x_wconf 87' lang='lat' dir='ltr'><strong>latrare</strong></span> <span class='ocrx_word' id='word_1_600' title='bbox 3025 2250 3209 2308; x_wconf 86' lang='lat' dir='ltr'><strong>putant</strong></span> <span class='ocrx_word' id='word_1_601' title='bbox 3240 2241 3434 2303; x_wconf 86' lang='lat' dir='ltr'><strong>undas,</strong></span> <span class='ocrx_word' id='word_1_602' title='bbox 3458 2258 3592 2307; x_wconf 82' lang='lat' dir='ltr'><strong>quas</strong></span> <span class='ocrx_word' id='word_1_603' title='bbox 3618 2259 3732 2295; x_wconf 86' lang='lat' dir='ltr'><strong>sor-</strong></span> 
     </span>
    </p>
   </div>
   <div class='ocr_carea' id='block_1_88' title="bbox 2156 2333 3737 2403">
    <p class='ocr_par' dir='ltr' id='par_1_88' title="bbox 2156 2333 3737 2403">
     <span class='ocr_line' id='line_1_88' title="bbox 2156 2333 3737 2403; baseline 0.003 -15"><span class='ocrx_word' id='word_1_604' title='bbox 2156 2333 2331 2388; x_wconf 81' lang='lat' dir='ltr'><strong>bentis</strong></span> <span class='ocrx_word' id='word_1_605' title='bbox 2352 2342 2516 2388; x_wconf 76' lang='lat' dir='ltr'><strong>:rstns</strong></span> <span class='ocrx_word' id='word_1_606' title='bbox 2540 2348 2737 2403; x_wconf 80' lang='lat' dir='ltr'><strong>vorago</strong></span> <span class='ocrx_word' id='word_1_607' title='bbox 2764 2335 2993 2390; x_wconf 90' lang='lat' dir='ltr'><strong>collidit.</strong></span> <span class='ocrx_word' id='word_1_608' title='bbox 3020 2336 3216 2390; x_wconf 82' lang='lat' dir='ltr'><strong>Eadem</strong></span> <span class='ocrx_word' id='word_1_609' title='bbox 3244 2350 3404 2390; x_wconf 86' lang='lat' dir='ltr'><strong>causa</strong></span> <span class='ocrx_word' id='word_1_610' title='bbox 3429 2341 3593 2390; x_wconf 86' lang='lat' dir='ltr'><strong>etiam</strong></span> <span class='ocrx_word' id='word_1_611' title='bbox 3624 2338 3737 2392; x_wconf 72' lang='grc' dir='ltr'><strong>Λει-</strong></span> 
     </span>
    </p>
   </div>
   <div class='ocr_carea' id='block_1_89' title="bbox 2157 2426 3744 2498">
    <p class='ocr_par' dir='ltr' id='par_1_89' title="bbox 2157 2426 3744 2498">
     <span class='ocr_line' id='line_1_89' title="bbox 2157 2426 3744 2498; baseline 0.002 -17"><span class='ocrx_word' id='word_1_612' title='bbox 2157 2441 2239 2481; x_wconf 73' lang='grc' dir='ltr'><strong>ΠίΕ</strong></span> <span class='ocrx_word' id='word_1_613' title='bbox 2267 2426 2462 2481; x_wconf 87' lang='lat' dir='ltr'><strong>montis</strong></span> <span class='ocrx_word' id='word_1_614' title='bbox 2493 2436 2778 2497; x_wconf 87' lang='lat' dir='ltr'><strong>perpetuos</strong></span> <span class='ocrx_word' id='word_1_615' title='bbox 2819 2429 2968 2497; x_wconf 83' lang='lat' dir='ltr'><strong>ignes</strong></span> <span class='ocrx_word' id='word_1_616' title='bbox 2998 2429 3136 2484; x_wconf 79' lang='lat' dir='ltr'><strong>facit.</strong></span> <span class='ocrx_word' id='word_1_617' title='bbox 3170 2428 3302 2483; x_wconf 85' lang='lat' dir='ltr'><strong>Nam</strong></span> <span class='ocrx_word' id='word_1_618' title='bbox 3349 2443 3607 2498; x_wconf 84' lang='lat' dir='ltr'><strong>aquarum</strong></span> <span class='ocrx_word' id='word_1_619' title='bbox 3655 2430 3744 2484; x_wconf 83' lang='lat' dir='ltr'><strong>ille</strong></span> 
     </span>
    </p>
   </div>
   <div class='ocr_carea' id='block_1_90' title="bbox 2155 2521 3740 2590">
    <p class='ocr_par' dir='ltr' id='par_1_90' title="bbox 2155 2521 3740 2590">
     <span class='ocr_line' id='line_1_90' title="bbox 2155 2521 3740 2590; baseline 0.002 -18"><span class='ocrx_word' id='word_1_620' title='bbox 2155 2533 2446 2574; x_wconf 78' lang='lat' dir='ltr'><strong>concursus</strong></span> <span class='ocrx_word' id='word_1_621' title='bbox 2478 2529 2683 2588; x_wconf 93' lang='lat' dir='ltr'><strong>raptum</strong></span> <span class='ocrx_word' id='word_1_622' title='bbox 2738 2536 2920 2575; x_wconf 88' lang='lat' dir='ltr'><strong>secum</strong></span> <span class='ocrx_word' id='word_1_623' title='bbox 2954 2521 3200 2590; x_wconf 89' lang='lat' dir='ltr'><strong>spiritum</strong></span> <span class='ocrx_word' id='word_1_624' title='bbox 3232 2522 3285 2576; x_wconf 89' lang='lat' dir='ltr'><strong>in</strong></span> <span class='ocrx_word' id='word_1_625' title='bbox 3327 2522 3490 2575; x_wconf 91' lang='lat' dir='ltr'><strong>imum</strong></span> <span class='ocrx_word' id='word_1_626' title='bbox 3521 2522 3740 2575; x_wconf 88' lang='lat' dir='ltr'><strong>I&#39;undnm</strong></span> 
     </span>
    </p>
   </div>
   <div class='ocr_carea' id='block_1_91' title="bbox 2157 2612 3746 2683">
    <p class='ocr_par' dir='ltr' id='par_1_91' title="bbox 2157 2612 3746 2683">
     <span class='ocr_line' id='line_1_91' title="bbox 2157 2612 3746 2683; baseline 0.002 -19"><span class='ocrx_word' id='word_1_627' title='bbox 2157 2612 2338 2679; x_wconf 88' lang='lat' dir='ltr'><strong>trahit,</strong></span> <span class='ocrx_word' id='word_1_628' title='bbox 2366 2621 2524 2683; x_wconf 88' lang='lat' dir='ltr'><strong>atque</strong></span> <span class='ocrx_word' id='word_1_629' title='bbox 2550 2613 2617 2665; x_wconf 88' lang='lat' dir='ltr'><strong>ibi</strong></span> <span class='ocrx_word' id='word_1_630' title='bbox 2643 2612 2955 2667; x_wconf 75' lang='lat' dir='ltr'><strong>sulfocatmn</strong></span> <span class='ocrx_word' id='word_1_631' title='bbox 2989 2614 3181 2668; x_wconf 82' lang='lat' dir='ltr'><strong>tandiu</strong></span> <span class='ocrx_word' id='word_1_632' title='bbox 3224 2624 3388 2679; x_wconf 87' lang='lat' dir='ltr'><strong>tenet,</strong></span> <span class='ocrx_word' id='word_1_633' title='bbox 3418 2614 3617 2678; x_wconf 86' lang='lat' dir='ltr'><strong>donec,</strong></span> <span class='ocrx_word' id='word_1_634' title='bbox 3654 2631 3746 2683; x_wconf 89' lang='lat' dir='ltr'><strong>per</strong></span> 
     </span>
    </p>
   </div>
   <div class='ocr_carea' id='block_1_92' title="bbox 2154 2701 3741 2773">
    <p class='ocr_par' dir='ltr' id='par_1_92' title="bbox 2154 2701 3741 2773">
     <span class='ocr_line' id='line_1_92' title="bbox 2154 2701 3741 2773; baseline -0.001 -15"><span class='ocrx_word' id='word_1_635' title='bbox 2154 2704 2483 2769; x_wconf 80' lang='lat' dir='ltr'><strong>spiramenta</strong></span> <span class='ocrx_word' id='word_1_636' title='bbox 2505 2711 2668 2757; x_wconf 75' lang='lat' dir='ltr'><strong>terra:</strong></span> <span class='ocrx_word' id='word_1_637' title='bbox 2687 2701 2931 2768; x_wconf 74' lang='lat' dir='ltr'><strong>diffusus,</strong></span> <span class='ocrx_word' id='word_1_638' title='bbox 2962 2704 3285 2758; x_wconf 87' lang='lat' dir='ltr'><strong>nutrimenta</strong></span> <span class='ocrx_word' id='word_1_639' title='bbox 3316 2704 3449 2773; x_wconf 81' lang='lat' dir='ltr'><strong>ignis</strong></span> <span class='ocrx_word' id='word_1_640' title='bbox 3472 2704 3741 2758; x_wconf 83' lang='lat' dir='ltr'><strong>incendat.</strong></span> 
     </span>
    </p>
   </div>
   <div class='ocr_carea' id='block_1_93' title="bbox 2226 2793 3746 2867">
    <p class='ocr_par' dir='ltr' id='par_1_93' title="bbox 2226 2793 3746 2867">
     <span class='ocr_line' id='line_1_93' title="bbox 2226 2793 3746 2867; baseline 0.002 -18"><span class='ocrx_word' id='word_1_641' title='bbox 2226 2796 2279 2849; x_wconf 75' lang='grc' dir='ltr'><strong>ι.</strong></span> <span class='ocrx_word' id='word_1_642' title='bbox 2311 2793 2533 2849; x_wconf 84' lang='lat' dir='ltr'><strong>Constat</strong></span> <span class='ocrx_word' id='word_1_643' title='bbox 2572 2807 2746 2850; x_wconf 85' lang='lat' dir='ltr'><strong>autem</strong></span> <span class='ocrx_word' id='word_1_644' title='bbox 2789 2796 2856 2850; x_wconf 85' lang='lat' dir='ltr'><strong>ad</strong></span> <span class='ocrx_word' id='word_1_645' title='bbox 2903 2797 3207 2865; x_wconf 77' lang='lat' dir='ltr'><strong>exemplum</strong></span> <span class='ocrx_word' id='word_1_646' title='bbox 3258 2799 3541 2867; x_wconf 67' lang='lat' dir='ltr'><strong>gehennm,</strong></span> <span class='ocrx_word' id='word_1_647' title='bbox 3596 2798 3746 2866; x_wconf 70' lang='lat' dir='ltr'><strong>cujus</strong></span> 
     </span>
    </p>
   </div>
   <div class='ocr_carea' id='block_1_94' title="bbox 2156 2886 3749 2956">
    <p class='ocr_par' dir='ltr' id='par_1_94' title="bbox 2156 2886 3749 2956">
     <span class='ocr_line' id='line_1_94' title="bbox 2156 2886 3749 2956; baseline 0 -16"><span class='ocrx_word' id='word_1_648' title='bbox 2156 2886 2291 2955; x_wconf 82' lang='lat' dir='ltr'><strong>ignis</strong></span> <span class='ocrx_word' id='word_1_649' title='bbox 2350 2894 2607 2956; x_wconf 88' lang='lat' dir='ltr'><strong>perpetua</strong></span> <span class='ocrx_word' id='word_1_650' title='bbox 2674 2886 2914 2941; x_wconf 87' lang='lat' dir='ltr'><strong>incendia</strong></span> <span class='ocrx_word' id='word_1_651' title='bbox 2982 2887 3264 2956; x_wconf 86' lang='lat' dir='ltr'><strong>spirabunt</strong></span> <span class='ocrx_word' id='word_1_652' title='bbox 3324 2887 3389 2940; x_wconf 86' lang='lat' dir='ltr'><strong>ad</strong></span> <span class='ocrx_word' id='word_1_653' title='bbox 3452 2888 3749 2954; x_wconf 80' lang='lat' dir='ltr'><strong>puniendos</strong></span> 
     </span>
    </p>
   </div>
   <div class='ocr_carea' id='block_1_95' title="bbox 2160 2978 3744 3047">
    <p class='ocr_par' dir='ltr' id='par_1_95' title="bbox 2160 2978 3744 3047">
     <span class='ocr_line' id='line_1_95' title="bbox 2160 2978 3744 3047; baseline -0.001 -15"><span class='ocrx_word' id='word_1_654' title='bbox 2160 2988 2492 3047; x_wconf 60' lang='lat' dir='ltr'><strong>peccatoris,</strong></span> <span class='ocrx_word' id='word_1_655' title='bbox 2539 2979 2628 3046; x_wconf 91' lang='lat' dir='ltr'><strong>qui</strong></span> <span class='ocrx_word' id='word_1_656' title='bbox 2675 2978 3056 3033; x_wconf 85' lang='lat' dir='ltr'><strong>cruciabuntur</strong></span> <span class='ocrx_word' id='word_1_657' title='bbox 3083 2981 3133 3033; x_wconf 92' lang='lat' dir='ltr'><strong>in</strong></span> <span class='ocrx_word' id='word_1_658' title='bbox 3176 2979 3369 3033; x_wconf 71' lang='lat' dir='ltr'><strong>smcula</strong></span> <span class='ocrx_word' id='word_1_659' title='bbox 3403 2980 3744 3033; x_wconf 71' lang='lat' dir='ltr'><strong>szeculorum.</strong></span> 
     </span>
    </p>
   </div>
   <div class='ocr_carea' id='block_1_96' title="bbox 2157 3067 3747 3140">
    <p class='ocr_par' dir='ltr' id='par_1_96' title="bbox 2157 3067 3747 3140">
     <span class='ocr_line' id='line_1_96' title="bbox 2157 3067 3747 3140; baseline 0.001 -18"><span class='ocrx_word' id='word_1_660' title='bbox 2157 3067 2292 3122; x_wconf 79' lang='lat' dir='ltr'><strong>Nam</strong></span> <span class='ocrx_word' id='word_1_661' title='bbox 2318 3070 2456 3122; x_wconf 91' lang='lat' dir='ltr'><strong>sicut</strong></span> <span class='ocrx_word' id='word_1_662' title='bbox 2487 3069 2573 3121; x_wconf 88' lang='lat' dir='ltr'><strong>isti</strong></span> <span class='ocrx_word' id='word_1_663' title='bbox 2605 3079 2814 3125; x_wconf 86' lang='lat' dir='ltr'><strong>montes</strong></span> <span class='ocrx_word' id='word_1_664' title='bbox 2850 3070 2902 3123; x_wconf 91' lang='lat' dir='ltr'><strong>in</strong></span> <span class='ocrx_word' id='word_1_665' title='bbox 2934 3078 3076 3123; x_wconf 91' lang='lat' dir='ltr'><strong>tanta</strong></span> <span class='ocrx_word' id='word_1_666' title='bbox 3110 3071 3368 3140; x_wconf 89' lang='lat' dir='ltr'><strong>temporis</strong></span> <span class='ocrx_word' id='word_1_667' title='bbox 3400 3071 3747 3124; x_wconf 79' lang='lat' dir='ltr'><strong>diuturnitate</strong></span> 
     </span>
    </p>
   </div>
   <div class='ocr_carea' id='block_1_97' title="bbox 2158 3160 3742 3232">
    <p class='ocr_par' dir='ltr' id='par_1_97' title="bbox 2158 3160 3742 3232">
     <span class='ocr_line' id='line_1_97' title="bbox 2158 3160 3742 3232; baseline -0.001 -16"><span class='ocrx_word' id='word_1_668' title='bbox 2158 3176 2324 3229; x_wconf 86' lang='lat' dir='ltr'><strong>usque</strong></span> <span class='ocrx_word' id='word_1_669' title='bbox 2356 3177 2495 3214; x_wconf 89' lang='lat' dir='ltr'><strong>nunc</strong></span> <span class='ocrx_word' id='word_1_670' title='bbox 2521 3160 2748 3214; x_wconf 81' lang='lat' dir='ltr'><strong>ﬂammis</strong></span> <span class='ocrx_word' id='word_1_671' title='bbox 2799 3162 3150 3218; x_wconf 64' lang='lat' dir='ltr'><strong>aestuantibus</strong></span> <span class='ocrx_word' id='word_1_672' title='bbox 3180 3172 3554 3232; x_wconf 80' lang='lat' dir='ltr'><strong>perseverant,</strong></span> <span class='ocrx_word' id='word_1_673' title='bbox 3584 3163 3654 3215; x_wconf 90' lang='lat' dir='ltr'><strong>ita</strong></span> <span class='ocrx_word' id='word_1_674' title='bbox 3688 3171 3742 3215; x_wconf 92' lang='lat' dir='ltr'><strong>ut</strong></span> 
     </span>
    </p>
   </div>
   <div class='ocr_carea' id='block_1_98' title="bbox 2157 3250 3743 3329">
    <p class='ocr_par' dir='ltr' id='par_1_98' title="bbox 2157 3250 3743 3329">
     <span class='ocr_line' id='line_1_98' title="bbox 2157 3250 3743 3329; baseline 0.001 -24"><span class='ocrx_word' id='word_1_675' title='bbox 2157 3266 2425 3319; x_wconf 88' lang='lat' dir='ltr'><strong>nunquam</strong></span> <span class='ocrx_word' id='word_1_676' title='bbox 2447 3250 2712 3321; x_wconf 80' lang='lat' dir='ltr'><strong>exstingui</strong></span> <span class='ocrx_word' id='word_1_677' title='bbox 2736 3252 2961 3329; x_wconf 78' lang='lat' dir='ltr'><strong>possint,</strong></span> <span class='ocrx_word' id='word_1_678' title='bbox 2988 3252 3065 3307; x_wconf 91' lang='lat' dir='ltr'><strong>sic</strong></span> <span class='ocrx_word' id='word_1_679' title='bbox 3087 3254 3224 3322; x_wconf 86' lang='lat' dir='ltr'><strong>ignis</strong></span> <span class='ocrx_word' id='word_1_680' title='bbox 3254 3252 3343 3308; x_wconf 92' lang='lat' dir='ltr'><strong>ille</strong></span> <span class='ocrx_word' id='word_1_681' title='bbox 3364 3252 3431 3305; x_wconf 83' lang='lat' dir='ltr'><strong>ad</strong></span> <span class='ocrx_word' id='word_1_682' title='bbox 3456 3252 3743 3307; x_wconf 80' lang='lat' dir='ltr'><strong>crucianda</strong></span> 
     </span>
    </p>
   </div>
   <div class='ocr_carea' id='block_1_99' title="bbox 2156 3340 3740 3413">
    <p class='ocr_par' dir='ltr' id='par_1_99' title="bbox 2156 3340 3740 3413">
     <span class='ocr_line' id='line_1_99' title="bbox 2156 3340 3740 3413; baseline 0.001 -15"><span class='ocrx_word' id='word_1_683' title='bbox 2156 3358 2380 3413; x_wconf 89' lang='lat' dir='ltr'><strong>corpora</strong></span> <span class='ocrx_word' id='word_1_684' title='bbox 2421 3340 2796 3397; x_wconf 88' lang='lat' dir='ltr'><strong>damnatorum</strong></span> <span class='ocrx_word' id='word_1_685' title='bbox 2826 3341 2986 3397; x_wconf 88' lang='lat' dir='ltr'><strong>linem</strong></span> <span class='ocrx_word' id='word_1_686' title='bbox 3016 3358 3284 3413; x_wconf 88' lang='lat' dir='ltr'><strong>nunquam</strong></span> <span class='ocrx_word' id='word_1_687' title='bbox 3313 3354 3397 3399; x_wconf 84' lang='lat' dir='ltr'><strong>est</strong></span> <span class='ocrx_word' id='word_1_688' title='bbox 3440 3343 3740 3399; x_wconf 84' lang='lat' dir='ltr'><strong>habiturus.</strong></span> 
     </span>
    </p>
   </div>
   <div class='ocr_carea' id='block_1_100' title="bbox 2698 3453 3194 3509">
    <p class='ocr_par' dir='ltr' id='par_1_100' title="bbox 2698 3453 3194 3509">
     <span class='ocr_line' id='line_1_100' title="bbox 2698 3453 3194 3509; baseline -0.002 -1"><span class='ocrx_word' id='word_1_689' title='bbox 2698 3453 2927 3509; x_wconf 81' lang='lat' dir='ltr'><strong>CAPUT</strong></span> <span class='ocrx_word' id='word_1_690' title='bbox 2962 3453 3194 3509; x_wconf 83' lang='lat' dir='ltr'><strong>XLVIII.</strong></span> 
     </span>
    </p>
   </div>
   <div class='ocr_carea' id='block_1_101' title="bbox 2681 3524 3228 3596">
    <p class='ocr_par' dir='ltr' id='par_1_101' title="bbox 2681 3524 3228 3596">
     <span class='ocr_line' id='line_1_101' title="bbox 2681 3524 3228 3596; baseline -0.002 -18"><span class='ocrx_word' id='word_1_691' title='bbox 2681 3524 2759 3579; x_wconf 86' lang='lat' dir='ltr'><strong>De</strong></span> <span class='ocrx_word' id='word_1_692' title='bbox 2779 3525 3010 3596; x_wconf 86' lang='lat' dir='ltr'><strong>partibus</strong></span> <span class='ocrx_word' id='word_1_693' title='bbox 3054 3533 3228 3580; x_wconf 69' lang='lat' dir='ltr'><strong>terrm.</strong></span> 
     </span>
    </p>
   </div>
   <div class='ocr_carea' id='block_1_102' title="bbox 2231 3615 3750 3684">
    <p class='ocr_par' dir='ltr' id='par_1_102' title="bbox 2231 3615 3750 3684">
     <span class='ocr_line' id='line_1_102' title="bbox 2231 3615 3750 3684; baseline -0.001 -12"><span class='ocrx_word' id='word_1_694' title='bbox 2231 3619 2283 3672; x_wconf 72' lang='lat' dir='ltr'><strong>l.</strong></span> <span class='ocrx_word' id='word_1_695' title='bbox 2322 3615 2474 3672; x_wconf 83' lang='lat' dir='ltr'><strong>Nunc</strong></span> <span class='ocrx_word' id='word_1_696' title='bbox 2527 3625 2687 3672; x_wconf 72' lang='lat' dir='ltr'><strong>terra:</strong></span> <span class='ocrx_word' id='word_1_697' title='bbox 2749 3617 3069 3684; x_wconf 85' lang='lat' dir='ltr'><strong>positionem</strong></span> <span class='ocrx_word' id='word_1_698' title='bbox 3123 3617 3460 3681; x_wconf 78' lang='lat' dir='ltr'><strong>deﬁniemus,</strong></span> <span class='ocrx_word' id='word_1_699' title='bbox 3492 3625 3549 3671; x_wconf 85' lang='lat' dir='ltr'><strong>et</strong></span> <span class='ocrx_word' id='word_1_700' title='bbox 3605 3630 3750 3671; x_wconf 89' lang='lat' dir='ltr'><strong>mare</strong></span> 
     </span>
    </p>
   </div>
   <div class='ocr_carea' id='block_1_103' title="bbox 2160 3706 3750 3779">
    <p class='ocr_par' dir='ltr' id='par_1_103' title="bbox 2160 3706 3750 3779">
     <span class='ocr_line' id='line_1_103' title="bbox 2160 3706 3750 3779; baseline 0.001 -19"><span class='ocrx_word' id='word_1_701' title='bbox 2160 3708 2349 3778; x_wconf 90' lang='lat' dir='ltr'><strong>quibus</strong></span> <span class='ocrx_word' id='word_1_702' title='bbox 2378 3706 2513 3762; x_wconf 86' lang='lat' dir='ltr'><strong>locis</strong></span> <span class='ocrx_word' id='word_1_703' title='bbox 2542 3706 2861 3762; x_wconf 80' lang='lat' dir='ltr'><strong>interfusum</strong></span> <span class='ocrx_word' id='word_1_704' title='bbox 2908 3708 3016 3779; x_wconf 71' lang='lat'><strong>62</strong></span> <span class='ocrx_word' id='word_1_705' title='bbox 3067 3708 3331 3774; x_wconf 74' lang='lat' dir='ltr'><strong>videatur,</strong></span> <span class='ocrx_word' id='word_1_706' title='bbox 3362 3710 3557 3763; x_wconf 89' lang='lat' dir='ltr'><strong>ordine</strong></span> <span class='ocrx_word' id='word_1_707' title='bbox 3585 3721 3750 3776; x_wconf 80' lang='lat' dir='ltr'><strong>expo—</strong></span> 
     </span>
    </p>
   </div>
   <div class='ocr_carea' id='block_1_104' title="bbox 2160 3797 3743 3868">
    <p class='ocr_par' dir='ltr' id='par_1_104' title="bbox 2160 3797 3743 3868">
     <span class='ocr_line' id='line_1_104' title="bbox 2160 3797 3743 3868; baseline -0.001 -16"><span class='ocrx_word' id='word_1_708' title='bbox 2160 3814 2367 3852; x_wconf 86' lang='lat' dir='ltr'><strong>nemus.</strong></span> <span class='ocrx_word' id='word_1_709' title='bbox 2399 3798 2590 3863; x_wconf 84' lang='lat' dir='ltr'><strong>Terra,</strong></span> <span class='ocrx_word' id='word_1_710' title='bbox 2624 3807 2681 3852; x_wconf 90' lang='lat' dir='ltr'><strong>ut</strong></span> <span class='ocrx_word' id='word_1_711' title='bbox 2738 3808 2963 3851; x_wconf 88' lang='lat' dir='ltr'><strong>testatur</strong></span> <span class='ocrx_word' id='word_1_712' title='bbox 3018 3797 3277 3868; x_wconf 83' lang='lat' dir='ltr'><strong>Hyginus,</strong></span> <span class='ocrx_word' id='word_1_713' title='bbox 3335 3798 3521 3852; x_wconf 89' lang='lat' dir='ltr'><strong>mundi</strong></span> <span class='ocrx_word' id='word_1_714' title='bbox 3572 3799 3743 3852; x_wconf 84' lang='lat' dir='ltr'><strong>media</strong></span> 
     </span>
    </p>
   </div>
   <div class='ocr_carea' id='block_1_105' title="bbox 2161 3888 3749 3959">
    <p class='ocr_par' dir='ltr' id='par_1_105' title="bbox 2161 3888 3749 3959">
     <span class='ocr_line' id='line_1_105' title="bbox 2161 3888 3749 3959; baseline -0.001 -15"><span class='ocrx_word' id='word_1_715' title='bbox 2161 3890 2381 3957; x_wconf 80' lang='lat' dir='ltr'><strong>regione</strong></span> <span class='ocrx_word' id='word_1_716' title='bbox 2409 3890 2694 3956; x_wconf 82' lang='lat' dir='ltr'><strong>collocata,</strong></span> <span class='ocrx_word' id='word_1_717' title='bbox 2724 3888 2976 3945; x_wconf 89' lang='lat' dir='ltr'><strong>omnibus</strong></span> <span class='ocrx_word' id='word_1_718' title='bbox 3006 3890 3244 3958; x_wconf 86' lang='lat' dir='ltr'><strong>partibus</strong></span> <span class='ocrx_word' id='word_1_719' title='bbox 3281 3889 3402 3943; x_wconf 65' lang='lat' dir='ltr'><strong>caeli</strong></span> <span class='ocrx_word' id='word_1_720' title='bbox 3426 3890 3619 3959; x_wconf 61' lang='lat' dir='ltr'><strong>atquali</strong></span> <span class='ocrx_word' id='word_1_721' title='bbox 3641 3888 3749 3943; x_wconf 86' lang='lat' dir='ltr'><strong>dis-</strong></span> 
     </span>
    </p>
   </div>
   <div class='ocr_carea' id='block_1_106' title="bbox 2164 3980 3751 4036">
    <p class='ocr_par' dir='ltr' id='par_1_106' title="bbox 2164 3980 3751 4036">
     <span class='ocr_line' id='line_1_106' title="bbox 2164 3980 3751 4036; baseline -0.001 0"><span class='ocrx_word' id='word_1_722' title='bbox 2164 3980 2349 4036; x_wconf 83' lang='lat' dir='ltr'><strong>sidens</strong></span> <span class='ocrx_word' id='word_1_723' title='bbox 2405 3980 2688 4035; x_wconf 78' lang='lat' dir='ltr'><strong>intervallo</strong></span> <span class='ocrx_word' id='word_1_724' title='bbox 2734 3990 2976 4035; x_wconf 87' lang='lat' dir='ltr'><strong>centrum</strong></span> <span class='ocrx_word' id='word_1_725' title='bbox 3013 3980 3241 4036; x_wconf 88' lang='lat' dir='ltr'><strong>obtinet.</strong></span> <span class='ocrx_word' id='word_1_726' title='bbox 3274 3981 3521 4035; x_wconf 82' lang='lat' dir='ltr'><strong>Oceanus</strong></span> <span class='ocrx_word' id='word_1_727' title='bbox 3573 3991 3751 4035; x_wconf 74' lang='lat' dir='ltr'><strong>autem</strong></span> 
     </span>
    </p>
   </div>
   <div class='ocr_carea' id='block_1_107' title="bbox 2159 4071 3750 4144">
    <p class='ocr_par' dir='ltr' id='par_1_107' title="bbox 2159 4071 3750 4144">
     <span class='ocr_line' id='line_1_107' title="bbox 2159 4071 3750 4144; baseline 0.001 -19"><span class='ocrx_word' id='word_1_728' title='bbox 2159 4071 2381 4140; x_wconf 82' lang='lat' dir='ltr'><strong>regione</strong></span> <span class='ocrx_word' id='word_1_729' title='bbox 2403 4071 2880 4127; x_wconf 83' lang='lat' dir='ltr'><strong>circumductionis</strong></span> <span class='ocrx_word' id='word_1_730' title='bbox 2900 4072 3130 4141; x_wconf 72' lang='lat' dir='ltr'><strong>spbterte</strong></span> <span class='ocrx_word' id='word_1_731' title='bbox 3161 4072 3425 4144; x_wconf 75' lang='lat' dir='ltr'><strong>profusus,</strong></span> <span class='ocrx_word' id='word_1_732' title='bbox 3458 4088 3631 4143; x_wconf 87' lang='lat' dir='ltr'><strong>prope</strong></span> <span class='ocrx_word' id='word_1_733' title='bbox 3662 4082 3750 4126; x_wconf 89' lang='lat' dir='ltr'><strong>to-</strong></span> 
     </span>
    </p>
   </div>
   <div class='ocr_carea' id='block_1_108' title="bbox 2164 4164 3747 4235">
    <p class='ocr_par' dir='ltr' id='par_1_108' title="bbox 2164 4164 3747 4235">
     <span class='ocr_line' id='line_1_108' title="bbox 2164 4164 3747 4235; baseline 0.001 -18"><span class='ocrx_word' id='word_1_734' title='bbox 2164 4164 2267 4218; x_wconf 88' lang='lat' dir='ltr'><strong>tius</strong></span> <span class='ocrx_word' id='word_1_735' title='bbox 2288 4165 2437 4219; x_wconf 89' lang='lat' dir='ltr'><strong>orbis</strong></span> <span class='ocrx_word' id='word_1_736' title='bbox 2465 4164 2619 4218; x_wconf 89' lang='lat' dir='ltr'><strong>alluit</strong></span> <span class='ocrx_word' id='word_1_737' title='bbox 2645 4164 2798 4218; x_wconf 86' lang='lat' dir='ltr'><strong>tines.</strong></span> <span class='ocrx_word' id='word_1_738' title='bbox 2828 4164 3011 4235; x_wconf 88' lang='lat' dir='ltr'><strong>Itaque</strong></span> <span class='ocrx_word' id='word_1_739' title='bbox 3040 4177 3096 4220; x_wconf 88' lang='lat' dir='ltr'><strong>et</strong></span> <span class='ocrx_word' id='word_1_740' title='bbox 3142 4166 3378 4222; x_wconf 90' lang='lat' dir='ltr'><strong>siderum</strong></span> <span class='ocrx_word' id='word_1_741' title='bbox 3411 4166 3563 4235; x_wconf 85' lang='lat' dir='ltr'><strong>signa</strong></span> <span class='ocrx_word' id='word_1_742' title='bbox 3599 4166 3747 4220; x_wconf 90' lang='lat' dir='ltr'><strong>occi-</strong></span> 
     </span>
    </p>
   </div>
   <div class='ocr_carea' id='block_1_109' title="bbox 2160 4252 3217 4313">
    <p class='ocr_par' dir='ltr' id='par_1_109' title="bbox 2160 4252 3217 4313">
     <span class='ocr_line' id='line_1_109' title="bbox 2160 4252 3217 4313; baseline 0.004 -5"><span class='ocrx_word' id='word_1_743' title='bbox 2160 4252 2345 4309; x_wconf 86' lang='lat' dir='ltr'><strong>dentia</strong></span> <span class='ocrx_word' id='word_1_744' title='bbox 2370 4255 2421 4308; x_wconf 92' lang='lat' dir='ltr'><strong>in</strong></span> <span class='ocrx_word' id='word_1_745' title='bbox 2447 4268 2568 4308; x_wconf 91' lang='lat' dir='ltr'><strong>eum</strong></span> <span class='ocrx_word' id='word_1_746' title='bbox 2601 4254 2794 4311; x_wconf 86' lang='lat' dir='ltr'><strong>cadere</strong></span> <span class='ocrx_word' id='word_1_747' title='bbox 2816 4256 3217 4313; x_wconf 82' lang='lat' dir='ltr'><strong>existimantur.</strong></span> 
     </span>
    </p>
   </div>
   <div class='ocr_carea' id='block_1_110' title="bbox 2234 4342 3755 4416">
    <p class='ocr_par' dir='ltr' id='par_1_110' title="bbox 2234 4342 3755 4416">
     <span class='ocr_line' id='line_1_110' title="bbox 2234 4342 3755 4416; baseline 0.001 -20"><span class='ocrx_word' id='word_1_748' title='bbox 2234 4342 2291 4397; x_wconf 71' lang='lat'><strong>2.</strong></span> <span class='ocrx_word' id='word_1_749' title='bbox 2317 4342 2483 4413; x_wconf 81' lang='lat' dir='ltr'><strong>Regio</strong></span> <span class='ocrx_word' id='word_1_750' title='bbox 2514 4353 2695 4398; x_wconf 88' lang='lat' dir='ltr'><strong>autem</strong></span> <span class='ocrx_word' id='word_1_751' title='bbox 2729 4352 2885 4397; x_wconf 72' lang='lat' dir='ltr'><strong>terra:</strong></span> <span class='ocrx_word' id='word_1_752' title='bbox 2915 4344 3173 4399; x_wconf 83' lang='lat' dir='ltr'><strong>dividitur</strong></span> <span class='ocrx_word' id='word_1_753' title='bbox 3197 4345 3475 4408; x_wconf 79' lang='lat' dir='ltr'><strong>trilariam,</strong></span> <span class='ocrx_word' id='word_1_754' title='bbox 3500 4362 3534 4401; x_wconf 89' lang='lat' dir='ltr'><strong>e</strong></span> <span class='ocrx_word' id='word_1_755' title='bbox 3566 4348 3755 4416; x_wconf 86' lang='lat' dir='ltr'><strong>quibus</strong></span> 
     </span>
    </p>
   </div>
   <div class='ocr_carea' id='block_1_111' title="bbox 2172 4436 3747 4505">
    <p class='ocr_par' dir='ltr' id='par_1_111' title="bbox 2172 4436 3747 4505">
     <span class='ocr_line' id='line_1_111' title="bbox 2172 4436 3747 4505; baseline 0.001 -16"><span class='ocrx_word' id='word_1_756' title='bbox 2172 4451 2275 4489; x_wconf 88' lang='lat' dir='ltr'><strong>una</strong></span> <span class='ocrx_word' id='word_1_757' title='bbox 2308 4452 2429 4503; x_wconf 84' lang='lat' dir='ltr'><strong>pars</strong></span> <span class='ocrx_word' id='word_1_758' title='bbox 2462 4436 2693 4505; x_wconf 84' lang='lat' dir='ltr'><strong>Europa,</strong></span> <span class='ocrx_word' id='word_1_759' title='bbox 2726 4438 2892 4489; x_wconf 90' lang='lat' dir='ltr'><strong>altera</strong></span> <span class='ocrx_word' id='word_1_760' title='bbox 2924 4436 3074 4501; x_wconf 84' lang='lat' dir='ltr'><strong>Asia,</strong></span> <span class='ocrx_word' id='word_1_761' title='bbox 3110 4440 3265 4491; x_wconf 87' lang='lat' dir='ltr'><strong>tertia</strong></span> <span class='ocrx_word' id='word_1_762' title='bbox 3290 4437 3467 4492; x_wconf 81' lang='lat' dir='ltr'><strong>Africa</strong></span> <span class='ocrx_word' id='word_1_763' title='bbox 3498 4449 3747 4493; x_wconf 83' lang='lat' dir='ltr'><strong>vocatur.</strong></span> 
     </span>
    </p>
   </div>
   <div class='ocr_carea' id='block_1_112' title="bbox 2170 4525 3754 4598">
    <p class='ocr_par' dir='ltr' id='par_1_112' title="bbox 2170 4525 3754 4598">
     <span class='ocr_line' id='line_1_112' title="bbox 2170 4525 3754 4598; baseline 0.001 -15"><span class='ocrx_word' id='word_1_764' title='bbox 2170 4528 2440 4598; x_wconf 87' lang='lat' dir='ltr'><strong>Europam</strong></span> <span class='ocrx_word' id='word_1_765' title='bbox 2472 4528 2630 4598; x_wconf 84' lang='lat' dir='ltr'><strong>igitur</strong></span> <span class='ocrx_word' id='word_1_766' title='bbox 2653 4528 2721 4581; x_wconf 88' lang='lat' dir='ltr'><strong>ab</strong></span> <span class='ocrx_word' id='word_1_767' title='bbox 2768 4525 2949 4583; x_wconf 81' lang='lat' dir='ltr'><strong>Africa</strong></span> <span class='ocrx_word' id='word_1_768' title='bbox 2976 4528 3170 4584; x_wconf 80' lang='lat' dir='ltr'><strong>dividit</strong></span> <span class='ocrx_word' id='word_1_769' title='bbox 3198 4545 3344 4585; x_wconf 87' lang='lat' dir='ltr'><strong>mare</strong></span> <span class='ocrx_word' id='word_1_770' title='bbox 3369 4532 3438 4587; x_wconf 85' lang='lat' dir='ltr'><strong>ab</strong></span> <span class='ocrx_word' id='word_1_771' title='bbox 3490 4533 3754 4586; x_wconf 77' lang='lat' dir='ltr'><strong>extremis</strong></span> 
     </span>
    </p>
   </div>
   <div class='ocr_carea' id='block_1_113' title="bbox 2170 4619 3752 4687">
    <p class='ocr_par' dir='ltr' id='par_1_113' title="bbox 2170 4619 3752 4687">
     <span class='ocr_line' id='line_1_113' title="bbox 2170 4619 3752 4687; baseline -0.001 -10"><span class='ocrx_word' id='word_1_772' title='bbox 2170 4621 2359 4677; x_wconf 85' lang='lat' dir='ltr'><strong>oceani</strong></span> <span class='ocrx_word' id='word_1_773' title='bbox 2390 4619 2605 4687; x_wconf 81' lang='lat' dir='ltr'><strong>ﬁnibus,</strong></span> <span class='ocrx_word' id='word_1_774' title='bbox 2635 4629 2693 4677; x_wconf 89' lang='lat' dir='ltr'><strong>et</strong></span> <span class='ocrx_word' id='word_1_775' title='bbox 2730 4619 2942 4675; x_wconf 85' lang='lat' dir='ltr'><strong>Ilerculi</strong></span> <span class='ocrx_word' id='word_1_776' title='bbox 2991 4622 3276 4677; x_wconf 78' lang='lat' dir='ltr'><strong>columnis.</strong></span> <span class='ocrx_word' id='word_1_777' title='bbox 3303 4621 3488 4677; x_wconf 81' lang='lat' dir='ltr'><strong>Asiam</strong></span> <span class='ocrx_word' id='word_1_778' title='bbox 3546 4633 3752 4687; x_wconf 84' lang='lat' dir='ltr'><strong>autem,</strong></span> 
     </span>
    </p>
   </div>
   <div class='ocr_carea' id='block_1_114' title="bbox 2235 4784 3749 4853">
    <p class='ocr_par' dir='ltr' id='par_1_114' title="bbox 2235 4784 3749 4853">
     <span class='ocr_line' id='line_1_114' title="bbox 2235 4784 3749 4853; baseline 0.001 -16"><span class='ocrx_word' id='word_1_779' title='bbox 2235 4784 2367 4837; x_wconf 71' lang='lat' dir='ltr'><strong>Car.</strong></span> <span class='ocrx_word' id='word_1_780' title='bbox 2410 4800 2574 4839; x_wconf 75' lang='lat' dir='ltr'><strong>XLVII.</strong></span> <span class='ocrx_word' id='word_1_781' title='bbox 2608 4810 2675 4823; x_wconf 65' lang='grc' dir='ltr'><strong>ε-</strong></span> <span class='ocrx_word' id='word_1_782' title='bbox 2704 4784 2767 4838; x_wconf 83' lang='grc' dir='ltr'><strong>Ν.</strong></span> <span class='ocrx_word' id='word_1_783' title='bbox 2810 4785 2861 4837; x_wconf 83' lang='grc'><strong>1.</strong></span> <span class='ocrx_word' id='word_1_784' title='bbox 2913 4784 3171 4839; x_wconf 83' lang='lat' dir='ltr'><strong>Justinus.</strong></span> <span class='ocrx_word' id='word_1_785' title='bbox 3216 4786 3372 4839; x_wconf 90' lang='lat' dir='ltr'><strong>Initio</strong></span> <span class='ocrx_word' id='word_1_786' title='bbox 3400 4786 3521 4839; x_wconf 88' lang='lat' dir='ltr'><strong>libri</strong></span> <span class='ocrx_word' id='word_1_787' title='bbox 3554 4790 3749 4853; x_wconf 83' lang='lat' dir='ltr'><strong>quarti,</strong></span> 
     </span>
    </p>
   </div>
   <div class='ocr_carea' id='block_1_115' title="bbox 2167 4854 3411 4927">
    <p class='ocr_par' dir='ltr' id='par_1_115' title="bbox 2167 4854 3411 4927">
     <span class='ocr_line' id='line_1_115' title="bbox 2167 4854 3411 4927; baseline 0.003 -20"><span class='ocrx_word' id='word_1_788' title='bbox 2167 4854 2307 4927; x_wconf 81' lang='lat' dir='ltr'><strong>unde</strong></span> <span class='ocrx_word' id='word_1_789' title='bbox 2329 4865 2451 4927; x_wconf 77' lang='lat' dir='ltr'><strong>sunt</strong></span> <span class='ocrx_word' id='word_1_790' title='bbox 2476 4855 2590 4927; x_wconf 69' lang='lat' dir='ltr'><strong>ha&#39;c</strong></span> <span class='ocrx_word' id='word_1_791' title='bbox 2609 4856 2786 4908; x_wconf 90' lang='lat' dir='ltr'><strong>omnia</strong></span> <span class='ocrx_word' id='word_1_792' title='bbox 2822 4869 2988 4923; x_wconf 87' lang='lat' dir='ltr'><strong>usque</strong></span> <span class='ocrx_word' id='word_1_793' title='bbox 3016 4856 3081 4909; x_wconf 90' lang='lat' dir='ltr'><strong>ad</strong></span> <span class='ocrx_word' id='word_1_794' title='bbox 3102 4857 3411 4927; x_wconf 80' lang='lat' dir='ltr'><strong>allegorica.</strong></span> 
     </span>
    </p>
   </div>
   <div class='ocr_carea' id='block_1_116' title="bbox 2236 4923 3764 4997">
    <p class='ocr_par' dir='ltr' id='par_1_116' title="bbox 2236 4923 3764 4997">
     <span class='ocr_line' id='line_1_116' title="bbox 2236 4923 3764 4997; baseline 0.001 -19"><span class='ocrx_word' id='word_1_795' title='bbox 2236 4926 2292 4979; x_wconf 73' lang='grc'><strong>4.</strong></span> <span class='ocrx_word' id='word_1_796' title='bbox 2326 4923 2473 4994; x_wconf 84' lang='lat' dir='ltr'><strong>Ignis</strong></span> <span class='ocrx_word' id='word_1_797' title='bbox 2498 4926 2606 4977; x_wconf 77' lang='lat' dir='ltr'><strong>ille.</strong></span> <span class='ocrx_word' id='word_1_798' title='bbox 2658 4928 2767 4989; x_wconf 81' lang='lat' dir='ltr'><strong>AL,</strong></span> <span class='ocrx_word' id='word_1_799' title='bbox 2817 4927 2950 4997; x_wconf 82' lang='lat' dir='ltr'><strong>ignis</strong></span> <span class='ocrx_word' id='word_1_800' title='bbox 2991 4927 3078 4979; x_wconf 84' lang='lat' dir='ltr'><strong>ille</strong></span> <span class='ocrx_word' id='word_1_801' title='bbox 3106 4923 3348 4992; x_wconf 58' lang='lat' dir='ltr'><strong>aeternus,</strong></span> <span class='ocrx_word' id='word_1_802' title='bbox 3382 4926 3463 4980; x_wconf 85' lang='lat' dir='ltr'><strong>vel</strong></span> <span class='ocrx_word' id='word_1_803' title='bbox 3492 4926 3627 4996; x_wconf 77' lang='lat' dir='ltr'><strong>ignis</strong></span> <span class='ocrx_word' id='word_1_804' title='bbox 3679 4929 3764 4981; x_wconf 70' lang='lat' dir='ltr'><strong>ille</strong></span> 
     </span>
    </p>
   </div>
   <div class='ocr_carea' id='block_1_117' title="bbox 2166 4997 2637 5066">
    <p class='ocr_par' dir='ltr' id='par_1_117' title="bbox 2166 4997 2637 5066">
     <span class='ocr_line' id='line_1_117' title="bbox 2166 4997 2637 5066; baseline 0.004 -19"><span class='ocrx_word' id='word_1_805' title='bbox 2166 4997 2428 5066; x_wconf 71' lang='lat' dir='ltr'><strong>gehennae.</strong></span> <span class='ocrx_word' id='word_1_806' title='bbox 2463 4997 2637 5050; x_wconf 77' lang='lat' dir='ltr'><strong>Aasv.</strong></span> 
     </span>
    </p>
   </div>
   <div class='ocr_carea' id='block_1_118' title="bbox 2236 5072 3756 5142">
    <p class='ocr_par' dir='ltr' id='par_1_118' title="bbox 2236 5072 3756 5142">
     <span class='ocr_line' id='line_1_118' title="bbox 2236 5072 3756 5142; baseline 0.003 -17"><span class='ocrx_word' id='word_1_807' title='bbox 2236 5072 2363 5128; x_wconf 77' lang='lat' dir='ltr'><strong>CAP.</strong></span> <span class='ocrx_word' id='word_1_808' title='bbox 2402 5091 2585 5130; x_wconf 76' lang='lat' dir='ltr'>XLVIII.</span> <span class='ocrx_word' id='word_1_809' title='bbox 2618 5075 2682 5129; x_wconf 82' lang='grc' dir='ltr'><strong>Ν.</strong></span> <span class='ocrx_word' id='word_1_810' title='bbox 2733 5079 2781 5131; x_wconf 84' lang='grc'><strong>1.</strong></span> <span class='ocrx_word' id='word_1_811' title='bbox 2833 5076 2943 5129; x_wconf 81' lang='lat' dir='ltr'><strong>lloc</strong></span> <span class='ocrx_word' id='word_1_812' title='bbox 2991 5087 3150 5142; x_wconf 88' lang='lat' dir='ltr'><strong>caput</strong></span> <span class='ocrx_word' id='word_1_813' title='bbox 3181 5076 3234 5129; x_wconf 92' lang='lat' dir='ltr'><strong>in</strong></span> <span class='ocrx_word' id='word_1_814' title='bbox 3270 5076 3521 5132; x_wconf 83' lang='lat' dir='ltr'><strong>Editinue</strong></span> <span class='ocrx_word' id='word_1_815' title='bbox 3569 5076 3756 5132; x_wconf 84' lang='lat' dir='ltr'><strong>Grialii</strong></span> 
     </span>
    </p>
   </div>
   <div class='ocr_carea' id='block_1_119' title="bbox 2168 5146 3753 5218">
    <p class='ocr_par' dir='ltr' id='par_1_119' title="bbox 2168 5146 3753 5218">
     <span class='ocr_line' id='line_1_119' title="bbox 2168 5146 3753 5218; baseline 0.003 -21"><span class='ocrx_word' id='word_1_816' title='bbox 2168 5148 2584 5218; x_wconf 66' lang='lat' dir='ltr'><strong>praetermissum</strong></span> <span class='ocrx_word' id='word_1_817' title='bbox 2645 5146 2742 5200; x_wconf 82' lang='lat' dir='ltr'><strong>l’nit</strong></span> <span class='ocrx_word' id='word_1_818' title='bbox 2773 5148 3264 5218; x_wconf 9' lang='lat' dir='ltr'><strong>pergexscriptnris</strong></span> <span class='ocrx_word' id='word_1_819' title='bbox 3306 5158 3399 5200; x_wconf 86' lang='lat' dir='ltr'><strong>aut</strong></span> <span class='ocrx_word' id='word_1_820' title='bbox 3440 5150 3753 5218; x_wconf 82' lang='lat' dir='ltr'><strong>typographi</strong></span> 
     </span>
    </p>
   </div>
   <div class='ocr_carea' id='block_1_120' title="bbox 2172 5215 3757 5342">
    <p class='ocr_par' dir='ltr' id='par_1_120' title="bbox 2172 5215 3757 5342">
     <span class='ocr_line' id='line_1_120' title="bbox 2172 5215 3755 5287; baseline -0.001 -17"><span class='ocrx_word' id='word_1_821' title='bbox 2172 5215 2567 5283; x_wconf 80' lang='lat' dir='ltr'><strong>negligentiam,</strong></span> <span class='ocrx_word' id='word_1_822' title='bbox 2601 5227 2656 5269; x_wconf 92' lang='lat' dir='ltr'><strong>ut</strong></span> <span class='ocrx_word' id='word_1_823' title='bbox 2679 5231 2777 5287; x_wconf 85' lang='lat' dir='ltr'><strong>ego</strong></span> <span class='ocrx_word' id='word_1_824' title='bbox 2807 5216 3025 5285; x_wconf 89' lang='lat' dir='ltr'><strong>quidem</strong></span> <span class='ocrx_word' id='word_1_825' title='bbox 3060 5216 3310 5280; x_wconf 90' lang='lat' dir='ltr'><strong>arbitror,</strong></span> <span class='ocrx_word' id='word_1_826' title='bbox 3340 5228 3394 5271; x_wconf 91' lang='lat' dir='ltr'><strong>et</strong></span> <span class='ocrx_word' id='word_1_827' title='bbox 3421 5215 3531 5271; x_wconf 78' lang='lat' dir='ltr'><strong>dixi</strong></span> <span class='ocrx_word' id='word_1_828' title='bbox 3558 5215 3607 5268; x_wconf 81' lang='lat' dir='ltr'><strong>in</strong></span> <span class='ocrx_word' id='word_1_829' title='bbox 3663 5220 3755 5271; x_wconf 88' lang='lat' dir='ltr'><strong>lsi-</strong></span> 
     </span>
     <span class='ocr_line' id='line_1_121' title="bbox 2175 5285 3757 5342; baseline 0.001 -3"><span class='ocrx_word' id='word_1_830' title='bbox 2175 5285 2437 5342; x_wconf 83' lang='lat' dir='ltr'><strong>dorianis.</strong></span> <span class='ocrx_word' id='word_1_831' title='bbox 2467 5301 2586 5342; x_wconf 87' lang='lat' dir='ltr'><strong>can.</strong></span> <span class='ocrx_word' id='word_1_832' title='bbox 2615 5286 2704 5342; x_wconf 83' lang='lat'><strong>76.</strong></span> <span class='ocrx_word' id='word_1_833' title='bbox 2731 5302 2876 5340; x_wconf 91' lang='lat' dir='ltr'><strong>num.</strong></span> <span class='ocrx_word' id='word_1_834' title='bbox 2906 5286 2962 5340; x_wconf 84' lang='lat'><strong>6.</strong></span> <span class='ocrx_word' id='word_1_835' title='bbox 2996 5286 3035 5340; x_wconf 87' lang='lat' dir='ltr'>E</span> <span class='ocrx_word' id='word_1_836' title='bbox 3071 5286 3194 5341; x_wconf 74' lang='lat' dir='ltr'><strong>Mss.</strong></span> <span class='ocrx_word' id='word_1_837' title='bbox 3229 5299 3282 5341; x_wconf 90' lang='lat' dir='ltr'><strong>et</strong></span> <span class='ocrx_word' id='word_1_838' title='bbox 3308 5286 3479 5342; x_wconf 77' lang='lat' dir='ltr'><strong>Editis</strong></span> <span class='ocrx_word' id='word_1_839' title='bbox 3506 5288 3757 5341; x_wconf 81' lang='lat' dir='ltr'><strong>selectio-</strong></span> 
     </span>
    </p>
   </div>
   <div class='ocr_carea' id='block_1_121' title="bbox 2178 5307 3753 5425">
    <p class='ocr_par' dir='ltr' id='par_1_121' title="bbox 2178 5307 3753 5425">
     <span class='ocr_line' id='line_1_122' title="bbox 2178 5307 3753 5353; baseline 0.001 -14"><span class='ocrx_word' id='word_1_840' title='bbox 2178 5307 2437 5349; x_wconf 72' lang='grc' dir='ltr'><strong>υυιΊυιιιδ,</strong></span> <span class='ocrx_word' id='word_1_841' title='bbox 2467 5307 2586 5353; x_wconf 84' lang='lat' dir='ltr'><strong>cap.</strong></span> <span class='ocrx_word' id='word_1_842' title='bbox 2623 5307 2704 5353; x_wconf 79' lang='lat' dir='ltr'><strong>ID,</strong></span> <span class='ocrx_word' id='word_1_843' title='bbox 2731 5307 2876 5340; x_wconf 83' lang='lat' dir='ltr'>IIUIII.</span> <span class='ocrx_word' id='word_1_844' title='bbox 2906 5307 2962 5340; x_wconf 78' lang='grc' dir='ltr'><strong>υ.</strong></span> <span class='ocrx_word' id='word_1_845' title='bbox 2996 5307 3035 5340; x_wconf 68' lang='grc' dir='ltr'>ὖ</span> <span class='ocrx_word' id='word_1_846' title='bbox 3071 5307 3194 5341; x_wconf 73' lang='lat' dir='ltr'><strong>MSS.</strong></span> <span class='ocrx_word' id='word_1_847' title='bbox 3229 5307 3282 5341; x_wconf 72' lang='lat' dir='ltr'><strong>BI.</strong></span> <span class='ocrx_word' id='word_1_848' title='bbox 3308 5307 3479 5342; x_wconf 69' lang='lat' dir='ltr'>DUIIIS</span> <span class='ocrx_word' id='word_1_849' title='bbox 3506 5307 3753 5341; x_wconf 62' lang='grc' dir='ltr'><strong>δειθῡιιο-</strong></span> 
     </span>
     <span class='ocr_line' id='line_1_123' title="bbox 2178 5356 3753 5425; baseline 0.001 -15"><span class='ocrx_word' id='word_1_850' title='bbox 2178 5370 2291 5410; x_wconf 87' lang='lat' dir='ltr'><strong>rem</strong></span> <span class='ocrx_word' id='word_1_851' title='bbox 2315 5356 2629 5425; x_wconf 83' lang='lat' dir='ltr'><strong>scripturam</strong></span> <span class='ocrx_word' id='word_1_852' title='bbox 2676 5357 3009 5411; x_wconf 85' lang='lat' dir='ltr'><strong>concinuavi.</strong></span> <span class='ocrx_word' id='word_1_853' title='bbox 3043 5356 3271 5425; x_wconf 86' lang='lat' dir='ltr'><strong>Bignens</strong></span> <span class='ocrx_word' id='word_1_854' title='bbox 3293 5401 3308 5425; x_wconf 93' lang='lat'><strong>,</strong></span> <span class='ocrx_word' id='word_1_855' title='bbox 3338 5359 3670 5423; x_wconf 77' lang='lat' dir='ltr'><strong>deﬁniamus.</strong></span> <span class='ocrx_word' id='word_1_856' title='bbox 3699 5398 3711 5408; x_wconf 94' lang='lat'><strong>.</strong></span> <span class='ocrx_word' id='word_1_857' title='bbox 3738 5397 3753 5411; x_wconf 96' lang='lat'><strong>.</strong></span> 
     </span>
    </p>
   </div>
   <div class='ocr_carea' id='block_1_122' title="bbox 2176 5424 3755 5511">
    <p class='ocr_par' dir='ltr' id='par_1_122' title="bbox 2176 5424 3755 5511">
     <span class='ocr_line' id='line_1_124' title="bbox 2176 5424 3755 5511; baseline 0.001 -33"><span class='ocrx_word' id='word_1_858' title='bbox 2176 5427 2501 5511; x_wconf 62' lang='lat' dir='ltr'><strong>interfusum.</strong></span> <span class='ocrx_word' id='word_1_859' title='bbox 2553 5424 2687 5511; x_wconf 73' lang='lat' dir='ltr'><strong>Inde</strong></span> <span class='ocrx_word' id='word_1_860' title='bbox 2713 5435 2892 5508; x_wconf 39' lang='lat' dir='ltr'><strong>autem.</strong></span> <span class='ocrx_word' id='word_1_861' title='bbox 2908 5424 3141 5511; x_wconf 79' lang='lat' dir='ltr'><strong>ordinem</strong></span> <span class='ocrx_word' id='word_1_862' title='bbox 3166 5424 3755 5511; x_wconf 46' lang='lat' dir='ltr'><strong>exponamus.m0ntitt.i_t</strong></span> 
     </span>
    </p>
   </div>
   <div class='ocr_carea' id='block_1_123' title="bbox 2174 5497 3754 5640">
    <p class='ocr_par' dir='ltr' id='par_1_123' title="bbox 2174 5497 3754 5640">
     <span class='ocr_line' id='line_1_125' title="bbox 2174 5497 3754 5568; baseline 0.001 -19"><span class='ocrx_word' id='word_1_863' title='bbox 2174 5497 2287 5549; x_wconf 67' lang='grc' dir='ltr'><strong>τίτιὶ</strong></span> <span class='ocrx_word' id='word_1_864' title='bbox 2318 5506 2437 5565; x_wconf 84' lang='lat' dir='ltr'><strong>post</strong></span> <span class='ocrx_word' id='word_1_865' title='bbox 2481 5498 2734 5565; x_wconf 86' lang='lat' dir='ltr'><strong>partibus,</strong></span> <span class='ocrx_word' id='word_1_866' title='bbox 2768 5509 2824 5550; x_wconf 88' lang='lat' dir='ltr'><strong>et</strong></span> <span class='ocrx_word' id='word_1_867' title='bbox 2851 5499 3071 5551; x_wconf 88' lang='lat' dir='ltr'><strong>siderum</strong></span> <span class='ocrx_word' id='word_1_868' title='bbox 3114 5508 3240 5552; x_wconf 88' lang='lat' dir='ltr'><strong>ante</strong></span> <span class='ocrx_word' id='word_1_869' title='bbox 3284 5501 3451 5568; x_wconf 85' lang='lat' dir='ltr'><strong>signa.</strong></span> <span class='ocrx_word' id='word_1_870' title='bbox 3507 5499 3754 5551; x_wconf 82' lang='lat' dir='ltr'><strong>Nonnulli</strong></span> 
     </span>
     <span class='ocr_line' id='line_1_126' title="bbox 2177 5567 3753 5640; baseline 0.001 -23"><span class='ocrx_word' id='word_1_871' title='bbox 2177 5567 2374 5640; x_wconf 81' lang='lat' dir='ltr'><strong>habent</strong></span> <span class='ocrx_word' id='word_1_872' title='bbox 2400 5568 2560 5640; x_wconf 84' lang='lat' dir='ltr'><strong>abluit</strong></span> <span class='ocrx_word' id='word_1_873' title='bbox 2588 5584 2685 5636; x_wconf 93' lang='lat' dir='ltr'><strong>pro</strong></span> <span class='ocrx_word' id='word_1_874' title='bbox 2709 5569 2880 5623; x_wconf 89' lang='lat' dir='ltr'><strong>alluit.</strong></span> <span class='ocrx_word' id='word_1_875' title='bbox 2904 5567 3182 5640; x_wconf 76' lang='lat' dir='ltr'><strong>Sedolluit</strong></span> <span class='ocrx_word' id='word_1_876' title='bbox 3213 5569 3340 5640; x_wconf 84' lang='lat' dir='ltr'><strong>legit</strong></span> <span class='ocrx_word' id='word_1_877' title='bbox 3383 5569 3542 5624; x_wconf 85' lang='lat' dir='ltr'><strong>etiam</strong></span> <span class='ocrx_word' id='word_1_878' title='bbox 3572 5568 3753 5621; x_wconf 79' lang='lat' dir='ltr'><strong>Munc-</strong></span> 
     </span>
    </p>
   </div>
   <div class='ocr_carea' id='block_1_124' title="bbox 2178 5637 3751 5709">
    <p class='ocr_par' dir='ltr' id='par_1_124' title="bbox 2178 5637 3751 5709">
     <span class='ocr_line' id='line_1_127' title="bbox 2178 5637 3751 5709; baseline -0.001 -18"><span class='ocrx_word' id='word_1_879' title='bbox 2178 5637 2339 5691; x_wconf 68' lang='grc' dir='ltr'><strong>ιιι-τηε</strong></span> <span class='ocrx_word' id='word_1_880' title='bbox 2365 5639 2429 5709; x_wconf 82' lang='lat' dir='ltr'><strong>ad</strong></span> <span class='ocrx_word' id='word_1_881' title='bbox 2463 5639 2747 5708; x_wconf 79' lang='lat' dir='ltr'><strong>Hyginum,</strong></span> <span class='ocrx_word' id='word_1_882' title='bbox 2770 5708 2779 5709; x_wconf 16' lang='grc' dir='ltr'>ί</span> <span class='ocrx_word' id='word_1_883' title='bbox 2804 5655 2927 5709; x_wconf 85' lang='lat' dir='ltr'><strong>pag.</strong></span> <span class='ocrx_word' id='word_1_884' title='bbox 2973 5637 3102 5709; x_wconf 60' lang='lat'><strong>2355,</strong></span> <span class='ocrx_word' id='word_1_885' title='bbox 3153 5640 3243 5706; x_wconf 88' lang='lat' dir='ltr'><strong>qui</strong></span> <span class='ocrx_word' id='word_1_886' title='bbox 3271 5637 3396 5693; x_wconf 65' lang='lat' dir='ltr'><strong>hoc</strong></span> <span class='ocrx_word' id='word_1_887' title='bbox 3433 5648 3594 5706; x_wconf 84' lang='lat' dir='ltr'><strong>caput</strong></span> <span class='ocrx_word' id='word_1_888' title='bbox 3629 5651 3751 5709; x_wconf 87' lang='lat' dir='ltr'><strong>cum</strong></span> 
     </span>
    </p>
   </div>
   <div class='ocr_carea' id='block_1_125' title="bbox 2177 5707 3748 5779">
    <p class='ocr_par' dir='ltr' id='par_1_125' title="bbox 2177 5707 3748 5779">
     <span class='ocr_line' id='line_1_128' title="bbox 2177 5707 3748 5779; baseline -0.001 -16"><span class='ocrx_word' id='word_1_889' title='bbox 2177 5710 2353 5779; x_wconf 80' lang='lat' dir='ltr'><strong>capite</strong></span> <span class='ocrx_word' id='word_1_890' title='bbox 2374 5708 2405 5763; x_wconf 83' lang='lat'>8</span> <span class='ocrx_word' id='word_1_891' title='bbox 2426 5707 2732 5766; x_wconf 81' lang='lat' dir='ltr'><strong>Astronom.</strong></span> <span class='ocrx_word' id='word_1_892' title='bbox 2763 5707 2962 5766; x_wconf 83' lang='lat' dir='ltr'><strong>Poetic.</strong></span> <span class='ocrx_word' id='word_1_893' title='bbox 2989 5707 3176 5777; x_wconf 71' lang='lat' dir='ltr'><strong>Hygini</strong></span> <span class='ocrx_word' id='word_1_894' title='bbox 3203 5710 3291 5766; x_wconf 90' lang='lat' dir='ltr'><strong>lib.</strong></span> <span class='ocrx_word' id='word_1_895' title='bbox 3324 5725 3339 5764; x_wconf 86' lang='grc' dir='ltr'>ι</span> <span class='ocrx_word' id='word_1_896' title='bbox 3369 5707 3748 5766; x_wconf 85' lang='lat' dir='ltr'><strong>conlerendutn</strong></span> 
     </span>
    </p>
   </div>
  </div>
