4004 6144
258 270 389 325 1021

1679 261 2091 321 CHRONICON.

3414 270 3546 329 1022

325 383 378 439 5.
414 375 602 454 [1642]
644 376 898 444 Lamecli,
947 390 1207 429 annorum
1231 391 1461 439 cnxxxx,
1494 377 1676 445 genuit
1704 374 1837 440 Noe,
1872 389 1918 443 Α
2022 375 2235 429 Finitur
2267 375 2434 444 prima
2479 386 2608 429 mtas
2632 393 2724 445 per
2746 394 2916 433 annos
2942 369 3216 437 iiuccxtii.

249 474 343 542 qui
392 472 583 527 divino
630 470 851 525 oraculo
894 483 1073 523 arcam
1119 467 1649 537 mdilicarejnbetur,
1703 484 1843 520 anno

247 571 428 622 astatis
456 580 569 621 suae
597 563 1048 631 quingentesimo.
1082 561 1174 616 His
1203 559 1556 632 temporibus,
1587 570 1642 612 ιιι
1680 560 1845 613 refert

246 657 541 723 Iosephus,
582 654 811 709 scientes
859 652 933 707 illi
983 652 1226 707 homines
1258 651 1396 721 quod
1456 660 1546 704 aut
1585 652 1726 720 igne,
1753 660 1843 705 aut

246 748 427 817 aquis,
455 745 631 815 perire
660 752 927 812 poterant,
958 743 1009 797 in
1030 742 1236 796 duabus
1266 742 1552 807 co‘lumnis,
1582 760 1643 794 ei;
1679 742 1843 796 latere

246 847 305 890 et
339 837 517 906 lapide
548 835 723 899 factis,
755 834 928 888 studia
969 848 1063 887 sua
1106 833 1569 902 conscripserunt,
1604 849 1669 886 ne
1698 832 1841 885 dele-

249 942 405 987 retur
450 929 707 984 memoria
760 944 947 983 eorum
1003 942 1123 998 quae
1182 928 1457 997 sapienter
1507 929 1837 982 invenerant.

248 1023 493 1091 Quarum
525 1021 735 1090 lapidea
786 1021 1034 1075 columna
1074 1019 1247 1075 fertur
1276 1020 1531 1089 diluvium
1577 1018 1837 1085 evasisse,

246 1124 308 1169 et
338 1116 595 1169 hactenus
625 1112 676 1165 in
708 1112 861 1180 Syria
890 1126 1224 1179 permanere.

323 1207 377 1258 t5.
411 1203 597 1277 [2242]
636 1203 748 1257 Noe
790 1218 931 1257 anno
980 1201 1374 1257 sexcentesimo
1411 1201 1608 1255 factum
1651 1202 1840 1270 legitur

246 1296 554 1362 diluvium,
602 1294 755 1363 cujus
812 1309 990 1347 arcam
1034 1293 1299 1363 Iosephus
1338 1292 1543 1346 sedisse
1588 1291 1753 1347 refert
1784 1291 1836 1344 in

249 1396 467 1441 montes
491 1386 780 1452 Armeniae,
821 1386 907 1454 qui
941 1395 1197 1437 vocantur
1218 1385 1323 1454 67
1359 1387 1567 1437 Ararat.
1606 1382 1841 1437 Fuerunt

245 1490 435 1533 autem
465 1478 577 1533 Noe
608 1478 698 1531 filii
732 1490 862 1543 tres,
895 1492 959 1531 ex
991 1477 1183 1545 quibus
1214 1476 1545 1546 septuaginta
1573 1476 1690 1528 duce
1712 1492 1838 1544 gen-

242 1581 329 1623 ti-s
357 1578 483 1624 sunt
507 1577 659 1629 ortae,
695 1567 747 1622 id
780 1577 881 1633 est,
915 1568 1221 1635 quindecim
1261 1567 1328 1622 de
1367 1567 1585 1637 Japliet,
1621 1566 1835 1637 triginta

238 1660 313 1715 de
343 1659 538 1724 Cliam,
572 1657 755 1729 viginti
783 1668 989 1727 septem
1016 1658 1084 1713 de
1112 1658 1258 1714 Sem.

238 1828 368 1867 rum
416 1808 610 1865 Ediiin.
655 1809 920 1865 Caeterum
961 1810 1014 1863 in
1056 1808 1155 1863 hac
1210 1809 1465 1877 temporis
1500 1808 1834 1873 diversitate,

240 1881 589 1951 Hieronymi,
626 1881 927 1947 Augustini,
966 1880 1273 1951 ,Isidorique
1305 1878 1623 1951 sententiam
1669 1897 1732 1932 eo
1777 1882 1838 1932 li-

238 1949 471 2006 beiitius
492 1952 805 2018 amplector,
838 1950 976 2019 quod
1006 1949 1166 2015 LXX,
1204 1965 1336 2016 quos
1370 1950 1455 2003 hic
1484 1959 1688 2014 noster,
1726 1958 1837 2003 toto

242 2025 352 2075 hoc
380 2036 516 2089 pene
542 2020 821 2090 opusculo,
864 2030 1113 2075 auctores
1146 2021 1324 2081 habet,
1361 2021 1411 2072 in
1447 2024 1633 2090 eadem
1671 2020 1835 2074 fuisse

236 2088 694 2155 animadvertam,
745 2102 801 2143 ut
832 2099 1058 2144 testatur
1087 2090 1256 2143 Lucas
1302 2090 1559 2142 diaconus
1608 2088 1659 2141 in
1706 2105 1838 2159 qna-

238 2164 373 2216 dam
397 2161 708 2229 praefatione
736 2176 892 2229 quain
926 2160 1114 2215 lsidori
1145 2161 1416 2214 Chronico
1450 2160 1701 2227 prtelixit.

316 2234 372 2285 5.
407 2232 507 2296 Qui
546 2231 719 2284 divino
741 2273 755 2296 ,
788 2239 892 2284 etc.
926 2232 1037 2295 AL,
1061 2231 1143 2283 eui
1173 2230 1345 2282 divino
1374 2231 1584 2282 oracula
1607 2246 1731 2282 arca
1758 2230 1837 2298 [a—

234 2302 433 2355 bricari
456 2301 688 2372 jubetur.
710 2341 724 2353 .
743 2340 757 2356 .
798 2302 963 2366 perire
1007 2301 1305 2361 debuerunt,
1335 2301 1389 2353 in
1417 2298 1618 2370 quibus.
1641 2338 1657 2352 .
1678 2340 1691 2353 .
1728 2315 1836 2353 me-

234 2373 432 2436 moria,
464 2388 578 2441 quiz
598 2372 851 2441 sapienter
872 2373 1194 2441 invenerunt.
1227 2374 1397 2425 Ansv.

321 2444 376 2494 6.
402 2439 557 2509 Quod
586 2439 972 2513 Moysi‘dicitur
998 2442 1154 2503 tubae,
1186 2456 1291 2513 non
1320 2449 1436 2513 tam
1461 2453 1639 2513 arcam
1673 2439 1837 2509 signi-

237 2513 394 2573 ficat,
422 2527 583 2581 quam
628 2510 859 2581 quodvis
891 2526 982 2564 vas
1010 2510 1334 2581 navigationi
1363 2520 1565 2578 aptum.
1602 2510 1667 2563 Ut
1694 2512 1836 2576 apud

236 2583 471 2705 Graecgs
518 2583 710 2639 πλοῖον.
766 2580 863 2634 Est
912 2589 1092 2635 autem
1121 2580 1339 2651 Iosephi
1377 2582 1570 2634 locnSI
1625 2582 1833 2650 Antiq.,

236 2668 364 2705 can.
441 2691 455 2705 .

232 2668 455 2714 030.3%

318 2723 464 2775 Ibid.
482 2723 691 2777 Ararat.
714 2718 849 2775 Sunt
873 2719 925 2773 hi
950 2728 1166 2775 montes
1190 2721 1242 2776 in
1268 2719 1519 2776 Armenia
1533 2721 1835 2789 superiore,

239 2808 416 2860 prone
431 2793 644 2855 Persas,
658 2791 749 2859 qui
765 2789 967 2845 Graecis
978 2789 1181 2844 Taurus
1200 2791 1557 2860 appellantur.
1581 2802 1635 2845 et
1652 2792 1837 2845 Arme-

237 2868 389 2918 niam
405 2864 677 2917 scindunt.
704 2867 740 2914 Α
771 2862 991 2923 Beroso,
1017 2872 1075 2915 ut
1093 2873 1281 2916 auctor
1294 2870 1379 2916 est
1396 2862 1683 2927 Iosephus,
1704 2861 1799 2914 lib.
1818 2876 1836 2915 t

238 2934 412 3001 Antiq
447 2974 463 2997 ,
516 2948 636 3000 cap.
668 2931 723 2995 ι,
762 2929 1054 3001 Cordyzeus
1094 2946 1270 2996 mons,
1317 2941 1375 2984 et
1419 2947 1448 2983 a
1503 2932 1835 2986 Damasceiio

236 3000 409 3059 Buris
430 3003 747 3072 appellatur.
780 3000 915 3054 Vide
945 3001 1285 3068 Hieronym.,
1316 3002 1383 3055 de
1406 3001 1547 3072 locis
1583 3002 1831 3072 llcbraic.

316 3070 831 3141 Ibidfseptuaginta.
861 3073 1167 3139 Atigustin.,
1186 3072 1280 3125 lib.
1301 3087 1365 3125 xv
1382 3070 1624 3136 Civitzit.,
1640 3087 1758 3139 cap.
1775 3070 1831 3137 5,

2436 467 2681 522 Secunda
2707 480 2832 523 telas
2863 475 3060 526 sa'culi.

2020 558 2071 609 7.
2107 555 2295 628 [9.2M]
2335 557 2459 611 Seni
2505 573 2643 611 anno
2679 561 2917 614 seciindo
2951 572 3069 629 post
3099 562 3375 629 diluvium,
3419 581 3538 618 cum

1946 658 2156 703 centum
2210 660 2354 703 esset
2414 665 2708 717 annorum,
2759 654 2943 721 genuit
2998 656 3311 723 Arpliaxad,
3360 670 3387 709 a
3433 672 3540 724 quo

1944 756 2077 810 gens
2124 741 2501 797 Chaldaeorum
2552 754 2738 797 exorta
2781 754 2881 798 est.
2936 746 3039 799 Iste
3077 748 3187 817 68
3215 748 3336 801 Sem
3371 748 3540 802 fertur

1944 830 2114 895 fuisse
2151 834 2322 887 Melch
2347 834 2567 900 sedech,
2603 837 2691 904 qui
2734 838 2935 904 primus
2965 849 3084 907 post
3113 837 3367 892 diluvium
3400 855 3533 894 con-

1943 925 2077 979 didit
2117 926 2301 980 urbem
2333 926 2533 992 Salem,
2558 945 2675 998 quze
2707 946 2846 984 nunc
2876 941 3098 985 vocatur
3124 932 3443 989 Jerusilem.

2013 1013 2065 1067 8.
2099 1014 2281 1087 [2379]
2324 1019 2627 1085 Arpliaxad,
2649 1034 2911 1074 annorum
2950 1036 3142 1087 cxxxv,
3177 1024 3357 1092 genuit
3387 1024 3535 1089 Sala,

1942 1120 1971 1159 a
1996 1121 2102 1174 quo
2126 1108 2325 1175 antiqui
2353 1109 2641 1174 Salamitar,
2666 1110 2748 1163 vel
2779 1109 2933 1164 Medi.

2015 1194 2202 1267 [2509]
2242 1198 2389 1260 Sala,
2439 1213 2697 1251 annorum
2725 1215 2890 1262 cxxx,
2938 1202 3117 1270 genuit
3156 1202 3348 1267 lleher,
3373 1219 3400 1257 a
3428 1218 3533 1272 quo

1942 1287 2151 1341 llebrazi
2197 1290 2484 1356 nnncupati
2520 1299 2663 1343 sunt.

2013 1380 2065 1432 9.
2127 1376 2312 1451 [2645]
2357 1381 2550 1444 lieliei',
2606 1396 2865 1434 annorum
2893 1399 3123 1447 cxxxiv,
3171 1386 3348 1452 genuit
3398 1384 3537 1438 Plin-

1946 1471 2053 1540 leg,
2098 1470 2249 1541 Cujus
2299 1481 2537 1541 tempore
2586 1474 2747 1527 turris
2792 1473 2951 1528 Babel
2992 1474 3251 1528 tediiicata
3297 1485 3400 1539 est,
3450 1475 3526 1527 fa-

1939 1576 2129 1634 ctaque
2166 1566 2465 1633 linguarum
2506 1565 2714 1619 divisio.
2765 1564 2933 1634 Hujus
2963 1565 3123 1620 turris
3148 1566 3371 1620 altitudo
3399 1582 3526 1634 qna-

1943 1666 2063 1709 tuor
2086 1655 2247 1710 millia
2279 1657 2468 1711 dicitur
2501 1666 2684 1713 tenere
2716 1672 2987 1727 passuum,
3036 1658 3284 1728 paulatim
3315 1676 3342 1712 a
3373 1660 3526 1713 latio-

1946 1825 2039 1876 per
2083 1809 2316 1863 minores
2372 1817 2494 1862 natu
2547 1810 2597 1863 in
2635 1810 2945 1878 genealogia
2994 1819 3049 1863 et
3098 1810 3533 1878 prmdictioiiibus

1944 1880 2236 1934 Salvuttii'ls
2270 1881 2605 1947 potissimum
2647 1884 2823 1933 locum
2849 1880 3141 1944 obtineant,
3168 1891 3225 1933 ut
3248 1883 3314 1933 de
3357 1881 3531 1945 Isaac,

1940 1950 2127 2010 Jaeob,
2178 1950 2399 2017 Ioseph,
2452 1949 2746 2010 Maiiasses,
2803 1950 2989 2014 David,
3050 1952 3326 2017 Salomon,
3379 1952 3534 2004 divus

1942 2021 2291 2088 Augustinus,
2327 2022 2414 2072 lili.
2468 2036 2555 2072 XVI
2608 2022 2674 2073 de
2730 2020 2886 2073 Civit.
2940 2020 3054 2082 Dei,
3104 2036 3220 2086 cap.
3275 2022 3332 2085 ‘2,
3379 2020 3526 2085 Sem,

1939 2092 2105 2144 Cliam
2155 2100 2208 2143 et
2256 2091 2451 2158 .lapliet
2499 2090 2775 2145 historiam
2836 2091 2904 2146 de
2956 2091 3253 2147 Salvator-is
3306 2092 3411 2146 vita
3469 2108 3533 2145 ac

1942 2170 2113 2214 morte
2160 2164 2563 2227 interpretatur.

2012 2229 2154 2285 Ibid.
2188 2229 2587 2283 Melchisedech.
2604 2228 2759 2284 idem
2782 2230 2856 2284 ait
2878 2231 3234 2301 Hieronymus
3257 2238 3447 2301 quaest.
3477 2230 3528 2283 in

1942 2300 2202 2367 Genesin,
2255 2311 2309 2354 et
2362 2303 2585 2366 epistula
2635 2301 2702 2353 ad
2752 2300 3037 2369 Evagrium
3066 2300 3321 2367 afﬁrmat,
3363 2316 3534 2367 usque

1940 2372 2007 2423 ad
2032 2371 2387 2425 sacerdotium
2427 2376 2598 2424 Aaron
2630 2385 2820 2425 omnes
2853 2370 3239 2439 primogenitos
3268 2388 3333 2426 ex
3365 2374 3532 2437 stirpe

1940 2441 2052 2495 Noe
2081 2456 2305 2508 quorum
2337 2444 2509 2493 series
2546 2443 2597 2493 in
2632 2444 2729 2494 liae
2758 2442 2987 2494 secunda
3020 2452 3179 2496 aetate
3206 2442 3532 2495 describitur

1939 2514 2245 2565 sacerdote.
2267 2511 2454 2578 fuisse,
2477 2512 2826 2577 victimasque
2848 2512 2955 2565 Deo
2977 2513 3300 2566 iminolase.
3330 2511 3393 2563 Et
3416 2511 3529 2563 haec

1939 2592 2067 2707 Eunt
2089 2582 2437 2649 primogenita
2460 2596 2579 2651 quae
2611 2583 2751 2636 Esau
2778 2581 2925 2636 fratri
2954 2596 3052 2636 suo
3073 2582 3168 2636 Jac
3205 2583 3240 2636 li
3267 2580 3525 2645 vendidit,

1990 2667 2140 2705 enes.
2171 2667 2293 2705 xxv.

1990 2667 2293 2705 ρηεε.χχν.

2016 2722 2152 2774 Ibid.
2182 2721 2378 2777 Salem.
2401 2722 2780 2793 Hieronymus,
2798 2722 3025 2793 epistola
3047 2722 3110 2774 ad
3137 2722 3192 2793 D_,
3213 2720 3531 2785 rdaiium,et

1940 2807 2003 2845 ea
2021 2808 2141 2860 quze
2162 2801 2243 2845 est
2264 2795 2327 2845 ad
2348 2791 2650 2861 Evagriun'i,
2676 2797 2753 2848 sic
2770 2792 2974 2861 inquit:
2995 2791 3149 2846 Prius
3160 2791 3340 2860 Iebus,
3354 2802 3530 2862 postea

1941 2862 2016 2917 Sa
2040 2878 2142 2923 em,
2168 2863 2317 2915 tertio
2341 2862 2628 2917 Ierusalem
2646 2904 2663 2929 ,
2692 2880 2827 2917 nunc
2858 2862 3023 2918 /Elia.
3050 2864 3296 2930 Ioseph”
3331 2864 3419 2917 lib.
3455 2878 3527 2916 vn

1938 2934 2285 3000 Aiitiquiiat.,
2330 2949 2450 2997 cup.
2483 2936 2540 2998 5,
2574 2935 2648 2986 ait
2674 2933 2934 3003 quosdam
2971 2936 3135 2989 fuisse
3162 2935 3252 3001 qui
3293 2932 3529 2986 dixerint

1938 3005 2097 3057 etiam
2151 3003 2436 3056 llomernm
2486 3002 2701 3070 poetam
2741 3002 3124 3074 Jerosolymaui
3168 3006 3303 3057 lianc
3335 3006 3521 3057 urbem

1941 3074 2259 3141 appella~se,
2293 3089 2410 3140 qua:
2464 3074 2752 3142 appellatio
2781 3077 2828 3128 ei
2861 3078 3087 3143 primum
3138 3088 3167 3127 a
3211 3074 3394 3143 David,
3426 3088 3523 3127 ex-

235 3122 455 3213 colligit
470 3122 1035 3198 {narraturum};
1050 3122 1361 3213 agnatis,
1381 3122 1600 3195 and.
1612 3122 1831 3207 6.5.3.;
1863 3122 1907 3183 C
1942 3122 2203 3211 magna
2215 3122 2422 3199 nam};
2445 3122 2993 3208 assignantes;
3007 3122 3305 3197 ’Ξῖιτῖυιῆἇζ
3322 3122 3520 3197 ἥέτῖιῖη

238 3211 470 3269 xxviide
487 3214 634 3279 Sem,
651 3213 895 3282 quamvis
907 3226 1028 3279 cap.
1047 3211 1107 3265 H
1130 3212 1372 3280 ejusdem
1387 3213 1480 3266 lib.
1495 3213 1832 3279 septuaginta

238 3286 380 3338 duas
410 3288 614 3355 linguas
644 3281 695 3337 et
717 3293 908 3353 gentes
940 3281 1163 3338 totidem
1196 3292 1401 3338 tantum
1433 3291 1647 3337 exortis
1672 3282 1834 3336 fuisse

237 3372 306 3409 ex
345 3357 456 3408 Noe
491 3354 705 3422 probet.

314 3424 459 3479 Ibid.
493 3421 595 3478 Per
628 3439 813 3477 annos.
857 3421 913 3476 ln
942 3422 1025 3477 his
1046 3423 1234 3479 decem
1266 3423 1539 3479 hominum
1584 3422 1834 3477 aetatibus

235 3497 402 3549 eumd
413 3510 496 3548 em
516 3508 779 3548 annorum
804 3508 1085 3548 numerum
1104 3536 1116 3555 ,
1150 3495 1219 3548 ab
1238 3496 1406 3549 Adam
1423 3496 1671 3561 usquead
1695 3493 1834 3547 ditu-

234 3568 416 3637 vium,
447 3574 744 3637 sequuntur
768 3563 1052 3637 Eusebius,
1075 3563 1453 3637 Hieronymus,
1472 3564 1723 3637 Zonaras,
1743 3564 1834 3617 Isi-

236 3636 433 3696 dorus.
457 3634 551 3688 lib.
581 3634 880 3704 Etymolog.
901 3649 976 3701 VI,
997 3650 1048 3688 c.
1066 3637 1157 3701 39,
1180 3645 1235 3690 et
1250 3634 1360 3691 alii.
1390 3636 1466 3688 Ex
1488 3635 1833 3690 Hebraeorum

237 3721 380 3759 vero
407 3708 675 3759 sententia
700 3714 907 3773 tantum
938 3714 1063 3759 sunt
1088 3720 1117 3757 a
1139 3708 1412 3761 creatione
1434 3706 1639 3768 mundi,
1665 3718 1833 3773 usque

235 3779 309 3830 ad
345 3775 625 3841 diluvio-iii,
657 3772 781 3827 anni
814 3789 871 3828 ι.
910 3790 1083 3841 ncnvr,
1112 3785 1169 3828 ut
1207 3785 1351 3842 patet
1378 3791 1442 3829 ex
1474 3777 1665 3830 ches.
1702 3772 1757 3826 iv
1779 3784 1835 3827 et

236 3863 296 3908 ν,
328 3857 385 3899 et
414 3847 763 3901 Hebraeorum
786 3847 1171 3915 ebronologiis.
1199 3847 1291 3899 Est
1315 3856 1367 3901 et
1393 3846 1532 3914 apud
1562 3862 1646 3898 me
1668 3844 1833 3915 Chro-

240 3922 411 3970 iiicon
441 3916 628 3972 Graece
655 3931 755 3969 ms.
789 3914 1071 3987 évéiwpov,
1104 3916 1189 3970 ubi
1208 3919 1343 3987 anni
1370 3932 1467 3970 iiii.
1495 3929 1669 3970 cei.in
1693 3914 1832 3987 refe-

238 3999 461 4053 runtur,
492 3987 647 4054 cujus
669 3987 784 4039 huic
825 3984 963 4038 sunt
984 3987 1140 4040 verba
1168 4004 1179 4038 :
1204 3986 1283 4039 ἐν
1307 3995 1381 4057 τῷ
1427 3987 1693 4057 ἑκατοστῷ
1723 3984 1833 4039 ἔτει

235 4065 329 4113 τοῦ
362 4064 467 4129 Σήμ
489 4060 837 4129 έξακοσιαστῷ
866 4060 945 4110 καὶ
971 4064 1063 4129 τοῦ
1088 4064 1193 4111 Νῶε
1217 4062 1300 4129 καὶ
1325 4056 1426 4129 {rei
1469 4056 1714 4127 γενέσεώς
1740 4060 1829 4110 τοῦ

235 4127 436 4201 κυσμοῦ
565 4150 620 4201 σγ.
650 4130 698 4191 ξ.
811 4127 1012 4201 ἐγένετο
1039 4127 1065 4181 ὁ
1102 4128 1457 4201 κᾳτακλνσμρς
1488 4131 1572 4181 ἐπὶ
1600 4136 1689 4187 τῆς
1714 4134 1829 4201 γῆς.

236 4197 394 4251 Auno
423 4197 691 4251 centesimo
714 4197 857 4260 Seni,
873 4200 1239 4251 sexcentesimo
1262 4197 1379 4251 vero
1404 4197 1456 4251 Ν
1462 4214 1538 4261 ae,
1561 4197 1831 4251 ereatiOnis

238 4280 419 4322 autem
465 4269 639 4321 mundi
670 4270 744 4321 bis
780 4268 1071 4332 millesimo,
1106 4270 1472 4332 ducentesimo,
1514 4269 1831 4336 sexagesimo

239 4340 496 4404 secundo,
521 4340 713 4406 factum
742 4347 813 4391 est
833 4338 1083 4391 diluvium
1119 4355 1274 4407 super
1303 4354 1508 4392 terram.
1537 4338 1703 4405 Quem
1734 4352 1833 4389 nu-

242 4429 353 4461 uici
371 4424 460 4462 um
491 4411 750 4462 Antonius
776 4408 996 4462 Contius
1013 4410 1065 4462 in
1089 4410 1229 4463 netis
1259 4412 1324 4462 ad
1350 4409 1636 4479 Nicepliori
1655 4408 1831 4463 Chro-

1940 3216 2053 3268 lizec
2080 3214 2266 3267 civitas
2295 3228 2503 3281 postea,
2532 3220 2722 3269 merito
2766 3231 2885 3279 suo,
2917 3224 2973 3268 ut
3000 3231 3199 3279 rerum,
3233 3214 3305 3267 ita
3350 3217 3523 3267 nomi-

1942 3300 2067 3337 iium
2100 3298 2313 3351 quoque
2338 3300 2523 3351 vagam
2554 3286 2839 3338 volubilem
2865 3300 2949 3351 aue
2990 3285 3257 3337 fortunam
3302 3298 3519 3348 experta

1938 3365 2038 3408 est.
2075 3355 2146 3407 De
2175 3353 2366 3421 quibus
2410 3355 2657 3407 omnibus
2684 3354 2824 3419 vide,
2849 3370 2965 3423 quat-
2998 3353 3390 3407 illustrissimus
3423 3356 3523 3406 liii-

1938 3440 2035 3477 cus
2062 3427 2128 3477 tle
2159 3423 2431 3485 Mendoza,
2464 3438 2621 3491 quem
2650 3424 2865 3478 honoris
2885 3438 3044 3478 causa
3072 3423 3313 3486 nomine,
3343 3423 3522 3477 erudi-

1939 3496 2147 3548 ltSsiine
2173 3495 2223 3546 iii
2258 3509 2357 3547 suo
2390 3497 2527 3547 libro
2558 3496 2853 3548 iiieiiioriali
2881 3496 3171 3563 ciingessit.

2009 3564 2060 3616 8.
2089 3565 2141 3617 In
2167 3564 2408 3618 Editione
2450 3563 2589 3619 LXX
2623 3565 2971 3632 interpretum
3007 3565 3199 3618 dicitur
3227 3563 3512 3632 Arpliaxad

1935 3635 2441 3705 genuisseCainam,
2474 3644 2529 3689 et
2557 3636 2775 3690 Cainam
2802 3635 2945 3700 Sala,
2977 3638 3118 3705 quod
3151 3636 3357 3688 Hebraei
3389 3634 3516 3703 reji-

1936 3708 2103 3772 ciunt,
2148 3721 2177 3759 a
2205 3708 2394 3775 quibus
2426 3718 2625 3760 tantum
2670 3708 2855 3760 decem
2883 3707 3255 3773 generationes
3294 3720 3517 3758 enume-

1937 3784 2120 3829 raiitur
2167 3792 2196 3829 a
2239 3776 2349 3829 Noe
2380 3792 2545 3843 usipie
2597 3778 2660 3829 ad
2712 3777 3000 3842 Abraham,
3044 3776 3195 3829 sicuti
3239 3778 3305 3828 ab
3342 3776 3513 3828 Adam

1935 3861 2105 3916 usque
2129 3847 2197 3899 ad
2228 3846 2361 3901 Noe.
2395 3855 2585 3900 Beatus
2617 3859 2789 3901 tamen
2843 3849 3030 3905 Lucas.
3082 3862 3201 3913 cap.
3236 3860 3316 3908 Ill,
3348 3846 3515 3897 unde-

1934 3921 2037 3969 ciin
2085 3932 2271 3971 recens
2293 3925 2347 3980 -t,
2374 3917 2589 3969 Cninnm
2639 3919 2690 3969 iu
2740 3917 2877 3971 hanc
2904 3916 3263 3986 generationis
3316 3916 3511 3986 seriem

1936 3986 2195 4046 inferens.
2252 3989 2302 4040 iii
2361 3990 2464 4041 hoc
2513 3986 2843 4047 Graecorum,
2905 3985 2969 4039 ad
3026 4004 3161 4055 quos
3219 3985 3510 4047 scribebat,

1934 4057 2256 4125 exemplaria
2301 4072 2537 4125 secutus,
2576 4062 2765 4126 quibus
2797 4058 2932 4111 LXX
2969 4058 3145 4111 Editio
3182 4058 3283 4109 lllls
3317 4068 3517 4120 tenipo-

1936 4129 2083 4182 ribus
2111 4131 2475 4194 receptissima
2505 4140 2561 4182 et
2591 4139 2790 4182 tantum
2825 4138 2947 4181 nota
2969 4140 3108 4182 erat.
3134 4128 3293 4180 Divus
3329 4129 3513 4179 lliero-

1934 4214 2146 4270 nymus,
2188 4199 2345 4266 hujus
2381 4202 2687 4268 quaestionis
2734 4200 3049 4253 ditlieultate
3100 4215 3233 4266 pene
3261 4203 3508 4260 obrutus,

1934 4271 2127 4323 fatetur
2153 4270 2379 4337 ingenue
2425 4285 2505 4334 se,
2541 4281 2755 4338 propter
2802 4272 2994 4340 ingenii
3047 4270 3367 4332 tardinitein,
3416 4285 3508 4319 no-

1934 4342 2059 4394 dum
2083 4342 2222 4394 hunc
2252 4341 2549 4394 dissolvere
2571 4356 2674 4393 non
2704 4356 2879 4408 posse.
2905 4342 2993 4394 Sic
3023 4340 3182 4395 Beda.
3212 4341 3429 4408 prologo
3455 4340 3509 4389 in

1933 4411 2063 4464 Acta
2112 4412 2507 4480 apostolorum;
2541 4415 2849 4479 Augustin.,
2901 4414 2991 4465 lib.
3023 4424 3056 4465 tt
3101 4424 3288 4463 coiitra
3334 4409 3506 4475 Epist.

238 4482 520 4549 nologiam
572 4479 935 4556 reponendum
985 4481 1223 4556 cens_uit_._
1252 4481 1322 4556 ᾼι
1350 4479 1640 4556 Iosephus,
1683 4481 1776 4535 lib.
1809 4500 1827 4538 ι
1857 4498 1905 4556 ο
1935 4479 2181 4556 Parineii.
2229 4481 2577 4535 Recentiores
2625 4488 2784 4534 etiam
2821 4486 3056 4556 graviter
3105 4483 3154 4532 in
3208 4486 3505 4556 IIBCAQUEB'

237 4556 457 4618 Autiq.,
506 4563 625 4617 cap.
668 4549 725 4615 4,
762 4549 1028 4603 diversam
1071 4552 1139 4603 ab
1181 4550 1438 4605 Hebraica
1502 4554 1725 4605 veritate
1768 4565 1822 4609 et

239 4620 387 4673 LXX
416 4620 770 4687 lnterpretum
794 4621 1226 4687 supputationem
1271 4620 1527 4691 sequitur.
1562 4622 1650 4675 Ait
1678 4624 1818 4679 enim

233 4695 306 4744 ab
338 4692 507 4744 Adam
539 4705 704 4758 usque
733 4691 799 4743 ad
828 4691 1181 4744 universalem
1215 4691 1442 4758 pluviam
1469 4693 1685 4746 ﬂuxisse
1719 4710 1819 4749 an-

239 4774 346 4814 nos
380 4760 461 4815 bis
490 4761 638 4815 inille
666 4770 950 4816 sexcentos
979 4760 1354 4830 quinquaginta
1384 4778 1498 4816 sex.
1518 4763 1668 4815 Adeo
1698 4778 1822 4821 sunt

237 4834 406 4885 variae
454 4842 509 4885 et
555 4834 917 4898 discrepantes
964 4834 1031 4886 de
1079 4834 1260 4885 mundi
1311 4842 1469 4885 aetate
1517 4837 1816 4903 sententiae,

234 4905 388 4971 quod
426 4903 683 4956 Codicum
714 4904 1056 4968 corruptione
1086 4903 1347 4956 accidisse
1376 4904 1621 4963 arbitror,
1664 4903 1819 4961 facile

236 4974 387 5025 enim
418 4975 470 5026 iii
520 4976 661 5026 notis
688 4988 1036 5026 numerorum
1082 4982 1310 5027 erratur.
1348 4972 1411 5026 Et
1451 4974 1573 5026 inde
1604 4984 1678 5027 tot
1698 4977 1820 5031 -leie

236 5047 307 5096 dc
339 5045 498 5096 annis
540 5045 720 5097 mundi
767 5041 1045 5110 opiniones
1074 5051 1207 5111 quot
1242 5043 1528 5111 scriptores
1560 5045 1816 5100 invenies.

314 5112 458 5166 Ibid.
483 5111 551 5165 In
578 5112 848 5166 montibus.
880 5116 951 5167 lta
976 5114 1213 5167 nonnulli
1239 5119 1402 5167 nostri
1434 5114 1582 5180 Μέθη
1609 5125 1663 5169 et
1687 5118 1818 5171 Mel-

239 5185 395 5238 litus.
423 5186 476 5236 ln
499 5183 745 5236 Editione
774 5182 960 5237 Grialii
985 5185 1040 5236 in
1068 5194 1283 5237 montes.
1318 5187 1516 5244 Anev,

318 5256 372 5307 7.
400 5254 687 5319 Iosephus,
723 5253 814 5306 lib.
850 5256 1175 5321 tAntiquit.,
1199 5270 1315 5319 cap.
1355 5256 1441 5317 14,
1470 5256 1592 5309 Sem
1641 5257 1821 5311 existi-

239 5338 355 5377 mat
384 5324 550 5379 fuisse
601 5325 812 5378 tertium
860 5323 973 5378 Noe
1024 5326 1213 5390 lilium,
1252 5325 1442 5394 Japhet
1491 5341 1619 5380 vero
1657 5326 1820 5383 fuisse

239 5406 373 5449 natu
405 5397 806 5449 maxiinuin.£t
831 5395 952 5448 licet
991 5396 1187 5451 Cenes.
1212 5412 1243 5448 v
1278 5397 1532 5465 scriptum
1562 5398 1629 5450 sit
1657 5414 1669 5449 :
1705 5397 1822 5453 Noe

238 5469 421 5536 genuit
444 5466 586 5530 Seni,
613 5466 773 5518 Cliam
802 5476 848 5517 et
872 5465 1081 5531 Japliet,
1113 5476 1165 5519 et
1185 5466 1301 5519 aliis
1332 5467 1462 5522 locis
1491 5468 1691 5533 primus
1718 5485 1818 5522 nu-

242 5552 481 5592 tiieietur
520 5540 573 5589 in
620 5538 829 5599 ordine,
862 5536 1129 5590 affirmant
1154 5546 1329 5590 tamen
1376 5538 1535 5605 aliqui
1568 5539 1821 5593 Hebrazo-

242 5623 391 5673 rum,
421 5608 470 5661 id
522 5616 738 5675 propter
767 5611 882 5675 ejus
912 5608 1222 5675 dignitatem
1250 5618 1453 5660 tantum
1480 5608 1699 5673 factum,
1732 5620 1819 5663 ut-

244 5688 372 5747 pote
400 5693 466 5733 ex
497 5694 600 5747 quo
623 5676 865 5731 Christus
893 5691 1061 5747 genus
1088 5676 1239 5731 duxit
1267 5678 1534 5746 fuisseque
1566 5690 1691 5733 natu
1724 5682 1820 5733 ini-

247 5749 455 5805 uimum
481 5765 497 5817 ;
520 5746 690 5821 idque
716 5749 815 5805 hac
847 5746 1054 5803 ratione
1076 5758 1339 5815 astruuiit,
1373 5749 1512 5816 quod
1543 5749 1653 5807 fere
1680 5766 1821 5807 seiu-

1930 4552 2105 4605 stione
2140 4566 2199 4606 se
2229 4561 2495 4620 torquent,
2550 4546 2845 4619 pne-ser'tnii
2892 4554 3274 4617 Lipomannus,
3305 4546 3505 4602 Catena

1928 4620 1983 4675 in
2014 4622 2209 4677 Goiies.
2238 4640 2253 4687 ;
2281 4624 2481 4676 Sixtus.
2517 4623 2770 4684 Seuens.,
2812 4626 2902 4675 lib.
2936 4638 2965 4673 ν
3012 4620 3376 4682 Βὼιίοιιιθςω.
3417 4633 3508 4670 an-

1928 4701 2043 4746 not.
2075 4692 2164 4759 88,
2197 4705 2249 4746 et
2279 4694 2369 4747 lib.
2404 4710 2493 4756 vn,
2522 4694 2711 4746 haeres.
2743 4695 2769 4745 7
2798 4710 2811 4757 ;
2843 4703 2897 4747 et
2935 4693 3233 4747 Herniaiius
3286 4699 3506 4745 contra-

1925 4775 2062 4825 etus,
2094 4764 2273 4819 libello
2297 4765 2365 4818 de
2403 4779 2494 4818 sex
2524 4764 2791 4817 aetatibus.

2000 4831 2137 4887 Ibid.
2160 4834 2450 4888 Salamine.
2473 4834 2560 4887 Sic
2584 4844 2748 4898 recte,
2772 4833 2824 4887 ni
2843 4832 3017 4899 fallor,
3036 4849 3097 4887 ex
3116 4832 3255 4887 Luca
3269 4830 3507 4885 Tudensi

1928 4902 2066 4957 hunc
2088 4908 2259 4957 locum
2284 4906 2512 4967 restitui,
2534 4919 2655 4958 cum
2684 4914 2839 4958 antea
2869 4905 3132 4972 legeretur
3156 4902 3503 4969 Samaritani,

1925 4976 2001 5027 vel
2020 4972 2183 5028 Medi.
2198 4974 2422 5028 Constat
2437 4976 2577 5027 enim
2594 4989 2657 5028 ex
2674 4973 2927 5043 Josepho,
2944 4976 3036 5031 lib.
3058 4990 3144 5027 vni
3160 4975 3363 5040 Δεκίῳ,
3381 4988 3499 5038 cap.

1929 5044 2016 5110 12,
2039 5045 2329 5098 Samarites
2342 5060 2370 5097 a
2387 5046 2611 5112 quodam
2628 5047 2850 5100 Sainaro
2867 5061 3061 5099 nomen
3083 5045 3181 5099 sibi
3208 5044 3499 5098 invenisse.

2017 5115 2160 5170 Ibid.
2215 5115 2272 5169 In
2322 5118 2592 5185 plerisque
2639 5117 2811 5183 Μέθη
2861 5118 3174 5183 Samaritw,
3226 5116 3303 5168 vel
3360 5112 3503 5167 Indi.

1926 5190 2099 5241 Anev.

1997 5258 2053 5311 9.
2077 5262 2119 5311 Α
2142 5256 2363 5322 diluvio,
2396 5271 2567 5324 usque
2591 5256 2656 5311 ad
2691 5256 3004 5312 divisionem
3045 5258 3368 5327 linguarum,
3403 5254 3503 5309 ﬂu-

1927 5344 2074 5393 xere,
2106 5330 2399 5382 secundum
2435 5328 2747 5382 llebraicaui
2796 5332 3246 5395 supputationem,
3280 5328 3499 5380 ducenti

1922 5401 2257 5467 septuaginta
2312 5399 2420 5453 duo
2470 5400 2614 5464 anni,
2668 5413 2733 5450 ex
2782 5414 2994 5467 unaque
3050 5399 3224 5467 lingua
3275 5396 3500 5451 Hebraia

1925 5483 2064 5524 Lxxu
2098 5470 2311 5536 linguai,
2354 5480 2411 5522 ut
2454 5469 2587 5538 ipsis
2636 5469 2873 5523 llebraiis
2904 5470 3098 5536 placet,
3148 5470 3298 5521 factre
3331 5478 3500 5521 sunt:

1922 5541 2062 5617 quod
2091 5540 2363 5619 colliguiit_
2396 5539 2720 5619 aucupium?
2755 5540 3095 5619 familiarum,
3148 5548 3286 5594 teste
3319 5545 3502 5609 Augu-

1921 5613 2084 5687 stino,
2104 5611 2206 5687 li‘b.‘
2223 5625 2309 5665 xvr
2333 5610 2400 5665 de
2428 5609 2656 5687 civitate
2676 5609 2791 5674 Dei,
2976 5612 2995 5662 l
3016 5610 3062 5664 1.

1994 5680 2149 5734 Ibid.'
2167 5680 2397 5746 Quatuor
2430 5682 2617 5734 millia.
2643 5681 2814 5735 LOCIIS
2837 5684 2921 5736 hic
2944 5683 2996 5734 in
3015 5683 3330 5750 quibusdam
3352 5686 3501 5739 inuti-

1924 5752 2030 5821 lus,
2048 5754 2141 5810 sed
2159 5754 2312 5810 facile
2333 5768 2398 5808 ex
2414 5752 2537 5809 divo
2563 5752 2909 5821 Hieronymo,
2930 5757 3071 5814 unde
3087 5755 3153 5811 ad
3178 5759 3395 5813 verbu.n
3412 5764 3501 5811 deo
