4084 6160
261 309 402 366 ιυξε

1725 305 2135 362 ςιιιιυΝιαυΝ.

3400 308 3537 366 1026

260 423 469 477 t-undus
499 417 688 482 Jacob,
721 417 812 487 qui
840 416 1248 486 cognominatas
1274 426 1356 471 est
1387 416 1565 480 Israel,
1614 433 1643 469 a
1672 434 1777 485 quo
1798 428 1849 472 et
1883 428 1928 484 Α
1959 417 2120 473 frater
2164 417 2283 487 ejus
2332 417 2481 472 Atlas
2528 417 2874 489 astrologiam
2930 422 3168 490 reperit,
3224 434 3536 493 motumque

262 512 521 568 Israelita:
542 518 670 564 sunt
695 508 1009 577 nuncupati.
1054 508 1165 562 IIoc
1188 520 1428 577 tempore
1450 521 1668 575 regnum
1701 510 1851 563 Cra:-

259 619 449 663 corum
482 603 721 667 inchoat,
756 599 848 654 ubi
879 601 1083 669 primus
1114 598 1355 668 regnavit
1381 598 1630 651 Inachus.

333 699 422 753 i5.
457 693 644 768 [3552.]
692 693 885 759 Jacob,
938 708 1201 747 annorum
1242 707 1347 757 set,
1397 691 1583 760 genuit
1624 690 1847 757 Ioseph.

264 791 360 845 llis
413 787 744 857 temporibus
810 786 1067 855 Serapis,
1126 784 1273 840 iovis
1336 784 1518 853 illius,
1572 782 1850 854 Egyptio-

262 898 382 937 rum
436 896 525 935 res
552 919 568 945 ,
614 880 891 943 moriens,
937 878 988 932 itt
1026 878 1155 932 deos
1187 876 1521 940 transfertur,
1578 885 1633 931 et
1685 876 1851 929 Mem-

263 974 383 1044 phis
428 972 616 1026 civitas
662 971 714 1024 in
768 968 1002 1039 [Egypto
1057 967 1326 1021 conditur.
1386 966 1539 1021 'I‘unc
1582 965 1720 1036 apud
1776 966 1853 1019 la-

260 1082 387 1123 cum
440 1063 773 1119 Tritonidem
810 1060 1043 1116 Minerva
1099 1061 1151 1113 in
1190 1060 1369 1128 specie
1408 1058 1648 1128 virginali
1689 1072 1852 1126 appa-

264 1158 408 1221 ruit,
461 1170 582 1224 quae
631 1154 873 1223 plurimis
931 1153 1187 1205 claruisse
1235 1149 1462 1219 ingeniis
1509 1149 1848 1218 prazdcatnr.

264 1249 391 1304 Haec
412 1248 553 1302 enim
580 1245 853 1300 inventrix
888 1243 1101 1295 iabrictn
1147 1242 1310 1295 fuisse
1356 1241 1567 1304 dicitur,
1599 1241 1845 1309 clypeum

259 1352 318 1399 et
344 1357 527 1396 arcum
558 1342 669 1393 hac
698 1338 929 1407 repet-it,
962 1336 1125 1389 ordiri
1158 1334 1318 1388 telam
1346 1342 1399 1388 et
1426 1332 1669 1387 colorare
1702 1333 1851 1384 lanas

261 1440 379 1492 lucc
396 1435 595 1488 docuit.
613 1431 890 1485 Ilacetiam
905 1437 1063 1481 aetate
1078 1427 1391 1480 Phoroneus
1407 1441 1499 1478 rex
1516 1424 1694 1478 Inachi
1712 1425 1852 1479 lilius

256 1523 481 1589 claruit,
500 1525 585 1590 qui
607 1521 808 1588 primus
828 1521 877 1571 in
898 1518 1099 1573 Graecia
1120 1518 1262 1586 leges
1281 1514 1585 1586 iudiciaque
1604 1514 1848 1568 instituit.

337 1613 423 1670 16.
472 1612 659 1689 [5545]
700 1610 898 1681 Jnseplt
931 1609 1062 1663 vixit
1087 1624 1256 1662 annos
1284 1623 1371 1664 cx.
1410 1606 1487 1661 Ex
1516 1606 1617 1661 hoc
1648 1615 1854 1671 tempo-

260 1723 322 1761 re
369 1704 573 1760 Graecia
599 1746 614 1771 ,
661 1707 802 1772 Argo
846 1710 1137 1771 regnante,
1170 1699 1369 1755 habere
1416 1707 1630 1770 segetes
1665 1699 1850 1767 erepit,

258 1799 454 1854 delatis
484 1796 696 1852 aliunde
716 1794 1031 1849 seminibus.

334 1886 522 1961 [5689]
573 1887 916 1942 Hebraeorum
976 1884 1249 1939 servitutis
1302 1885 1356 1937 in
1430 1882 1659 1953 rEgypto
1725 1883 1847 1935 anui

256 1994 417 2034 csuv
468 1988 586 2047 post
643 1977 846 2031 obitum
903 1974 1102 2045 .loseplt
1155 1973 1512 2042 reperiuntur.
1572 1973 1663 2026 llis
1715 1982 1849 2027 tem—

264 2069 482 2137 poribns
538 2067 891 2122 Prometheus
928 2064 1098 2120 fuisse
1141 2066 1423 2130 scribitur,
1457 2079 1615 2135 quem
1650 2065 1853 2133 lingunt

261 2160 459 2216 fabula:
521 2162 590 2217 de
640 2163 752 2215 luto
823 2160 1081 2213 formasse
1145 2157 1411 2213 homines.
1485 2159 1636 2213 Tunc
1688 2158 1850 2213 etiam

258 2328 337 2370 ter
364 2330 721 2385 persequemur
740 2329 758 2369 :
776 2331 917 2384 reges
933 2315 1101 2384 Argivi
1118 2314 1179 2365 ab
1200 2312 1420 2376 Inacho,
1441 2329 1602 2385 usque
1622 2312 1675 2365 in
1696 2313 1851 2369 Sthe-

258 2383 627 2449 le'ntlﬂt,ﬁiitlln
642 2383 869 2449 CrotOpi.
884 2383 1051 2451 Qiein
1066 2388 1237 2437 locum
1254 2400 1317 2438 ex
1339 2385 1525 2438 veteri.
1545 2383 1640 2436 Ms.
1660 2385 1725 2436 ita
1742 2400 1851 2439 cor-

264 2460 377 2524 rige
404 2476 415 2508 :
449 2454 628 2509 Castor
654 2458 714 2509 de
735 2456 1036 2524 Argivorum
1059 2470 1217 2524 regno
1249 2454 1321 2506 ita
1364 2454 1589 2524 (alluitur
1620 2470 1638 2507 :
1669 2470 1851 2521 perse-

258 2523 476 2597 quemur
496 2523 852 2597 consequenter
873 2542 1009 2596 rege.
1037 2523 1340 2593 Argivorum
1360 2525 1423 2577 ab
1456 2523 1665 2597 Inacho,
1693 2541 1852 2597 usque

263 2594 318 2651 in
349 2596 705 2651 Sthenelatum
729 2637 745 2661 ,
792 2604 899 2649 etc.
930 2594 1235 2648 Pausanias
1291 2597 1453 2649 etiam
1480 2635 1496 2659 ,
1545 2594 1635 2648 lib.
1671 2610 1707 2647 ιι
1749 2596 1850 2647 Co-

261 2667 514 2723 rinthiac.
578 2666 885 2719 Sthenelam
940 2666 1103 2719 lilium
1146 2665 1362 2731 CrotOpi
1409 2664 1556 2717 facit.
1624 2665 1698 2719 De
1749 2665 1851 2721 hoc

261 2742 520 2806 August.,
553 2734 643 2791 lib.
677 2750 829 2799 xvul,
879 2750 1000 2804 cap.
1047 2738 1102 2800 8,
1147 2734 1360 2789 Ctvitat.
1388 2751 1405 2789 :
1436 2734 1739 2806 Pharo/tas,
1771 2737 1851 2789 itt-

258 2805 400 2877 quit,
433 2822 525 2861 rex
544 2807 843 2877 Argivorum
872 2816 1042 2859 sextus
1074 2806 1203 2877 fuit.
1241 2817 1287 2858 et
1316 2805 1517 2877 septimi
1534 2808 1676 2877 regis
1702 2805 1852 2859 Trio-

264 2874 348 2945 pa:
370 2878 512 2945 ﬁlius
535 2874 712 2941 Jaius,
738 2886 784 2930 et
802 2892 896 2930 rea:
920 2874 1388 2933 nonusStheuelas.
1405 2876 1508 2928 sive
1521 2874 1851 2942 Stheneleus,

260 2944 379 3004 sive
396 2944 689 3013 Sthenelus,
715 2948 852 3001 varie
870 2949 1058 3018 quippe
1077 2952 1129 3000 in
1157 2946 1368 2999 diversis
1392 2946 1684 2999 auctoribus
1714 2947 1855 3000 iuve-

263 3022 426 3072 nitttr.
462 3018 582 3073 lltcc
612 3019 834 3085 August.

340 3090 431 3144 15.
472 3090 525 3143 In
551 3090 657 3143 alio
700 3088 799 3143 Ms.
827 3105 841 3141 :
871 3086 999 3141 Erat
1039 3085 1204 3140 Jacob
1250 3102 1507 3139 annorum
1554 3101 1644 3150 Ls,
1670 3101 1851 3139 verum

265 3160 548 3221 mendose,
580 3169 637 3213 ut
659 3173 724 3213 ex
756 3158 925 3213 sacris
969 3156 1158 3212 litteris
1188 3158 1464 3211 manifesta
1496 3156 1856 3223 computatio-

1953 510 2076 565 cteli
2126 520 2181 563 et
2231 510 2491 563 rationem
2543 511 2746 578 primus
2793 512 3173 565 coaside:avit.
3225 513 3376 568 Tunc
3441 517 3537 571 lttit

1952 611 2006 655 et
2054 600 2389 666 Mercurius,
2452 614 2619 668 nepos
2670 601 2897 654 Atlantis
2927 642 2941 666 ,
3003 603 3285 656 multarum
3336 607 3532 661 artimn

1954 693 2172 762 peritus.
2243 693 2349 762 72
2399 692 2465 746 Et
2525 693 2594 746 ob
2660 692 2759 747 hoc
2821 703 2940 758 post
3007 708 3230 748 mortem
3291 696 3340 747 in
3406 693 3538 752 deos

1956 784 2265 838 translatus.
2311 784 2418 837 Hac
2462 785 2621 838 etiam
2673 793 2832 838 astate
2864 785 3064 853 primus
3115 786 3390 855 Proclyttts
3419 805 3538 855 qna-

1958 875 2163 944 drigam
2187 876 2362 944 junxit
2388 916 2404 940 ,
2436 875 2734 946 eodemque
2766 887 3004 944 tempore
3039 875 3273 945 (ἔθει-ηυξ
3306 879 3537 933 Athenas

1952 966 2217 1028 condidit,
2250 976 2307 1021 et
2354 981 2418 1020 ex
2472 969 2689 1022 nomine
2726 966 2978 1021 Minerva:
3007 967 3214 1021 Atticos
3245 969 3538 1023 Athenieno

1951 1074 2041 1115 ses
2066 1060 2292 1112 vocavit.
2336 1058 2439 1113 Iste
2480 1060 2638 1113 etiam
2692 1060 2877 1112 bovem
2926 1059 3205 1112 uninolans
3248 1062 3453 1129 primus
3482 1061 3533 1114 in

1958 1148 2228 1203 sacrificio
2273 1149 2461 1216 gentili
2505 1150 2611 1202 ritu
2652 1148 2838 1202 Jovem
2871 1148 3082 1201 adorari
3113 1151 3380 1215 praecepit.
3425 1151 3537 1203 IIoc

1957 1248 2201 1307 tempore
2234 1240 2285 1293 in
2315 1239 2520 1294 Graecia
2551 1239 2840 1294 Corinthus
2870 1239 3083 1292 condita
3110 1280 3125 1303 ,
3153 1240 3329 1309 ibique
3362 1244 3535 1310 pictu-

1956 1347 2028 1385 ra:
2052 1347 2138 1385 ars
2184 1346 2215 1384 a
2260 1331 2525 1385 Cleanthe
2575 1343 2787 1399 reperta
2812 1344 2913 1384 est.
2956 1330 3105 1383 'l‘nnc
3138 1333 3290 1399 pritni
3318 1333 3541 1387 Curetes

1955 1432 2009 1478 et
2052 1422 2388 1491 Corybantes
2441 1421 2766 1475 modulatam
2818 1421 2870 1472 in
2918 1422 3084 1474 armis
3123 1421 3455 1475 saltationi-tu
3487 1432 3542 1478 t-t

1954 1531 2246 1571 consonam
2292 1516 2631 1572 invenerunt.
2692 1515 2841 1569 'I‘unc
2884 1518 3045 1569 etiam
3100 1515 3260 1570 fuisse
3290 1517 3541 1571 scribitur

1956 1609 2010 1663 in
2068 1608 2347 1663 Thessalia
2399 1608 2500 1663 sub
2553 1609 2875 1661 Deucalione
2934 1609 3129 1663 factum
3182 1609 3440 1663 diluvium
3482 1618 3539 1665 et

1960 1700 2310 1754 Phaethontis
2343 1699 2645 1754 fabulosum
2675 1700 3002 1754 incendium.

1880 1796 1928 1856 Β
2026 1791 2112 1845 t7.
2162 1788 2343 1862 [57:29]
2372 1790 2583 1859 Moyses
2607 1804 2774 1845 annos
2822 1805 2891 1844 st.
2942 1791 2993 1844 in
3036 1804 3221 1845 eremo
3258 1792 3397 1845 rexit
3449 1805 3541 1860 po-

1960 1884 2140 1953 pnlttttt
2181 1884 2248 1938 de
2299 1883 2558 1939 servimte
2606 1882 2856 1953 Egyptia
2910 1882 3213 1938 liberatum.
3254 1882 3365 1937 Iloc
3408 1892 3539 1937 tetu-

1957 1993 2086 2046 pore
2114 1976 2282 2032 Judaei
2317 1991 2410 2045 per
2450 1976 2684 2046 Moysem
2724 1976 2884 2031 simul
2913 1991 3034 2031 cum
3089 1976 3205 2046 lege
3255 1985 3309 2030 et
3339 1977 3543 2031 litteras

1956 2069 2151 2124 habere
2188 2079 2491 2138 cteperunt.
2524 2068 2675 2124 Tunc
2710 2070 2965 2138 templum
3015 2070 3234 2139 Delphis
3259 2069 3540 2125 consti.ui-

1958 2168 2073 2226 tur;
2102 2161 2225 2216 vitis
2253 2160 2306 2215 in
2336 2159 2544 2216 Grtecia
2579 2160 2869 2216 invenitur.

1954 2316 2065 2369 tibi.
2107 2316 2189 2370 Ab
2235 2316 2334 2369 hac
2362 2316 2521 2384 igitur
2561 2315 2887 2385 profectione
2917 2316 3144 2370 Abrahm
3175 2316 3242 2371 de
3273 2315 3449 2372 Haran
3482 2318 3536 2373 in

1957 2396 2160 2440 terram
2207 2388 2481 2440 Cltanaam
2511 2426 2526 2451 ,
2574 2401 2740 2455 usque
2788 2388 2852 2439 ad
2879 2389 3079 2441 exitum
3116 2386 3343 2441 filiorum
3375 2388 3536 2443 Israel

1953 2457 2023 2510 de
2066 2456 2416 2523 oppressione
2475 2468 2529 2509 et
2577 2458 2708 2510 dura
2760 2457 3013 2510 servitute
3062 2456 3385 2518 Pharaonis,
3418 2468 3542 2514 sunt

1955 2528 2081 2581 anni
2109 2543 2279 2581 cusxx
2310 2568 2324 2590 ,
2359 2538 2518 2590 atque
2549 2526 2619 2579 ita
2650 2541 2747 2581 eos
2776 2537 3055 2579 enumerat
3083 2528 3307 2592 Paulus,
3341 2530 3403 2580 ad
3437 2528 3544 2583 Ca-

1958 2598 2049 2651 lat.
2107 2612 2202 2650 ut:
2258 2598 2475 2650 Abrahw
2512 2598 2663 2650 dieue
2710 2608 2827 2649 sunt
2869 2599 3264 2665 promissiones,
3291 2610 3334 2649 et
3362 2601 3543 2654 semini

1953 2671 2088 2737 ejus,
2120 2676 2223 2719 etc.
2256 2668 2321 2720 Et
2351 2669 2506 2732 paulo
2535 2676 2652 2727 post
2679 2683 2693 2720 :
2728 2666 2843 2719 Hoc
2871 2679 3040 2719 autem
3070 2668 3185 2719 dico
3205 2685 3224 2720 :
3247 2666 3540 2722 Testamem

1955 2747 2061 2789 tum
2082 2738 2437 2804 confirmatum
2462 2753 2493 2787 rt
2526 2737 2654 2800 Deo,
2701 2753 2816 2805 qua:
2844 2750 2953 2805 post
2974 2738 3371 2807 quadringentos
3392 2748 3438 2790 et
3460 2740 3563 2793 tri»

1952 2808 2093 2877 ginta
2120 2824 2281 2860 annos
2314 2809 2449 2877 facta
2472 2818 2543 2860 est
2569 2812 2670 2861 lex.
2707 2809 2771 2859 Et
2804 2810 2971 2861 Exod.
3004 2823 3111 2861 su:
3152 2808 3419 2877 "abitalia
3444 2826 3539 2861 au-

1954 2875 2056 2931 tem
2080 2878 2306 2944 ﬁliorum
2335 2875 2501 2930 Israel
2527 2917 2553 2949 ,7
2582 2894 2685 2945 qua
2723 2890 3019 2931 manserunt
3062 2879 3113 2930 in
3143 2876 3396 2949 .Egypto,
3440 2881 3542 2949 fuit

1953 2948 2445 3017 quadringentorum
2489 2948 2700 3015 triginta
2747 2964 3038 3019 annorum,
3092 2948 3275 3018 quibus
3327 2951 3541 3019 expletis

1954 3019 2131 3071 eodem
2160 3019 2242 3070 die
2269 3033 2496 3088 egressus
2523 3027 2594 3069 est
2618 3018 2783 3071 omnis
2811 3020 3086 3072 exercitus.
3130 3020 3257 3073 lllttd
3292 3018 3419 3088 vero
3447 3023 3541 3074 ob-

1959 3089 2279 3159 servandum
2301 3087 2422 3159 post
2444 3087 2532 3140 illa
2552 3088 2732 3152 verba,
2753 3106 2855 3156 qua
2876 3100 3168 3142 manserunt
3200 3090 3251 3140 in
3276 3087 3533 3159 rEgypto,

1958 3158 2010 3210 itt
2041 3157 2240 3232 Graecis
2268 3158 2553 3232 Cotliribus
2584 3161 2811 3232 amplius
2854 3161 3114 3232 legi,__z'ai
3152 3161 3200 3232 iv
3226 3157 3537 3232 75mm,

266 3248 337 3284 ne
379 3230 665 3299 colligitur.
706 3227 839 3283 Nam
887 3227 1085 3296 Joseph
1133 3228 1202 3281 de
1242 3240 1461 3282 carcere
1502 3227 1760 3290 eductus,
1796 3234 1853 3279 ut
1881 3228 1924 3289 ς
1954 3237 2011 3281 et
2058 3228 2262 3282 notavit
2292 3231 2621 3295 Augustinus
2646 3269 2659 3289 ,
2711 3227 3109 3295 Qua-stionibus
3167 3227 3541 3294 in'Exndum,

266 3302 533 3356 Pharaoni
557 3301 697 3369 regis
711 3301 948 3353 omnium
975 3300 1705 3369 intgrpretaretur,annorui_n
1735 3304 1855 3349 erat

266 3370 485 3439 triginta
510 3411 526 3436 ,
558 3365 804 3437 princeps
834 3371 994 3423 totius
1024 3366 1243 3438 Egypti
1271 3368 1619 3433 constitutus,
1652 3365 1851 3439 Cenes.

263 3435 387 3509 cap.
418 3435 517 3495 AI.
551 3435 719 3505 Idem,
746 3435 875 3493 dum
902 3454 998 3509 per
1027 3435 1455 3509 fratrespatrem
1492 3436 1747 3509 accersiri
1767 3435 1855 3504 jn-

268 3506 383 3579 bet,
414 3526 673 3565 annorum
707 3506 1159 3580 trigintanovem.
1202 3507 1339 3580 Nam
1362 3515 1569 3574 septem
1595 3506 1663 3558 ab
1691 3520 1854 3580 expo-

265 3576 377 3636 »ιω
424 3582 637 3634 somnio
673 3576 972 3634 sterilitatis
1016 3579 1183 3640 elapsi
1234 3576 1482 3640 l'uel'ant,
1531 3586 1586 3630 et
1614 3576 1855 3631 secundo

266 3651 595 3705 abundantia
621 3650 732 3720 jam
752 3649 866 3705 fere
890 3659 1079 3720 esacto
1099 3646 1265 3703 Jacob
1293 3648 1343 3700 in
1373 3646 1660 3720 Egyptum
1686 3647 1850 3711 venit,

267 3722 471 3777 Cenes.
502 3718 699 3785 κινέει
718 3736 897 3775 coram
925 3719 1204 3772 Pharaone
1227 3719 1501 3786 respondit
1530 3718 1651 3770 sein
1674 3725 1856 3771 cente-

246 3795 412 3845 ‘simo
431 3792 706 3862 trigesimo
726 3791 897 3847 aetatis
913 3803 1055 3842 anno
1083 3791 1449 3851 constitutum,
1474 3786 1852 3862 Genes.x_t.x~u.

269 3863 326 3917 St
351 3859 528 3929 itaque
550 3860 908 3916 subducamus
925 3874 1084 3913 xxxix
1108 3872 1297 3921 annos,
1322 3872 1352 3911 a
1370 3868 1584 3929 centum
1616 3859 1850 3924 triginta,

269 3927 629 3987 remanebunt
649 3932 832 4000 utique
858 3930 1146 3996 nonaginta
1169 3940 1223 3983 et
1250 3944 1385 3982 unus
1406 3927 1553 4000 anui,
1577 3942 1712 3996 quos
1740 3942 1857 3996 age-

271 4006 366 4056 bat
392 4002 559 4057 Jacob
578 4042 592 4064 ,
624 3997 757 4055 dtnu'
782 4001 979 4068 Joseplt
1010 4000 1064 4054 in
1091 4006 1368 4054 senectute
1393 3997 1596 4066 genuit.

347 4071 486 4125 lbtd.
512 4071 745 4141 Serapis.
761 4066 1008 4126 Clemens
1032 4068 1445 4141 Alexandrinus,
1465 4067 1556 4141 l_i_b.
1580 4082 1597 4120 1
1615 4066 1815 4141 Strom.
1836 4085 1850 4121 :

272 4144 421 4221 Apis,
451 4138 655 4221 inquit,
686 4158 778 4221 rea:
809 4141 1133 4221 Argivorum,
1167 4138 1440 4221 redi/irati“
1465 4138 1763 4221 blemphim,
1801 4148 1856 4191 ut

270 4210 400 4267 dicit
430 4210 720 4279 Aristippus
743 4213 798 4265 iu
823 4210 985 4278 primo
1028 4210 1413 4279 Arcadicorum.
1455 4210 1692 4262 Arlsteas
1725 4222 1855 4261 vero

274 4286 507 4353 Argivus
536 4278 664 4337 dicit
694 4297 819 4337 eum
846 4282 1176 4353 nominatum
1203 4294 1325 4353 esse
1354 4278 1625 4353 Sarapim,
1655 4287 1710 4332 et
1730 4293 1852 4333 eum

270 4349 400 4409 esse
444 4369 599 4422 quem
666 4354 849 4407 colunt
905 4350 1165 4420 Egyptii.
1231 4349 1629 4422 ,Nimphodorns
1675 4363 1852 4422 autem

273 4419 778 4492 Ampltipolitauus,
829 4424 880 4476 in
925 4419 1080 4475 tertio
1116 4422 1182 4474 de
1228 4419 1455 4492 Legibus
1494 4426 1675 4492 Astte,
1724 4419 1855 4492 dicit

274 4490 439 4562 Apim
471 4490 673 4547 tantum
705 4502 1005 4556 mortuum,
1035 4500 1089 4545 et
1108 4490 1383 4544 conditum
1417 4490 1610 4556 loculo,
1644 4491 1733 4558 qui
1764 4498 1854 4543 Σο-

271 4568 366 4640 ρὸς
410 4564 597 4640 Graece
640 4566 858 4640 dicitur,
913 4563 1190 4640 fuisseque
1224 4571 1528 4640 reposuutu
1564 4562 1616 4612 iu
1655 4562 1853 4640 templo

272 4630 542 4688 ila-mimis
586 4634 675 4701 qui
719 4637 1025 4695 colebatur;
1059 4644 1111 4684 et
1142 4632 1265 4684 hinc
1302 4631 1628 4701 appellatum
1689 4630 1855 4701 fuisse

275 4707 521 4773 Serapim
546 4742 563 4769 ,
596 4697 649 4758 et
690 4714 869 4772 postea
914 4702 1141 4773 quadam
1173 4697 1486 4770 eorutn‘qui
1514 4697 1629 4754 illic
1654 4698 1858 4773 habita-

275 4770 823 4829 bant'consuetu‘diue
873 4772 1148 4841 Sarapim;
1180 4781 1265 4825 eSt
1307 4784 1485 4825 autem
1513 4778 1639 4837 Apis
1666 4770 1856 4823 tertius

272 4845 344 4896 ab
371 4845 588 4909 Inacho,
619 4844 706 4911 qui
738 4846 886 4897 locus
909 4843 975 4895 ad
1009 4843 1227 4895 verbum
1266 4850 1348 4894 est
1376 4843 1517 4911 apud
1547 4841 1855 4906 Eusebium,

274 4916 372 4970 lib.
433 4931 462 4969 ι
513 4910 798 4980 Praeparat.
853 4914 981 4968 Vide
1021 4912 1327 4981 Augustin.,
1371 4926 1440 4965 ex
1476 4910 1856 4981 Varron.,lio.

277 5000 435 5050 mu,
457 5000 577 5054 cap.
609 4979 664 5051 5,
696 4984 940 5047 Ctvttat.;
984 4979 1404 5054 V‘I‘aci'tumt‘lib.
1436 4996 1535 5054 ss;
1580 4989 1634 5035 et
1656 4979 1858 5054 iulium

276 5050 597 5119 I-‘trmicuin,
628 5056 678 5109 in
719 5055 932 5107 erudito
959 5053 1138 5106 libello
1164 5053 1231 5107 de
1271 5050 1537 5122 Mysteriis
1565 5061 1620 5107 et
1652 5051 1861 5105 Errori-

277 5132 378 5181 bus
404 5128 740 5194 profattaruttt
777 5123 1118 5191 religionum.

355 5190 493 5249 Ibid.
546 5196 602 5249 In
631 5204 755 5249 nota
812 5190 1019 5249 Loaisa
1062 5205 1181 5247 erat
1230 5193 1427 5248 somnio
1474 5190 1858 5247 sterilitatis...

272 5269 505 5322 secundo
529 5266 877 5319 abundamus.
910 5267 1079 5318 Aut-:v.

354 5336 447 5390 16.
487 5340 661 5407 Argus
691 5337 786 5390 fuit
811 5346 1031 5406 quartus
1059 5333 1373 5404 Argivorum
1402 5348 1526 5401 res,
1548 5332 1688 5388 Illius
1709 5330 1862 5401 Apis.

276 5406 483 5461 Euseb.
514 5409 714 5460 Cnron.

325 5409 483 5461 useb.
514 5409 714 5460 Cnron.

350 5476 498 5531 Ibid.
523 5475 812 5533 Setvitutis.
856 5472 1171 5547 Egyptiaca
1221 5472 1450 5530 servitus
1478 5473 1648 5528 tribus
1688 5472 1864 5547 modis

274 5547 562 5616 supputa-ri
593 5549 749 5610 solet,
795 5544 1077 5614 juxta—tria
1105 5546 1314 5616 diversa
1340 5555 1637 5613 temporum
1660 5614 1665 5616 ί
1687 5544 1859 5598 initis.

277 5614 467 5672 Primo
497 5618 565 5670 ab
595 5616 682 5671 illa
707 5616 1040 5671 memorabili
1068 5615 1425 5683 promissione
1446 5617 1583 5668 facta
1608 5614 1860 5681 Abrahae,

280 5687 483 5741 Cenes.
506 5702 577 5740 xtl
604 5704 616 5738 :
641 5684 896 5757 Egredere
912 5688 975 5739 de
993 5696 1129 5740 terra
1152 5694 1262 5748 tua,
1281 5695 1327 5739 et
1348 5686 1412 5738 de
1433 5686 1734 5751 cognatione
1753 5696 1861 5749 tua,

282 5770 331 5813 et
348 5763 411 5812 de
425 5759 577 5812 domo
588 5758 749 5828 patris
763 5758 855 5827 tui,
870 5769 912 5812 et
930 5758 1038 5811 veni
1059 5758 1112 5810 iu
1129 5765 1321 5811 terram
1334 5772 1492 5826 quam
1515 5762 1861 5811 monstrarem

1957 3299 2267 3363 expendens
2295 3300 2434 3351 hunc
2464 3299 2639 3352 locum
2661 3339 2677 3363 ,
2704 3300 2776 3352 ita
2817 3309 2872 3350 ut
2901 3310 3007 3351 tota
3037 3300 3124 3351 illa
3156 3300 3537 3366 peregrinatio,

1957 3366 2010 3420 in
2043 3378 2184 3422 terra
2212 3369 2485 3422 Chanaam
2510 3409 2526 3433 ,
2560 3378 2615 3423 et
2654 3368 2707 3422 in
2739 3368 2971 3437 lEgypto
3003 3369 3162 3422 fuerit
3183 3408 3198 3429 ,
3231 3384 3408 3421 coxxs
3436 3386 3538 3421 an-

1960 3452 2174 3491 norum.
2216 3438 2303 3491 Sic
2346 3438 2611 3506 Cyrillus,
2641 3446 2694 3491 et
2722 3438 3011 3505 Rupertus.
3052 3438 3296 3491 Secunda
3330 3452 3535 3507 suppu-

1956 3509 2087 3560 t-ttio
2117 3516 2198 3562 est
2242 3509 2310 3560 ab
2348 3523 2415 3577 eo
2465 3518 2702 3575 tempore
2742 3524 2848 3577 quo
2885 3508 3050 3562 Jacob
3094 3522 3215 3560 cum
3266 3508 3387 3560 filiis
3425 3508 3540 3560 suis

1956 3577 2236 3632 descendit
2267 3579 2317 3630 in
2346 3576 2637 3647 Egyptum
2663 3616 2680 3641 ,
2726 3578 2779 3632 in
2809 3594 2911 3647 qua
2937 3587 3288 3633 numerantur
3318 3578 3538 3633 ducenti

1958 3657 2014 3702 et
2034 3648 2334 3717 quindecim
2363 3653 2509 3701 anni.
2550 3648 2731 3703 Tertia
2780 3662 2834 3702 et
2875 3660 3143 3717 postrema
3184 3663 3212 3701 a
3250 3660 3422 3703 morte
3448 3648 3542 3700 ιε.-

1956 3721 2109 3785 seph,
2153 3734 2260 3788 quo
2287 3721 2520 3784 sublato,
2554 3717 2653 3772 fuit
2681 3734 2804 3774 vera
2837 3720 2923 3772 illa
2951 3730 3003 3772 et
3032 3733 3257 3783 onerosa
3282 3720 3542 3788 servitus,

1957 3803 2061 3857 qua
2089 3804 2221 3857 gens
2244 3788 2464 3843 Hebraea
2496 3791 2863 3843 exactionibus
2885 3830 2899 3853 ,
2934 3789 3164 3858 injuriis,
3212 3792 3545 3856 persecutio-

1958 3860 2220 3928 nibusque
2250 3860 2426 3912 omnis
2455 3861 2672 3927 generis
2700 3871 2856 3912 atrtta
2881 3900 2897 3924 ,
2930 3859 3139 3912 tandem
3170 3860 3353 3911 divino
3383 3862 3545 3912 bene-

1958 3929 2081 3982 licio
2106 3969 2121 3993 ,
2167 3931 2305 3983 duce
2352 3930 2556 3998 Moyse,
2586 3930 2636 3981 iu
2668 3930 2970 3983 libertatem
2993 3939 3195 3981 asserta
3224 3939 3327 3983 est.
3367 3930 3540 3982 Dura-

1957 3999 2137 4067 vitque
2178 4015 2276 4065 per
2318 4015 2487 4053 annos
2533 4014 2709 4061 cxuv,
2770 4012 2828 4052 ut
2872 4000 3135 4063 colligunt
3184 3998 3445 4052 Eusebius
3484 4000 3541 4053 in

1957 4069 2244 4133 Chronico,
2279 4074 2604 4135 Augustinus
2624 4111 2639 4133 ,
2682 4072 2773 4123 lib.
2801 4073 2869 4124 de
2899 4068 3108 4123 Civitat.
3145 4084 3257 4134 xvi,
3288 4084 3416 4139 cap.
3447 4071 3539 4135 45,

1954 4151 2008 4195 et
2036 4141 2419 4205 quaestionibus
2446 4143 2497 4193 in
2524 4140 2785 4193 Exoduut.

2026 4207 2167 4263 Ibid.
2194 4208 2553 4263 Prometheus.
2575 4211 2825 4263 Clemens
2853 4206 3200 4265 Alexandrin.
3227 4208 3320 4265 lib.
3347 4225 3361 4263 I
3386 4209 3543 4264 Stro-

1957 4290 2087 4333 mat.
2116 4297 2130 4333 :
2156 4279 2406 4349 Tempore
2438 4279 2629 4346 Piropa
2663 4280 3016 4341 Prometheus.
3049 4290 3097 4333 et
3128 4279 3298 4343 Atlas,
3330 4290 3379 4334 et
3418 4280 3549 4349 Epi-

1958 4351 2202 4404 metheus.
2232 4351 2498 4404 Eusebius
2519 4365 2549 4402 a
2588 4351 2904 4404 Prometheo
2923 4358 2993 4402 ob
3023 4351 3071 4402 id
3097 4350 3341 4405 homines
3373 4352 3544 4404 factos

1958 4420 2120 4475 fuisse
2149 4420 2411 4475 creditum
2444 4423 2549 4486 ait,
2604 4422 2765 4489 quod,
2797 4436 2917 4474 cum
2948 4429 3093 4473 esset
3119 4422 3333 4488 Sapiens
3355 4460 3370 4481 ,
3419 4423 3545 4474 feri-

1959 4498 2120 4544 tatem
2153 4505 2340 4544 eorutn
2370 4500 2428 4545 et
2449 4490 2664 4544 nimiam
2697 4492 3016 4558 imperitiam
3047 4494 3111 4544 ad
3155 4491 3542 4544 humanitatem

1958 4572 2012 4614 et
2033 4561 2311 4615 scientiam
2346 4564 2766 4631 transliguraret.
2802 4562 2945 4615 Idem
2976 4566 3226 4629 August.,
3266 4561 3358 4615 ltb.
3397 4575 3549 4625 xvut,

1957 4647 2076 4694 cap.
2104 4633 2159 4694 8,
2185 4631 2401 4686 Civitat.

2027 4649 2544 4772 iiiit'.°i>‘i.i:i§ius.,
2576 4704 2681 4767 al.,
2729 4697 3018 4764 Procellus,
3060 4699 3357 4765 Trochilus,
3387 4708 3549 4770 atque

1958 4775 2120 4843 etiam
2153 4774 2413 4843 Arogilus.

2034 4839 2171 4897 Ibid.
2229 4839 2325 4897 His
2353 4843 2658 4912 temporibus
2692 4839 3046 4912 Prometheus,
3073 4849 3177 4897 etc.
3209 4840 3343 4896 Vide
3368 4839 3550 4896 Rade-

1960 4928 2100 4977 rum,
2133 4915 2199 4967 ad
2229 4910 2544 4979 Martialem,
2571 4927 2690 4981 pag.
2722 4910 2811 4965 53.
2844 4912 3018 4965 Aasv.

2041 4986 2129 5039 17.
2160 4985 2369 5039 Primus
2400 4984 2696 5037 litterarum
2725 4982 2974 5035 inventor
3003 4981 3170 5037 fertur
3191 4982 3357 5037 fuisse
3377 4981 3552 5035 Taau—

1970 5063 2075 5117 tus,
2111 5066 2247 5111 teste
2294 5055 2543 5119 Eusebio,
2573 5053 2666 5106 lib.
2698 5066 2736 5120 ι,
2769 5066 2890 5121 cap.
2922 5053 2976 5117 7,
3016 5051 3311 5121 Praeparat.
3351 5053 3548 5105 Verum

1969 5125 2135 5186 idem,
2168 5128 2262 5179 ltb.
2299 5143 2350 5189 ι,
2384 5125 2572 5190 probat
2621 5124 2688 5176 ab
2733 5122 2971 5177 Hebrteis
3012 5132 3464 5193 repertamessr,
3495 5134 3551 5178 et

1972 5204 2311 5264 propagatant
2349 5195 2646 5249 litterarum
2666 5192 3089 5264 inventionem.
3114 5192 3257 5247 Idem
3288 5192 3553 5260 Isidorus,

1974 5263 2066 5320 lib.
2105 5268 2407 5336 Etytnolog.
2439 5282 2476 5329 ι,
2506 5278 2627 5333 cap.
2657 5263 2726 5329 5;
2769 5263 3016 5336 Iliorum,
3051 5265 3256 5333 pra-fat.
3287 5266 3353 5336 in
3386 5264 3553 5318 libros

1972 5334 2211 5404 Regntn';
2242 5334 2538 5397 Theodor.,
2582 5349 2746 5402 super
2783 5334 2980 5389 Cenes.
3028 5348 3144 5402 cap.
3181 5348 3213 5387 ν
3237 5374 3253 5400 ,
3283 5335 3337 5387 in
3365 5335 3496 5404 illud
3533 5348 3550 5389 :

1968 5403 2357 5474 Ambulavt‘tque
2397 5422 2514 5460 cum
2558 5403 2700 5470 Deo,
2738 5412 2791 5457 et
2832 5420 2932 5475 non
2965 5404 3236 5475 apparuit,
3268 5404 3337 5459 de
3363 5403 3553 5475 ,Enoch

1969 5478 2141 5546 inquit
2162 5473 2303 5546 quod
2336 5477 2541 5545 primus
2561 5477 2767 5530 litteras
2792 5474 3000 5541 didicit,
3032 5473 3086 5531 et
3109 5475 3315 5545 primus
3343 5473 3553 5529 descri-

1968 5559 2074 5617 psit
2101 5549 2343 5601 caelestia
2376 5548 2550 5616 signa.

2040 5616 2179 5671 Ibid.
2222 5615 2473 5683 Mellitus,
2504 5626 2560 5672 et
2607 5616 2696 5671 alii
2752 5616 2923 5671 at.“
2959 5615 3172 5687 Delphis
3207 5617 3553 5681 comtruitur,

1968 5688 2304 5745 ιασειιεειιιοη
2324 5691 2567 5760 creditur,
2594 5689 2734 5755 vitis,
2756 5697 2860 5745 etc.
2893 5688 3084 5744 Διεν..
