4084 6160
376 291 507 345 ίθ-ίί

1805 277 2202 340 Ωιιιιυλιαυκ,

3501 272 3636 329 {Oti

375 415 500 454 aere
532 398 823 463 ferebatur,
849 397 1130 466 adjnraute
1150 409 1242 450 eos
1262 396 1437 459 Petro,
1457 408 1550 462 per
1579 391 1765 457 Deum,
1789 390 1954 444 Paulo
1986 397 2028 449 Α
2065 397 2123 443 ιιι
2154 389 2352 442 nulloin
2398 391 2615 442 omnino
2661 388 2890 454 puniret,
2939 388 3029 441 sed
3079 389 3348 442 convictos
3380 389 3638 443 adici-sus

374 505 501 545 vero
533 497 720 544 orante
744 530 758 554 ,
814 488 1066 542 dimissus
1098 487 1322 555 crepuit.
1367 484 1447 538 0b
1490 481 1642 553 cujus
1697 495 1881 534 necem
1919 494 1949 532 a

377 584 590 637 Nerone
632 583 819 636 Petrus
870 580 1199 650 crucifigitur
1225 620 1240 646 ,
1294 577 1486 631 I‘aulus
1508 573 1684 644 gladio
1708 571 1950 626 czeditur.

379 677 487 731 Hac
532 683 850 744 tempestate
915 673 1128 726 Persius
1187 679 1343 739 poeta
1412 669 1656 722 moritur.
1706 665 1954 718 Lucanus

379 782 587 839 quoque
617 780 680 821 ac
708 765 911 820 Seneca
945 771 1210 833 praecepto
1239 761 1463 817 Neronis
1495 756 1907 814 interficiuntur.

447 861 534 914 7t.
591 855 777 932 [59.76]
827 855 1183 925 Vespasianus
1231 863 1421 923 regnat
1463 850 1618 905 annis
1656 865 1716 904 ι.
1769 847 1871 902 Iste
1902 848 1955 900 in

380 951 656 1020 disciplina
707 947 920 1002 militari
969 957 1215 1000 strenuus
1243 945 1354 1014 89
1381 943 1573 996 multas
1619 938 1955 1010 provincias,

386 1040 686 1110 quas-Nero
727 1039 1016 1102 amiserat,
1061 1035 1311 1091 bellando
1343 1030 1671 1100 lteipublica:
1703 1028 1956 1083 restituit.

388 1133 673 1186 Immemor
699 1131 1022 1184 offensarum
1053 1126 1185 1191 fuit,
1218 1123 1460 1179 convicia
1488 1123 1542 1177 in
1573 1135 1632 1176 se
1657 1121 1799 1174 dicta
1831 1120 1960 1173 levi-

391 1232 471 1277 ter
520 1223 660 1275 tulit.
707 1220 875 1287 llujus
928 1216 1162 1274 secundo
1191 1228 1333 1268 anno
1360 1211 1519 1267 Titus
1570 1210 1958 1279 Jeresolymam

390 1315 528 1384 cepit
575 1323 734 1382 atque
766 1310 1046 1375 subvertit,
1080 1307 1166 1361 ubi
1218 1305 1469 1362 undecies
1513 1310 1738 1357 centena
1796 1301 1956 1354 millia

391 1407 692 1460 littlmoruttt
726 1401 866 1456 fame
895 1410 947 1455 et
991 1387 1166 1470 gladio
1209 1399 1502 1464 perierunt.
1534 1393 1637 1449 Sed
1668 1402 1725 1447 et
1770 1401 1962 1461 pra-ter

393 1499 488 1551 hos
527 1509 740 1563 quoque
768 1493 980 1545 Centum
1001 1489 1162 1543 millia
1189 1487 1396 1557 pub‘lice
1418 1483 1739 1540 venundata.

459 1584 546 1639 72.
595 1581 780 1658 [5278}
815 1581 966 1636 Titus
1014 1589 1199 1650 regnat
1244 1577 1398 1632 annis
1443 1591 1515 1630 st.
1561 1574 1662 1630 Iste
1719 1575 1771 1628 in
1812 1582 1960 1627 utra-

393 1692 497 1745 que
551 1677 723 1744 liugoa
753 1682 901 1727 tanto
950 1669 1354 1726 facundissimus
1409 1667 1630 1731 exstitit,
1677 1673 1735 1720 ut
1778 1680 1965 1719 causas

2059 495 2120 536 se
2161 480 2546 549 conjuraliouis
2575 480 2883 540 dimitteret,
2920 490 3077 545 atque
3118 478 3169 531 iit
3200 479 3385 531 eadent
3417 479 3638 530 familia-

2060 571 2218 626 ritate
2244 587 2348 641 qua
2376 583 2530 624 antea
2564 571 2819 624 habuerat
2861 571 3132 623 retineret.
3170 567 3331 637 Hujus
3361 569 3518 622 etiam
3550 567 3641 620 in-

2061 673 2141 718 ter
2169 663 2343 716 omnia
2374 663 2468 716 fuit
2500 662 2627 716 illud
2656 662 2867 718 celebre
2912 661 3109 714 dictum
3139 678 3150 711 :
3189 661 3471 727 perdidisse
3503 658 3643 712 diem

2059 770 2154 826 quo
2185 754 2313 808 niftil
2341 754 2454 807 boni
2482 755 2691 824 fecerat.

2129 846 2240 917 90
2262 846 2349 902 7‘5.
2380 843 2565 917 [5294]
2593 843 2941 909 Domitianus,
2962 843 3120 897 frater
3144 843 3269 908 T.ti,
3291 853 3473 912 regnat
3495 846 3645 895 auus

2063 953 2171 992 xvi.
2237 939 2330 991 llic
2381 946 2500 1006 post
2543 937 2806 992 Neronem
2848 937 3150 1000 set-nudus,
3195 935 3443 1004 superbia
3486 950 3642 988 exse-

2064 1026 2300 1094 crabilis,
2327 1026 2496 1081 Deum
2539 1042 2599 1082 se
2646 1026 2900 1096 appellari
2947 1027 3124 1094 jussit,
3165 1025 3494 1078 Christianus
3526 1041 3641 1092 pcr-

2065 1121 2216 1188 seqni
2275 1121 2491 1190 paganis
2539 1120 2788 1175 instituit.
2858 1119 2969 1174 Sub
3013 1135 3115 1188 quo
3159 1117 3430 1186 apostolus
3486 1116 3646 1170 Joan-

2071 1225 2168 1265 nes
2194 1211 2245 1264 in
2279 1211 2530 1265 [’atltnzos
2555 1212 2781 1266 insulam
2809 1212 3094 1279 relegatus,
3123 1209 3476 1280 Apocalypsin
3510 1209 3646 1262 scri-

2069 1301 2190 1372 psit.
2227 1301 2332 1356 Istc
2359 1302 2556 1379 multos
2584 1312 2890 1356 senatorum
2926 1304 2976 1354 in
3007 1302 3253 1357 eXsiliutn
3279 1303 3420 1354 misit
3446 1318 3504 1354 ac
3533 1318 3653 1369 per-

2066 1396 2228 1460 emit;
2275 1405 2498 1449 cunctos
2547 1411 2758 1464 quoque
2799 1397 2887 1463 qui
2947 1398 3013 1447 de
3055 1409 3250 1464 genere
3291 1394 3452 1448 David
3498 1403 3651 1448 erant

2069 1484 2294 1540 interfici
2318 1483 2503 1554 jussit,
2542 1496 2601 1539 ut
2628 1485 2804 1540 nullus
2830 1485 3138 1540 induant-um
3171 1500 3233 1539 ex
3263 1485 3426 1554 regali
3456 1499 3643 1552 Supero

2069 1589 2215 1634 esset
2243 1579 2473 1650 origine.

2141 1675 2229 1726 7i.
2263 1673 2448 1746 [5293]
2485 1673 2655 1729 Nerva
2686 1684 2869 1746 regnat
2895 1689 3035 1728 anno
3079 1690 3115 1728 ι.
3168 1674 3258 1728 Vir
3288 1672 3511 1741 imperio
3544 1690 3651 1726 ino-

394 1767 577 1822 Latine
604 1773 804 1837 ageret,
840 1772 1082 1834 poemata
1111 1775 1164 1818 et
1195 1759 1479 1832 tragoedias
1522 1759 1710 1814 Gra-ce
1750 1772 1964 1825 compo-

2082 1766 2316 1832 ietatus,
2354 1767 2611 1837 aequalem
2654 1783 2711 1820 se
2753 1778 2805 1820 et
2848 1782 3184 1822 communem
3229 1765 3478 1820 omnibus
3518 1781 3652 1833 pra--

393 1869 574 1922 m-ret;
608 1868 754 1913 tanto
797 1865 972 1911 autem
1005 1852 1445 1910 bellicosissimus
1477 1851 1596 1916 fuit,
1630 1859 1686 1903 ut
1715 1849 1768 1903 in
1800 1864 1970 1918 oppu-

392 1953 643 2021 gnatione
671 1950 1148 2020 Jerosolymorum,
1177 1948 1278 2001 sub
1335 1956 1483 2015 patre
1533 1944 1798 2009 militans,
1840 1943 1974 1997 duo-

393 2046 565 2098 decim
617 2052 1036 2114 propugnatores
1077 2039 1356 2096 duodecim
1410 2041 1722 2108 sagittarum
1781 2038 1970 2093 confo-

397 2138 549 2188 tleret
592 2134 801 2188 ictibus.
835 2132 1001 2187 Porro
1050 2130 1099 2184 in
1132 2129 1354 2199 imperio
1381 2137 1540 2182 tanta:
1570 2129 1824 2183 bonitatis
1855 2130 1970 2195 fuit,

404 2247 659 2301 habuisse
687 2243 1124 2300 consuetudinem
1172 2257 1292 2296 cum
1323 2252 1490 2295 matre
1518 2241 1802 2308 Agrippina
1826 2281 1840 2303 ,
1877 2239 1972 2293 sed

398 2334 518 2371 cum
542 2321 641 2370 alia
664 2319 786 2370 huic
807 2317 986 2376 simili,
1003 2315 1066 2366 ad
1090 2329 1244 2380 quam
1265 2313 1527 2374 alludens,
1544 2312 1752 2364 dicebat
1771 2325 1830 2364 se
1851 2325 1972 2364 cum

402 2397 572 2441 ntatre
600 2386 1038 2440 consuetudinem
1084 2385 1298 2438 habere.
1333 2384 1406 2436 De
1433 2391 1616 2436 matrs
1643 2390 1812 2436 uiuite
1841 2380 1971 2434 Dion

401 2459 617 2525 copiose
644 2468 695 2509 et
723 2455 1032 2511 Suezonius.

483 2529 614 2581 lbid.
646 2528 953 2582 Sororem...
984 2525 1163 2581 Simon
1189 2522 1393 2594 Mngus.
1425 2522 1497 2576 Ita
1547 2521 1766 2594 Niceplt.
1791 2521 1883 2575 lib.
1913 2536 1971 2586 It,

403 2615 524 2664 cap.
553 2596 644 2651 56.
673 2598 1086 2665 Chrysostomus
1118 2597 1206 2648 lib.
1239 2593 1542 2665 (adversus
1587 2593 1973 2665 vituperatores

405 2661 527 2721 vitse
570 2661 895 2720 tuonast'cte.
944 2666 1046 2718 lies
1067 2675 1244 2733 gestas
1270 2664 1412 2718 Petri
1437 2679 1556 2718 cum
1578 2663 1794 2717 Simone
1822 2661 1975 2732 Mago

408 2738 727 2804 conscripsit
759 2739 916 2790 Linus
944 2735 1209 2790 Tltuscus.

484 2801 857 2862 lbidJSeneca.
886 2806 1055 2859 Mores
1077 2818 1129 2860 et
1153 2813 1376 2859 tnui-tem
1393 2803 1614 2859 Seneca:
1635 2801 1702 2856 ita
1725 2803 1977 2857 describit

411 2878 544 2932 Dion
579 2879 628 2930 in
669 2880 892 2940 Nerone,
925 2877 1104 2929 nescio
1133 2893 1196 2927 :nt
1223 2891 1367 2938 vere,
1409 2883 1462 2928 et
1491 2885 1714 2941 utraque
1745 2873 1976 2927 maxime

407 2951 575 3003 aliena
594 2948 753 3000 l'uiSse
768 2965 793 2998 a
811 2948 923 3000 viro
942 2947 1255 3015 philoSOplto
1271 2944 1476 3015 (refert)
1492 2963 1503 2994 :
1521 2943 1647 2997 Cum
1663 2945 1798 2996 enim
1812 2954 1979 3013 tyran-

408 3020 596 3075 nidem.
615 3017 809 3085 inquit,
828 3018 1154 3084 improbaret,
1176 3017 1380 3086 tyranni
1403 3024 1820 3083 pru‘ceptorerat;
1838 3030 1979 3086 cum-

406 3105 506 3155 que
525 3090 788 3141 insultaret
819 3089 880 3140 iis
901 3090 1128 3158 quicum
1158 3085 1467 3157 principibus
1494 3093 1834 3158 uersarentur,
1870 3085 1979 3152 ipse

408 3177 442 3209 ιι
467 3160 656 3220 palatio
671 3173 772 3210 non
795 3156 1062 3210 decedebat
1086 3156 1462 3210 russentatores
1486 3156 1844 3216 detestabatur,
1863 3171 1980 3208 cum

410 3231 522 3295 ipse
543 3230 740 3297 reginas
767 3231 952 3281 coleret
981 3238 1026 3281 et
1045 3227 1282 3291 libertos;
1305 3227 1482 3279 diuites
1511 3225 1907 3293 reprehendebat
1937 3227 1980 3278 is

409 3302 563 3370 cujus
591 3301 858 3366 (ncultates
877 3307 1030 3370 erant
1059 3313 1330 3370 aureorum
1358 3299 1523 3370 tricies
1549 3305 1756 3348 centena
1779 3297 1940 3370 millia
1965 3311 1984 3348 .'

411 3366 600 3437 quique
628 3371 809 3423 luxum
833 3369 1054 3421 aliorum
1083 3368 1356 3420 damnabat
1376 3407 1389 3427 ,
1429 3368 1728 3435 quingentos
1752 3366 1982 3437 tripodas

412 3435 591 3492 imbuit
618 3440 682 3492 de
711 3441 850 3507 ligno
880 3441 1087 3492 cedrino
1111 3477 1125 3501 ,
1171 3437 1385 3503 pedibus
1415 3437 1646 3507 eburneis
1670 3477 1683 3495 .
1716 3435 1907 3488 similes
1936 3445 1982 3488 et

418 3527 566 3575 pares
589 3511 719 3562 inter
740 3506 814 3570 se,
839 3512 888 3560 in
911 3510 1089 3576 quibus
1113 3509 1361 3561 caenabat.
1388 3506 1623 3560 Mortuus
1649 3507 1864 3574 denique
1885 3515 1978 3570 est,

414 3589 590 3633 contra
609 3597 755 3643 quam
777 3580 1141 3650 philosophum
1160 3579 1384 3646 decebat,
1407 3594 1580 3630 animo
1607 3577 1806 3647 abjecto
1833 3587 1986 3647 atque

412 3650 688 3703 imbecillo.

491 3722 580 3774 7i.
613 3725 750 3775 Ante
781 3719 1161 3789 Vespasianum
1184 3722 1582 3790 imperaverunt
1615 3718 1802 3790 Galba,
1845 3716 1985 3790 Otho

413 3800 471 3844 ct
502 3792 743 3845 Vitellius
774 3788 968 3843 annum
994 3808 1186 3855 unum,
1223 3788 1392 3844 triens.
1430 3806 1504 3854 ix,
1537 3800 1675 3844 teste
1702 3788 1936 3842 Eusebio
1967 3805 1981 3840 :

416 3864 505 3929 qui
540 3875 815 3930 propterea
843 3861 978 3915 forte
1010 3864 1168 3915 etiam
1198 3866 1265 3915 ab
1305 3862 1512 3915 Isidoro
1538 3862 1860 3912 omittuntur
1884 3900 1899 3924 ,
1931 3868 1983 3912 et

418 3934 487 3982 ab
511 3932 706 3986 Otosio
731 3972 745 3997 ,
784 3934 921 4000 quod
969 3934 1286 3986 Plutarchus
1336 3933 1386 3985 in
1414 3931 1577 3985 Galba
1612 3931 1710 3982 hos
1741 3939 1976 4000 nontam

420 4003 642 4055 ltomani
671 3997 876 4069 ittiperii
900 4017 1053 4071 quam
1077 4003 1356 4057 commdia:
1380 3999 1674 4071 cojuspiam
1701 3999 1863 4053 fuisse
1885 3997 1982 4052 im-

425 4082 699 4138 peratores
726 4073 947 4126 scribat.
980 4074 1059 4125 Ex
1092 4072 1258 4126 Dione
1298 4073 1465 4127 Galba
1499 4071 1776 4138 imperavit
1811 4084 1981 4124 mens.

417 4159 492 4205 εκ,
523 4143 638 4196 όὶυς
683 4143 766 4196 15.
802 4139 942 4195 Otho
985 4144 1100 4195 dies
1128 4159 1216 4198 xc.
1272 4141 1512 4197 Vitellius
1554 4155 1750 4194 annum
1783 4155 1943 4193 unum
1971 4179 1986 4205 ,

417 4215 561 4267 dieb.
589 4215 773 4267 decem
799 4216 1056 4280 exceptis.
1079 4212 1152 4267 Ex
1168 4213 1442 4271 Clemente
1458 4227 1602 4275 vero,
1624 4212 1788 4266 Galba
1814 4224 1985 4264 mens.

419 4299 514 4342 vti,
553 4285 667 4336 dies
710 4300 782 4337 vi.
823 4286 961 4337 Otho
1010 4299 1181 4338 mens.
1225 4299 1276 4347 ν,
1332 4284 1474 4338 diettt
1530 4298 1712 4349 unum,
1750 4281 1990 4335 Vitellius

425 4369 599 4407 nti-ns.
625 4371 714 4416 vit,
747 4356 886 4406 diem
919 4370 1102 4406 unum.

495 4423 632 4479 Ibid.
653 4425 830 4477 Annis.
852 4439 906 4477 ιι.
926 4425 1204 4486 Eusebius,
1221 4422 1502 4489 Nicephnr.
1525 4420 1824 4477 Clirooicon
1841 4419 1988 4475 Grie-

418 4512 564 4561 cntn,
584 4497 994 4549 ethssiodorus
1016 4511 1140 4548 ann.
1162 4509 1237 4557 ιιι,
1257 4510 1426 4548 mens.
1448 4509 1518 4556 si,
1544 4493 1687 4547 dieb.
1713 4508 1840 4546 uti.
1865 4493 1986 4560 Epi-

421 4566 784 4633 phaniusann.
803 4581 874 4628 ix,
895 4582 1064 4619 tuens.
1086 4580 1176 4629 vn,
1195 4566 1339 4619 dieb.
1362 4579 1455 4617 sit.
1475 4565 1604 4616 Dion
1627 4579 1754 4616 anu.
1772 4580 1824 4627 ιι,
1844 4563 1988 4616 dieb.

420 4650 518 4689 sex
555 4637 729 4688 minus
754 4653 765 4687 :
799 4640 875 4689 sic
897 4645 949 4686 et
968 4635 1226 4699 Zottaras,
1255 4636 1474 4687 Orosius
1499 4649 1639 4686 nono
1667 4635 1992 4702 p:incipatus

421 4721 566 4759 anno
592 4706 852 4773 profluvio
882 4721 1146 4759 mortuum
1170 4706 1378 4759 scribit.
1403 4704 1764 4758 Tertullianus
1795 4706 1868 4757 ait
1897 4721 1992 4756 at.-

421 4778 506 4830 t.is
541 4792 590 4830 st
613 4791 884 4842 regnasse.
906 4777 1179 4830 Cedreuus
1209 4775 1366 4828 annis
1392 4792 1442 4839 κ,
1475 4774 1622 4828 dieb.
1658 4789 1771 4826 vui.

495 4845 638 4901 Ibid.
695 4845 964 4912 Undecies,
1005 4859 1108 4901 etc.
1140 4849 1231 4901 Sic
1276 4847 1532 4899 Eusebius
1564 4862 1577 4896 :
1609 4843 1776 4910 Titus,
1807 4843 1995 4897 Juda‘a

421 4929 569 4985 rapta
599 4927 644 4970 et
666 4915 999 4987 Jerosolymis
1027 4919 1270 4971 subuersis
1289 4959 1302 4980 ,
1329 4925 1563 4969 sexcenta
1582 4915 1744 4967 millia
1771 4918 1995 4968 virorum

418 4989 707 5054 interfecit;
733 4989 995 5056 .losepltus
1028 5005 1150 5042 vero
1173 4989 1356 5042 scribit
1373 4987 1621 5039 undecies
1644 4997 1864 5039 centena
1885 4987 1995 5039 titil-

423 5059 492 5111 lia
538 5059 678 5112 fame
718 5070 770 5111 et
813 5061 990 5126 gladio
1040 5059 1281 5127 periisse,
1333 5069 1386 5111 et
1429 5057 1530 5109 alia
1579 5065 1791 5127 centum
1835 5057 1996 5111 millia

421 5131 764 5189 captivorum
808 5125 1015 5195 publice
1041 5125 1339 5183 venundata
1364 5145 1378 5191 ;
1408 5129 1518 5179 luce
1551 5125 1854 5184 Eusebius,

491 5197 634 5254 Ibid.
666 5199 789 5252 Post
810 5200 1070 5253 Neronem
1117 5209 1171 5253 et
1198 5211 1320 5252 ante
1353 5197 1758 5265 Vespasianum,
1791 5195 1842 5250 iit
1868 5212 1998 5251 non-

423 5272 588 5322 nullis
617 5269 742 5323 Mss.
778 5270 1030 5324 inseritur
1064 5288 1075 5322 :
1115 5289 1134 5323 ι
1178 5272 1305 5323 .f’ost
1335 5268 1782 5322 NeronemGalbn
1807 5284 1996 5338 regna-

423 5342 496 5392 vit
523 5342 796 5393 mensibus
823 5340 874 5392 4.
909 5343 1129 5394 Occsus
1156 5351 1240 5394 est
1286 5342 1336 5393 in
1366 5340 1500 5393 foro.
1551 5341 1730 5391 Itonia:
1757 5342 1880 5392 Otto
1911 5357 1998 5393 re-

423 5411 814 5479 gnavitdiebus
841 5426 958 5465 ccv.
996 5411 1133 5465 Vixit
1169 5412 1325 5465 annis
1356 5425 1560 5463 xxxvii.
1591 5410 1706 5478 Ipse
1730 5425 1787 5461 se
1831 5411 2000 5464 inter-

425 5483 550 5534 fecit
574 5481 628 5534 iit
665 5481 809 5535 Italia
839 5483 976 5548 apud
1008 5483 1286 5535 libraicunt
1328 5481 1472 5552 (sic).
1517 5479 1757 5552 Vitellius
1811 5496 2002 5548 regna-

428 5553 500 5603 vit
555 5553 825 5606 mensibus
881 5564 1021 5606 octo.
1089 5554 1228 5606 Vixit
1281 5551 1434 5606 annis
1491 5566 1612 5608 ωιι.
1653 5551 1875 5605 Occisus
1921 5561 2003 5606 cst

424 5638 453 5673 a
491 5623 796 5691 Vespasiani
826 5621 1068 5676 ducibus.
1103 5641 1121 5673 ι
1163 5626 1331 5676 Αιιιςν.

499 5695 586 5745 72.
630 5694 789 5746 Annis
835 5709 891 5746 ιι.
923 5699 1182 5747 Suetonio
1211 5703 1263 5745 et
1297 5691 1445 5745 Dioni
1482 5694 1726 5762 regnavit
1763 5692 1912 5745 annis
1942 5708 1999 5756 ιι,

431 5765 701 5819 mensibus
725 5766 964 5830 totidem,
983 5763 1168 5820 diebus
1197 5779 1284 5818 xx.
1314 5765 1540 5818 Eusebio
1562 5764 1714 5820 annis
1740 5779 1795 5832 tt,
1828 5779 1998 5820 mens.

2076 1858 2207 1911 bnit.
2244 1858 2411 1928 Hujus
2459 1867 2696 1929 tempore
2745 1859 2974 1913 Joannes
3019 1858 3292 1926 apos:olus
3352 1860 3418 1911 ab
3469 1859 3657 1912 exsilio

2079 1949 2344 2018 Ephesum
2377 1950 2552 2015 rediit,
2579 1963 2736 2020 atque
2765 1948 3084 2020 efﬂagitatas
3111 1950 3177 2003 ab
3209 1949 3347 2006 Asize
3370 1949 3652 2018 episcipis,

2079 2041 2421 2112 Evangelium
2453 2042 2773 2096 novissimus
2803 2043 2985 2098 edidit.

2149 2135 2238 2189 75.
2280 2133 2465 2209 [53H]
2505 2135 2768 2204 'l‘raj:inus
2813 2145 2995 2205 regnat
3039 2133 3194 2188 anuis
3244 2148 3352 2187 xix.
3397 2134 3501 2188 Iste
3553 2135 3657 2187 mi-

2073 2258 2191 2298 vnt.
2219 2245 2441 2311 Eutrop.
2465 2259 2590 2298 ann.
2619 2259 2676 2310 ιι,
2698 2257 2992 2303 mens.vtu,
3011 2241 3198 2296 diebus
3218 2257 3308 2297 xx.
3333 2241 3658 2308 Nicepltoro,

2076 2314 2422 2381 Cassiodoro,
2452 2316 2604 2369 Beda:
2626 2326 2678 2369 et
2702 2315 2839 2380 aliis,
2864 2315 3016 2367 anuis
3036 2329 3091 2376 Il,
3113 2328 3281 2366 tuens.
3311 2328 3367 2364 ιι.
3395 2312 3657 2378 Epipltan.

2077 2401 2204 2438 ann.
2247 2401 2319 2444 ιι.
2372 2401 2545 2440 mens.
2581 2400 2649 2448 ιι,
2683 2385 2871 2438 diebus
2914 2398 2971 2450 ιι,
3015 2398 3135 2436 cum
3193 2383 3393 2436 Isidoro
3440 2383 3663 2436 Ut'ositts

2077 2454 2206 2509 facit
2251 2457 2342 2510 lib.
2395 2472 2487 2510 VII.
2521 2455 2758 2508 Zonaias
2788 2458 2936 2521 ponit
2964 2469 3133 2508 annos
3169 2455 3302 2508 duos
3330 2470 3426 2508 sex
3474 2453 3662 2508 diebus

2077 2529 2274 2580 m'nus.
2303 2527 2578 2581 Cedrenus
2608 2541 2731 2578 ann.
2766 2540 2843 2578 ιιι.

2149 2595 2290 2650 Ibid.
2311 2598 2598 2650 duodecim.
2617 2595 2748 2649 Dion
2769 2595 2818 2647 in
2840 2595 2994 2662 hujus
3008 2593 3124 2647 Vita
3143 2610 3154 2646 :
3172 2592 3338 2657 Titus,
3357 2593 3545 2662 inquit,
3566 2611 3665 2645 non

2085 2668 2236 2720 modo
2268 2678 2580 2732 renatorem,
2613 2666 2839 2733 quandiu
2884 2666 3229 2732 principatum
3257 2667 3436 2731 tenuit,
3467 2664 3664 2716 nullum

2083 2738 2300 2806 interﬁci
2322 2739 2496 2807 jussit,
2519 2738 2608 2790 sed
2631 2753 2719 2790 nec
2741 2739 2873 2790 alius
2898 2738 3166 2804 quisquam
3194 2735 3283 2788 sub
3319 2736 3429 2804 ejus
3449 2735 3666 2800 imperio

2083 2818 2244 2860 nio:te
2275 2806 2488 2876 affectus
2517 2818 2612 2863 est.
2653 2807 2730 2860 De
2757 2809 2967 2860 crimine
2994 2806 3271 2872 impietatis
3296 2821 3552 2876 nunquam
3581 2821 3666 2856 eo-

2084 2881 2275 2949 gnovs't,
2311 2874 2478 2947 neque
2521 2879 2746 2946 permisit
2793 2877 2910 2949 aliis
2961 2885 3013 2928 ut
3061 2885 3462 2949 cognoscerent:
3496 2874 3664 2929 Nemo

2085 2946 2241 3011 cnim,
2274 2946 2460 3017 inquit.
2493 2951 2686 3016 injuria
2717 2964 2792 3000 me
2817 2947 3026 3015 afﬁcere
3057 2957 3144 3000 aut
3178 2946 3374 3012 insequi
3408 2958 3666 3017 continues

2087 3021 2158 3071 lia
2189 3016 2372 3086 potest,
2427 3030 2690 3085 prapterea
2719 3020 2854 3084 quod
2899 3017 3026 3070 nihil
3058 3034 3156 3086 ago
3185 3019 3318 3084 quod
3364 3016 3665 3081 reprehendi

2007 3095 2052 3156 ο
2086 3102 2359 3144 mereatur.
2390 3089 2467 3144 Ea
2505 3106 2619 3145 vero
2649 3106 2763 3158 qua:
2803 3089 2937 3160 [alio
2966 3089 3029 3142 de
3069 3105 3145 3143 me
3190 3089 3428 3141 dicuntur
3458 3103 3666 3157 prorsus

2086 3162 2305 3230 neglige.

2158 3227 2290 3286 Ibid.
2322 3229 2620 3286 Perdidisse
2643 3231 2796 3284 diem.
2822 3228 3112 3283 Suetonius
3136 3227 3566 3288 memorabilem,
3590 3228 3668 3278 in.

2087 3306 2225 3372 qu't,
2257 3303 2558 3371 meritoque
2585 3301 2849 3355 laudatam
2874 3314 3061 3355 vocem
3094 3299 3239 3354 dedit
3265 3314 3278 3349 :
3318 3299 3502 3363 Amici,
3531 3297 3669 3350 diem.

2119 3373 2310 3424 crdidi.

2084 3389 2310 3495 pc'iblid'.‘
2342 3441 2420 3496 Ad
2453 3439 2610 3495 verba
2664 3441 2934 3495 duodecim
2987 3450 3388 3508 propugnatores
3434 3439 3484 3489 in
3525 3445 3670 3489 textu

2087 3511 2271 3566 Grialii
2305 3512 2559 3567 indicium
2610 3523 2725 3566 erat
2773 3523 2934 3573 none,
2966 3527 3081 3577 qua:
3113 3509 3353 3562 fortassis
3377 3509 3667 3562 intercidit.

2088 3582 2314 3637 Mellitus
2343 3583 2563 3637 exhibet.
2595 3599 2610 3637 :
2655 3581 2952 3636 Perdidisse
2983 3581 3115 3633 diem
3154 3596 3226 3636 se.
3275 3596 3374 3648 quo
3417 3580 3673 3630 Commodi

2087 3655 2323 3723 cuiquam
2356 3653 2484 3707 nihil
2516 3653 2713 3722 fecerit.
2759 3654 2862 3706 Alii
2917 3650 3156 3723 addunt:
3199 3648 3339 3723 Vidit
3385 3651 3533 3701 (inuis
3582 3648 3669 3702 xit).

2089 3719 2216 3777 Cum
2243 3725 2434 3793 ingenti
2466 3719 2693 3778 omnium
2735 3723 2875 3776 luctu
2906 3725 2958 3773 in
2986 3720 3172 3793 eodeni
3206 3719 3348 3793 tiilu,
3391 3736 3492 3793 qua
3533 3728 3678 3786 pater

2089 3795 2223 3864 ejus,
2255 3790 2428 3847 morbo
2473 3793 2769 3864 absumptus
2796 3802 2888 3846 est.
2923 3793 3011 3864 Sic
3039 3792 3104 3864 tle
3133 3790 3352 3858 singulis
3391 3791 3677 3864 imperato—

2090 3860 2236 3918 r'ibus
2290 3863 2530 3918 nonnulli
2584 3861 3164 3932 interpolatiliodices
3219 3876 3386 3912 annos
3426 3860 3546 3913 vita:
3577 3876 3674 3913 cx-

2091 3935 2346 4003 primunt,
2396 3941 2450 3989 et
2497 3935 2669 3988 locum
2713 3931 2818 4002 quo
2869 3931 3151 4003 obierunt;
3204 3946 3323 4003 qua:
3372 3936 3549 4003 tamen
3584 3932 3679 3983 lsi.

2089 4001 2206 4058 dori
2261 4001 2368 4060 non
2397 4019 2517 4061 esse
2560 4020 2624 4060 ex
2669 4001 2892 4058 vetustis
2942 4002 3339 4072 exemplaribus
3387 4001 3670 4070 colligitur.

2091 4079 2260 4131 Anev.
2681 4128 2685 4132 .
3274 4103 3278 4106 ’

2161 4145 2252 4198 75.
2306 4146 2466 4200 Annis
2514 4160 2625 4200 ιιι.
2687 4143 2880 4200 Euseb.
2941 4159 3068 4199 ann.
3120 4158 3218 4204 xv,
3251 4158 3420 4196 meus.
3481 4156 3534 4194 v.
3585 4143 3676 4196 Sic

2095 4215 2313 4284 Epiph.,
2346 4216 2654 4271 Cassiodur.
2688 4225 2742 4268 ct
2772 4216 2989 4284 Niceph.
3036 4215 3331 4269 Suetonius
3363 4214 3676 4282 siittplicitct‘

2092 4287 2302 4341 decimo
2344 4291 2530 4353 quinto
2557 4286 2763 4354 imperii
2813 4302 2954 4339 anno
3006 4298 3274 4339 mortuum
3302 4286 3491 4338 as~crit
3538 4284 3676 4336 sit-ut

2091 4357 2332 4412 Orosius.
2369 4358 2500 4411 Dion
2526 4357 2732 4412 Nicaeus
2754 4357 3014 4426 regnavit,
3043 4357 3230 4426 inquit,
3255 4370 3382 4408 antt.
3419 4369 3503 4419 tv,
3529 4355 3671 4408 dieb.

2095 4426 2147 4481 5.
2172 4428 2429 4494 Zonaras,
2454 4443 2580 4482 ann.
2609 4444 2694 4492 xv,
2730 4428 3000 4481 mensibus
3031 4442 3087 4479 x.

2168 4497 2306 4551 Ibid.
2329 4493 2508 4552 Deum.
2525 4498 2817 4552 Eusebius:
2838 4498 3044 4550 Primus
3064 4494 3378 4547 Domitia-ius
3403 4493 3677 4546 Dominum

2094 4585 2148 4623 se
2164 4581 2208 4622 et
2225 4568 2653 4638 Deumappellari
2674 4570 2838 4637 jussit.
2860 4568 3002 4621 Ideni
3025 4567 3176 4619 Dion.
3199 4564 3482 4618 Suetonius
3502 4581 3514 4615 :
3536 4567 3673 4638 pari.

2095 4640 2283 4706 inquit,
2313 4635 2635 4710 arrogantia,
2668 4635 2783 4690 cum
2810 4647 3198 4707 procuratorum
3216 4651 3437 4710 suorum
3475 4635 3679 4688 nomine

2097 4703 2364 4778 formidem
2410 4703 2624 4764 dictaret
2670 4703 2933 4774 epistolam
2987 4710 3059 4759 sic
3100 4707 3246 4770 coepit
3291 4721 3307 4758 :
3344 4703 3594 4758 Dominus
3632 4715 3678 4756 et

2095 4777 2236 4834 Deus
2280 4790 2449 4834 noster
2483 4783 2560 4834 sic
2591 4781 2735 4847 jubet
2768 4793 2787 4832 :
2814 4782 2946 4831 unde
2972 4778 3257 4830 institutum
3293 4777 3503 4842 post/iac
3534 4785 3587 4827 ut
3621 4791 3680 4826 ne

2101 4853 2287 4918 soriplo
2303 4852 2501 4920 quidem
2515 4868 2575 4903 ac
2595 4865 2822 4904 sermone
2834 4866 2895 4901 cu
2902 4853 2918 4911 ἱ
2927 4865 3133 4915 usquam
3147 4848 3494 4920 appellaretur
3507 4847 3656 4898 aliter

2172 4918 2321 4974 Ibid;
2343 4923 2679 4975 Christianos.
2716 4921 2836 4973 llmc
2883 4920 2980 4971 fuit
3015 4919 3244 4972 secunda
3278 4918 3528 4972 Ecclesia:
3558 4931 3680 4982 pcr-

2098 4995 2331 5047 secutio:
2359 4993 2524 5058 prima
2546 4993 2685 5044 enim
2713 4989 2809 5043 fuit
2832 4991 2932 5044 sub
2955 4988 3186 5050 Nerone,
3209 4987 3276 5040 de
3295 5005 3394 5055 qua
3420 4990 3679 5041 Eusebius

2103 5064 2196 5117 lib.
2223 5079 2277 5116 ιιι
2319 5057 2560 5115 Historia:
2591 5059 2632 5113 Ε
2666 5062 2819 5121 cles.,
2853 5074 2972 5123 ctip.
3013 5059 3096 5120 l5,
3127 5069 3181 5112 et
3219 5061 3355 5125 Aug.
3405 5057 3495 5112 lib.
3529 5071 3679 5119 svnt,

2100 5151 2219 5201 cap.
2251 5133 2343 5196 52,
2378 5135 2442 5185 de
2465 5133 2690 5185 Civitate
2724 5131 2835 5192 Dei,
2865 5141 2920 5182 ct
2952 5132 3140 5182 l’aulus
3165 5129 3385 5186 Orosius
3416 5128 3506 5201 lib.
3540 5143 3606 5180 vn
3631 5139 3685 5180 et

2102 5197 2255 5260 Alex.
2278 5203 2562 5256 Μοιιιξιοειιιδ
2585 5203 2729 5256 libell
2751 5223 2763 5249 ι
2783 5205 2852 5260 εἰς
2877 5209 3076 5272 εὕρεσιν
3110 5206 3196 5255 τοῦ
3228 5197 3484 5272 actoacto-3
3514 5219 3683 5254 σταυ-

2101 5282 2192 5348 ροῦ
2219 5275 2384 5348 quiin
2422 5274 2878 5348 bibliothecarum
2910 5269 3012 5334 est,
3047 5272 3280 5323 nondum
3314 5269 3510 5348 editus.

2176 5339 2265 5397 7i.
2301 5347 2448 5396 Auno
2481 5357 2516 5396 ι.
2556 5342 2815 5397 Eusebius
2847 5358 2985 5394 antto
3012 5357 3142 5404 uno,
3164 5355 3336 5395 mens.
3364 5356 3439 5394 tv.
3479 5341 3569 5395 Sic
3590 5339 3682 5394 Ni-

2103 5415 2724 5483 ccpltor..Gas~iodortts,
2747 5411 3684 5483 EpiphaniustenicasetZonaras.

2106 5481 2260 5550 Dion,
2292 5485 2600 5553 Eutropius,
2637 5486 2801 5546 Beda,
2834 5485 2948 5536 Ado
2979 5491 3033 5536 et
3057 5482 3146 5553 alii
3175 5497 3226 5534 ix
3258 5481 3374 5536 dies
3405 5482 3682 5552 adjiciunt.

2179 5555 2314 5609 Ibid.
2349 5550 2474 5620 Alii,
2499 5572 2631 5608 anno
2655 5553 2958 5619 umentibus
2983 5568 3051 5605 tv.
3090 5550 3184 5604 llic
3212 5553 3377 5619 primo
3401 5550 3564 5606 edicto
3593 5568 3693 5606 suo

2105 5637 2309 5680 cunt-tos
2335 5626 2530 5679 exsules
2561 5627 2823 5680 revocarit.
2864 5622 3010 5678 Unde
3040 5623 3268 5676 Joannes
3295 5626 3602 5694 evangelista
3627 5640 3688 5677 an

2106 5699 2233 5753 ωειλ
2258 5715 2310 5760 ο,
2336 5711 2436 5751 etc.
2472 5699 2642 5752 AttEV.

2179 5771 2268 5827 75.
2301 5769 2570 5839 Tl‘rajutms.
2609 5768 2780 5826 Mures
2810 5767 2965 5837 hujus
2997 5768 3266 5838 eleganter
3291 5765 3590 5836 Xipbiliaus
3623 5779 3686 5820 et
