4084 6160
430 211 565 264 illi?)

1461 215 1515 270 S.
1561 212 1799 268 ISIDORI
1842 210 2276 267 HISPALENSIS
2318 210 2623 268 EPlSCOPl

3569 218 3701 277 £0“

429 327 578 381 rabili
606 326 796 380 virtute
833 327 1127 380 Romanum
1168 325 1452 395 imperium
1501 344 1669 399 usque
1718 328 1771 382 in
1822 328 2014 383 Orien-
2050 334 2088 387 Α
2124 330 2225 383 Iste
2277 338 2494 399 propter
2543 329 2882 386 clementiam
2942 334 3046 388 tale
3104 345 3516 404 cognomentum
3556 353 3702 394 acce-

430 428 535 472 tetn
574 418 742 488 longe.
785 419 993 486 lateque
1048 418 1317 485 produxit.
1370 420 1713 490 Babyloniam
1759 429 1812 472 et
1868 422 2012 473 Ara-

431 508 568 560 biam
602 509 763 575 cepit,
797 516 849 559 et
901 521 1069 573 usque
1099 507 1163 559 ad
1211 508 1372 562 llltllil}
1412 511 1566 573 lines,
1621 518 1739 576 post
1776 510 2014 564 Alexan-

430 600 605 660 drum,
640 598 886 662 acctrssit,
916 600 1021 669 91
1055 599 1289 653 liberalis
1312 603 1539 665 cunctis,
1567 612 1725 669 atque
1758 603 2016 671 tranquil-

431 689 533 743 lus.
564 689 725 755 Cugus
754 688 891 741 inter
922 689 1021 741 alia
1048 690 1209 755 dicta,
1246 690 1370 744 illud
1420 694 1589 747 lertur
1636 696 1929 765 egregium,
1961 703 2018 747 ut

430 783 554 834 dum
590 782 1006 851 interrogaretur
1046 783 1188 851 quod
1225 785 1444 837 nimium
1478 787 1617 839 circa
1653 802 1839 841 omnes
1871 802 2018 840 com-

434 874 609 927 munis
660 883 822 935 esset,
860 875 1131 942 respondit
1181 876 1338 928 talem
1386 892 1443 931 se
1488 879 1866 945 iinperatoiem
1900 894 2018 932 esse

436 964 655 1029 privatis
686 964 899 1033 qualem
933 966 1033 1018 sibi
1067 966 1447 1035 imperatorem
1490 970 1725 1037 privatus
1757 980 2013 1038 optasset.

437 1061 620 1113 Simon
652 1061 939 1129 Cleophas,
990 1060 1451 1131 Jerosolymztrum
1499 1065 1804 1132 episcopus,
1862 1064 2019 1134 hujus

436 1162 677 1219 tempore
698 1153 1049 1221 cruciligitur,
1080 1163 1132 1207 et
1154 1156 1440 1223 requiescit
1466 1155 1701 1210 Jonnnes
1723 1159 2016 1224 apostolus.

504 1246 594 1299 76.
642 1245 826 1317 [5353]
878 1246 1145 1300 A'drianus
1198 1258 1382 1314 regnat
1426 1251 1579 1303 annis
1622 1268 1726 1305 xxi.
1761 1253 1863 1305 Iste
1890 1253 2021 1305 Tra-

429 1340 545 1407 jani
570 1339 752 1409 glorise
790 1339 1054 1405 invidens,
1090 1340 1389 1408 provincias
1416 1341 1645 1397 Orientis
1684 1344 1858 1399 Persis
1902 1346 2020 1399 red-

437 1432 591 1490 didit.
637 1441 692 1485 et
729 1432 1051 1499 Euphratem
1098 1433 1316 1487 ﬂuvium
1350 1435 1506 1488 linem
1540 1437 1746 1503 imperii
1796 1438 2017 1493 Romani

438 1524 633 1582 posuit.
671 1524 815 1578 Idi-tn
849 1541 1060 1594 quoque
1083 1525 1297 1580 Judteos
1328 1528 1566 1581 secundo
1593 1510 1814 1584 ell‘ectos
1840 1531 2015 1584 rebel-

437 1615 515 1669 les
550 1617 657 1688 92
694 1616 961 1685 subjugat,
986 1617 1279 1685 urbemque
1306 1617 1692 1689 Jerosolymam
1725 1628 2015 1685 restaurat,

2123 422 2220 490 pit,
2246 424 2367 491 quia
2403 424 2455 475 in'
2485 423 2626 476 omni
2661 438 2824 490 regno
2858 423 3121 492 Romano,
3151 427 3486 483 cautionibus
3531 429 3709 486 iaeeu-

2117 515 2208 576 sis,
2244 523 2557 568 cunctorum
2589 513 2765 568 deb'ta
2817 515 3120 570 relaxavit:
3156 518 3293 571 unde
3335 526 3389 573 et
3432 529 3578 587 pater
3617 537 3709 589 pa-

2119 606 2229 660 triie
2259 608 2555 674 appellatus
2605 619 2713 669 est.
2748 608 2851 663 iste
2908 610 3116 678 primus
3166 609 3447 678 imperium
3483 611 3709 669 Romani

2118 698 2286 763 orbis,
2310 714 2429 752 cum
2473 699 2742 753 Antonino
2786 699 3028 766 Juniore,
3065 712 3271 770 aequata
3312 714 3601 772 potestate,
3630 707 3706 760 dio

2119 789 2262 843 visit.
2324 791 2401 844 Eo
2446 800 2723 859 regnante,
2782 793 3096 849 Valentinus
3137 804 3191 849 et
3246 796 3478 851 Marcion
3534 797 3707 853 barre-

2121 881 2345 935 siarcliac
2376 882 2691 951 produntur,
2722 892 2881 953 atque
2906 883 3140 939 Galenus
3170 886 3429 955 medicus,
3452 887 3711 959 Pergamo

2119 975 2353 1043 genitus,
2378 974 2561 1029 Roma:
2594 976 2772 1030 clarus
2801 976 3047 1031 habetur.

2194 1106 2281 1161 78.
2315 1106 2498 1179 [5375]
2539 1108 2837 1162 Antoninus
2892 1109 3062 1164 Minor
3111 1119 3296 1179 regnat
3347 1113 3505 1166 annis
3551 1128 3697 1171 xtzut.

2124 1199 2219 1255 llic
2261 1204 2323 1255 ad
2378 1202 2603 1255 Parthos
2647 1202 2915 1270 prolectus
2961 1202 3278 1270 Seleuciam,
3336 1207 3569 1279 Assyria:
3616 1223 3706 1261 ur-

2125 1296 2267 1361 bem,
2318 1311 2437 1350 cum
2491 1297 2896 1366 quadringentis
2937 1298 3173 1351 millibus
3204 1298 3475 1350 hominum
3523 1300 3703 1365 cepit;

2124 1386 2191 1441 de
2221 1387 2429 1442 Parthis
2461 1397 2516 1441 et
2544 1388 2720 1442 Persis
2746 1388 3114 1453 triumphavit.
3168 1389 3244 1442 Eo
3272 1400 3529 1456 regnante
3557 1389 3708 1443 lion-

2126 1486 2281 1531 tanus
2307 1476 2766 1549 Catapbrygarum
2815 1489 3036 1540 auctor,
3088 1488 3147 1533 et
3192 1477 3469 1545 Tatianus,
3520 1494 3551 1532 a
3604 1495 3713 1549 quo

2127 1569 2346 1625 btcresis
2377 1570 2795 1638 Encratitarum,
2830 1573 2999 1625 exorti
3026 1578 3171 1626 sunt.

437 1721 663 1774 eantque
694 1722 758 1759 ex
791 1721 889 1759 suo
921 1708 1139 1761 nomine
1163 1707 1358 1761 [Eliam
1386 1719 1559 1762 vocat.
1596 1710 1857 1764 Peridem
1889 1720 2015 1765 tem-
2059 1717 2100 1774 Β
2198 1706 2287 1761 79.
2321 1703 2503 1777 [5588]
2527 1703 2853 1760 Commodus
2891 1716 3074 1775 regnat
3100 1705 3255 1759 annis
3289 1706 3527 1761 xttt.lste
3552 1706 3709 1762 luxu-

441 1812 536 1860 ptts
562 1799 747 1866 Aquila
774 1799 1049 1859 Ponticus,
1072 1799 1086 1852 i
1106 1808 1337 1865 itcrprcs
1362 1800 1627 1855 secundus
1653 1811 1769 1870 post
1791 1803 2021 1869 Septua-

438 1894 579 1961 ginta
614 1891 812 1951 oritur;
840 1901 891 1945 et
927 1890 1180 1945 Basilides
1206 1890 1569 1945 llmresiarcha
1597 1892 1927 1960 agnoscitur.

510 1981 602 2034 77.
654 1979 840 2052 [5557]
899 1982 1198 2035 Antoninus
1260 1981 1383 2035 Pius
1443 1994 1629 2053 regnat
1686 1985 1839 2039 annis
1892 2001 2019 2038 xxtt.

444 2116 609 2192 Dione
641 2115 1167 2192 il_epiiix_it:_Statuas,
1197 2119 1388 2187 inquit,
1420 2137 1624 2182 aureos,
1652 2130 1739 2175 (rut
1761 2132 2021 2192 argenteas

440 2187 534 2238 sibi
568 2187 681 2249 ﬁeri
703 2188 874 2246 vetuit,
910 2190 1138 2257 bonaque
1158 2206 1471 2258 quotcunque
1494 2194 1663 2246 udliuc
1684 2187 1883 2246 inventa
1903 2204 2021 2248 sunt

441 2258 705 2334 inpalaiio
725 2259 935 2334 restituit
960 2260 1220 2334 iis‘quibus
1240 2277 1298 2312 ea
1322 2261 1649 2315 Domitianus
1675 2280 1761 2328 per
1782 2265 2021 2334 injuriiim

439 2329 713 2381 ademerat.
748 2327 950 2402 Civibus
1003 2330 1249 2402 Romanis
1278 2334 1367 2400 qui
1408 2334 1460 2385 in
1489 2327 1687 2385 summa
1718 2327 1882 2402 {orent
1907 2351 2020 2402 ege-

438 2407 587 2473 state,
616 2415 794 2473 agrum
822 2400 986 2473 dedit,
1009 2400 1077 2451 ad
1107 2417 1384 2454 aureorum
1415 2412 1653 2457 sexcenta
1685 2400 1881 2465 millia:
1910 2400 2021 2473 εἶκε

440 2468 551 2541 agri
572 2471 823 2535 emptione
842 2470 1182 2541 divisioneque
1206 2472 1509 2541 quibusdam
1533 2474 1649 2527 uiris
1670 2475 1911 2527 senatorii
1926 2468 2022 2527 or-

443 2540 578 2590 diiiis
605 2541 873 2613 imperata.
903 2538 1129 2607 Cumque
1158 2538 1323 2611 egeret
1367 2545 1607 2609 pecunia,
1636 2561 1879 2613 magnum
1927 2562 2022 2597 nu-

442 2611 880 2683 ηιίξιοιιιηιιειιῑιιιη,Δ
899 2613 1155 2678 multaque
1187 2628 1301 2664 vaso
1326 2623 1565 2683 argentea
1594 2611 1745 2683 atque
1771 2631 1949 2678 aurea,
1974 2627 2020 2669 et

444 2678 689 2745 reliquam
718 2679 1099 2748 supellectilem,
1134 2698 1233 2733 non
1261 2678 1407 2736 modo
1437 2685 1498 2736 de
1540 2678 1746 2748 privatis
1773 2685 1898 2749 suis,
1930 2688 2020 2738 sed

441 2749 593 2800 etiam
620 2749 683 2799 de
710 2751 963 2817 principal
987 2751 1074 2802 bus
1112 2752 1278 2815 rebus,
1310 2755 1468 2805 multa
1490 2757 1639 2807 etiam
1664 2756 1862 2819 prtedia
1887 2756 2019 2809 mul-

440 2826 617 2881 tasque
644 2819 689 2895 d_
714 2836 842 2881 mos,
887 2822 1339 2895 atqueinsunrnta
1364 2826 1554 2887 omnia,
1590 2834 1775 2888 printer
1812 2841 1870 2878 ea
1901 2842 2018 2895 qua:

440 2890 722 2942 neci’ssaria
746 2899 910 2962 erant,
932 2893 1176 2945 uendidit.
1210 2892 1388 2962 Neque
1417 2911 1531 2948 vero
1558 2897 1608 2948 in
1632 2896 1805 2961 pretiis
1836 2890 2020 2949 Irarum

438 2972 610 3036 rerum
640 2960 897 3036 sordidas,
929 2964 1017 3036 sed
1044 2963 1108 3036 ἰηᾷ
1129 2966 1223 3036 Iioc
1252 2960 1362 3031 ipso
1394 2965 1637 3036 benignus
1668 2982 1789 3036 erqa
1830 2968 2017 3021 multos

441 3040 487 3081 et
519 3030 745 3107 libera‘is
775 3033 890 3107 fuit.
930 3032 1050 3107 llzrc
1086 3034 1237 3107 Dion,
1274 3030 1376 3098 nui
1420 3045 1474 3089 et
1505 3030 1603 3088 alia
1637 3030 1874 3106 adjnngit
1898 3053 2015 3107 qua:

439 3115 700 3172 summam
732 3102 885 3167 hujus
913 3102 1011 3155 viri
1045 3105 1465 3158 moderationem
1498 3117 1746 3172 arguunt.

515 3171 651 3223 Ibid.
686 3173 841 3243 Annis
869 3188 974 3225 xix.
1010 3174 1099 3227 Sic
1139 3174 1484 3243 Epiphanius,
1519 3171 1822 3230 Cbronicon
1868 3176 2021 3231 Grae-

439 3255 583 3300 cum,
620 3242 859 3301 Orosius,
904 3257 1022 3295 cum
1068 3245 1205 3297 aliis.
1244 3246 1436 3299 Euseb.
1468 3261 1595 3299 ann.
1630 3262 1739 3311 xix,
1773 3260 1946 3300 mens.
1974 3262 2024 3303 Vt

441 3320 499 3362 nt
540 3312 869 3379 Nicciilicrus
895 3323 947 3366 et
970 3314 1222 3367 Zonaras.
1253 3315 1519 3378 Clemens,
1542 3333 1667 3370 ann.
1700 3334 1805 3379 xix,
1851 3332 2024 3372 mens.

438 3397 528 3442 vn,
559 3382 701 3435 dich.
738 3399 830 3435 xv.
865 3386 903 3436 A
946 3383 1128 3439 Dione.
1168 3385 1443 3451 Eutropio,
1482 3386 1643 3449 Beda,
1697 3385 1941 3442 Cedreno
1973 3398 2028 3443 et

435 3452 923 3525 Ad_one_ponuntnr
950 3468 1076 3507 ann.
1109 3470 1227 3521 xix,
1263 3471 1434 3511 mens.
1469 3472 1543 3523 vi,
1576 3458 1690 3511 dies
1739 3473 1828 3525 xv,
1876 3468 1933 3513 ut
1972 3469 2028 3517 et

437 3535 467 3571 a
497 3520 838 3575 Cassiodoro.

506 3588 643 3643 Ibftl.
674 3591 1036 3667 Babyloniam.
1066 3592 1118 3667 [ιι
1143 3595 1368 3667 θιίοίὶιε.
1397 3608 1509 3649 erat
1536 3616 1547 3649 :
1577 3597 1777 3663 Asiam,
1800 3595 2022 3667 Babylo-

438 3662 635 3739 nniamet
648 3664 889 3739 Arabiam
903 3665 1051 3739 cepit.
1070 3665 1327 3739 Eusebius
1341 3668 1438 3719 ita:
1465 3667 1745 3739 Trajanus,
1757 3668 1891 3739 picto
1908 3662 2025 3739 rege

346 3770 349 3775 .
441 3730 710 3791 Deceliulo.
730 3730 1072 3805 Daciamfecit
1097 3737 1429 3803 provinciam.
1462 3730 1713 3802 llelieros,
1734 3730 2026 3793 Sauroma-

436 3812 535 3875 tas,
554 3806 801 3857 Ast-aenos
819 3805 957 3872 (lege
977 3807 1281 3875 Adiabenos)
1299 3808 1489 3860 Arabes
1505 3807 1891 3875 Bosphoranos,
1907 3808 2026 3863 Col-

438 3874 557 3950 chos
574 3875 624 3926 in
648 3876 798 3941 ﬁdem
813 3878 1027 3945 accepit,
1046 3877 1350 3950 Seleuciam,
1371 3888 1416 3930 et
1435 3877 1827 3950 Ctesiphontem,
1847 3890 1892 3932 et
1913 3877 2022 3933 Ba-

443 3944 677 4017 bylonem
702 3944 1177 4017 occupavitaQuod
1210 3958 1386 4002 autem
1420 3964 1515 4017 pro
1546 3944 1832 4013 Asraenos’,
1866 3951 2023 4004 Adia-

440 4015 605 4085 licitos
629 4015 824 4081 legam,
845 4018 967 4070 iacit
991 4016 1123 4071 Dion
1148 4020 1284 4081 apud
1314 4015 1665 4085 Xipbilinum,
1682 4022 1768 4084 qui
1793 4021 2023 4076 aitbunc

438 4083 767 4158 Adiabenem
792 4101 1025 4151 omnem,
1047 4104 1165 4155 qum
1191 4104 1311 4156 pars
1327 4090 1558 4158 Assyriae
1583 4083 1659 4145 ad
1676 4083 1868 4144 Ninum
1895 4106 2021 4157 per-

442 4154 614 4230 nouit,
649 4154 699 4207 in
758 4154 1085 4230 potestatein
1123 4154 1277 4230 suam
1322 4154 1612 4230 redegisse.
1670 4160 1792 4230 Fuit
1840 4154 2019 4215 autem

437 4222 723 4292 Trajanus,
756 4234 814 4277 ut
840 4236 922 4278 est
949 4227 1087 4293 apud
1122 4222 1479 4295 Xilipiiinum:
1506 4246 1533 4283 a
1566 4231 1740 4285 Nerva
1766 4229 1946 4284 Caesar
1968 4242 2022 4287 et.

442 4295 952 4370 l_mperator_._l‘actus
996 4309 1392 4370 :_cutn_tainen
1445 4299 1544 4367 ipsi
1597 4301 1880 4370 pr0pinqui
1912 4316 2017 4355 non

439 4364 707 4419 deessent.
743 4365 925 4437 Neque
955 4368 1096 4420 enim
1141 4366 1232 4419 ille
1263 4364 1712 4437 coniunctionem
1748 4364 2018 4437 sanguinis

440 4437 744 4499 anteposuit
777 4436 1004 4505 publica;
1031 4437 1280 4502 utilitati;
1318 4436 1491 4505 neque
1531 4456 1718 4495 rursus
1761 4436 1881 4494 cum
1926 4443 2019 4495 de-

443 4506 632 4557 terruit
677 4510 815 4575 quod
864 4506 1124 4575 Trajanus
1176 4510 1338 4562 homo
1372 4509 1670 4577 Hispaniis,
1707 4526 1805 4565 nec
1856 4511 2015 4564 Italus

444 4584 556 4647 erat
576 4615 591 4638 ,
624 4592 723 4629 nec
756 4579 999 4637 Italicus,
1033 4578 1282 4647 quodque
1312 4590 1434 4633 ante
1465 4596 1585 4634 eum
1616 4597 1773 4635 nemo
1801 4583 2021 4636 alterius

440 4644 672 4700 nationis
686 4644 1331 4721 imperiumlloinanorum
1350 4650 1658 4707 obtinuisset
1672 4691 1687 4707 .
1704 4653 1776 4705 De
1790 4652 2020 4721 Trajano

443 4728 637 4788 pratter
666 4720 800 4773 alios
828 4734 890 4772 ex
918 4720 1145 4779 antiquis
1173 4722 1440 4788 scripsere
1468 4738 1481 4775 :
1514 4723 1663 4783 Dion,
1689 4720 2022 4777 SextusAu-

442 4786 628 4851 relius,
666 4788 975 4851 Eutronins,
1009 4791 1203 4844 Sextus
1227 4786 1414 4853 llut'us,
1445 4793 1757 4846 Ammianus
1780 4794 2016 4846 Marcell.

441 4857 911 4932 li!i.__x_I_v,_Plinius
943 4860 993 4932 i_n
1024 4860 1367 4932 Panegyrico,
1392 4870 1443 4914 et
1472 4861 1563 4916 lib.
1595 4879 1610 4917 ι
1639 4864 2018 4928 Epistularum.

516 4925 649 5001 Ibid.
684 4928 915 4983 Institui.
944 4925 1223 5001 Postquam
1242 4925 1433 5001 (inquit
1456 4932 1609 5001 Dion)
1632 4925 1844 4986 Romam
1864 4935 2016 4997 venit,

439 4999 601 5051 multa
615 5003 731 5067 fecit
743 5000 808 5051 ad
821 5000 1190 5053 emendandum
1206 4999 2014 5072 corrigendumques'atumReip.

440 5078 590 5142 atque
617 5074 668 5123 in
688 5072 907 5141 gratiam
928 5072 1193 5142 bonorum,
1214 5090 1424 5140 quarunt
1448 5090 1497 5125 in
1516 5077 1691 5142 primis
1707 5091 1878 5127 curam
1900 5092 2015 5142 ges-

440 5140 539 5201 sit;
570 5139 698 5194 nam
719 5143 1001 5195 civitatibus
1028 5139 1195 5195 Italia:
1227 5139 1387 5195 multa
1414 5139 1629 5213 largitus
1680 5156 1749 5197 est
1791 5146 1860 5197 ad
1890 5139 2016 5197 edit-

441 5213 689 5281 cationem
738 5214 1031 5276 liberorum,
1056 5213 1106 5264 in
1137 5229 1259 5280 quos
1291 5230 1475 5281 magna
1505 5216 1742 5281 beneﬁcia
1776 5218 2010 5270 contulit.

447 5280 509 5332 Et
539 5297 661 5335 mox
683 5299 704 5356 7:
739 5282 1011 5356 Trajanus.
1049 5283 1236 5350 inquit,
1269 5280 1681 5356 nulliinvidebat
1706 5328 1719 5346 ,
1748 5287 2015 5356 perdebat-

440 5366 535 5413 que
560 5355 846 5408 neminem:
880 5355 1033 5406 bonos
1064 5369 1235 5405 omnes
1266 5354 1479 5407 ornabat
1510 5354 1802 5415 honoribus.
1848 5367 1893 5409 et
1932 5359 1985 5410 di
1998 5388 2013 5397 ο

442 5424 715 5490 gnitatibus
764 5428 1019 5494 augebut;
1073 5439 1134 5477 επ
1171 5440 1271 5487 qiio
1301 5425 1452 5494 ﬁebat
1504 5440 1558 5478 ut
1608 5443 1769 5494 neque
1817 5430 2012 5480 timeret

440 5506 759 5566 queinquam,
786 5511 874 5566 tti'c
903 5494 1105 5566 habt-rit
1150 5497 1288 5548 odio.
1350 5495 1567 5549 Nullam
1602 5498 1752 5566 [idem
1804 5498 2012 5551 habebat

442 5564 889 5617 calumniatoi'ibus
915 5605 929 5627 ,
973 5564 1117 5619 nulla
1159 5566 1239 5617 ira
1286 5567 1571 5630 tenebatur,
1603 5564 1905 5621 abstinebat
1951 5569 2011 5621 ab

445 5630 611 5685 aliena
640 5636 870 5701 pecunia,
907 5649 1009 5705 non
1052 5636 1216 5688 minus
1256 5652 1411 5705 quam
1438 5637 1502 5688 ab
1531 5637 1715 5703 iniquis
1754 5638 2010 5702 aedibus;

448 5715 656 5773 magnos
682 5714 906 5771 sumptus
939 5704 1075 5773 fecit,
1107 5707 1222 5758 belli
1251 5709 1488 5779 pacisque
1516 5707 1820 5779 temporibus
1854 5709 2011 5764 multa

2046 4475 2094 4531 Ι)

2127 1797 2221 1852 ria:
2253 1798 2433 1851 multa:
2466 1798 2581 1852 fuit.
2628 1798 2741 1855 Sub
2782 1798 2882 1854 hoc
2922 1798 3261 1853 Theodotion
3302 1799 3596 1868 Ephesius.
3628 1800 3713 1855 in-

2128 1898 2336 1959 terpres
2372 1890 2581 1955 tertius,
2612 1894 2889 1960 apparuit;
2936 1900 3095 1959 atque
3152 1890 3387 1947 Irenaius
3415 1892 3707 1961 episcOpns

2126 1982 2495 2052 Lugdunensis
2521 1983 2761 2038 doctrina
2796 1983 3019 2039 habetur
3041 1982 3287 2052 insignis.

2125 2132 2283 2185 eaque
2298 2133 2362 2181 ap
2370 2117 2448 2184 pri
2454 2133 2528 2169 me
2548 2118 2828 2170 necessaria
2840 2116 3132 2183 ωάὶῄσιιυὶι.
3156 2116 3293 2186 Lege
3307 2115 3445 2182 apud
3457 2118 3709 2171 eumdem

2127 2189 2274 2256 plura
2305 2202 2420 2254 quze
2449 2186 2605 2255 hujus
2650 2188 2747 2240 viri
2791 2202 2968 2240 mores
3001 2188 3265 2250 vitamque
3303 2190 3709 2241 commendant.

2195 2256 2283 2310 76.
2313 2259 2385 2312 De
2414 2256 2515 2309 hoc
2542 2261 2609 2310 ita
2629 2256 2970 2321 Spartianus;
2993 2256 3149 2324 Origo
3166 2259 3484 2325 imperatoris
3500 2257 3711 2311 Adriani

2124 2329 2365 2381 vetustior
2393 2345 2423 2379 α
2455 2326 2766 2391 Picentibus,
2795 2332 3043 2396 poster'or
3062 2328 3122 2379 ab
3150 2327 3597 2391 Hispaniensibus.
3624 2330 3711 2381 Si.

2123 2400 2331 2468 quidem
2378 2398 2538 2451 Adi‘ia
2567 2406 2703 2450 ortos
2728 2400 2948 2465 majores
2978 2414 3125 2457 suos,
3156 2399 3293 2466 apud
3323 2397 3561 2451 Italicam
3593 2400 3712 2453 Sri-

2124 2470 2335 2537 pionnm
2365 2470 2676 2537 temporibus
2702 2469 2967 2530 resedisse,
3000 2470 3051 2519 in
3084 2469 3226 2521 libris
3256 2469 3370 2520 vita:
3390 2485 3498 2521 sure
3526 2470 3713 2520 Adria-

2124 2556 2218 2592 nus
2243 2540 2350 2606 ipse
2377 2548 2757 2591 commemorat.
2785 2538 3017 2591 Adriano
3045 2548 3191 2606 pater
3225 2537 3403 2591 Aitius
3428 2538 3709 2597 Adrianus.

2125 2618 2458 2679 cognomento
2475 2610 2615 2679 Afer,
2642 2610 2740 2676 fuit
2764 2610 3096 2679 consobrinus
3127 2607 3344 2679 Trajani
3367 2611 3709 2675 imperatoris.

2126 2677 2289 2732 mater
2326 2680 2547 2733 Domitia
2572 2678 2796 2732 Paulina
2826 2677 3057 2734 Gadibus
3080 2677 3403 2745 orta.'Dion,
3429 2679 3575 2748 quod
3598 2691 3711 2734 erat

2124 2751 2400 2821 municeps
2432 2749 2643 2821 Trajani
2674 2750 2816 2821 dicit.

2191 2817 2328 2873 Ibid.
2359 2817 2669 2875 amii's'xxt.
2700 2819 2788 2874 Sic
2829 2819 3108 2882 Eusebius.
3154 2819 3395 2884 Orosius,
3445 2818 3711 2886 Nicepho-

2124 2906 2237 2955 rus,
2276 2892 2385 2945 alii.
2426 2890 2558 2944 Dion
2591 2900 2645 2944 et
2673 2890 2907 2946 Zonares
2934 2906 3059 2943 anu.
3090 2906 3181 2955 xx,
3205 2906 3377 2945 mens.
3412 2905 3485 2943 ix.
3518 2891 3713 2942 Eutro-

2124 2963 2241 3030 pius
2264 2978 2388 3016 ann.
2415 2977 2524 3027 ut,
2552 2976 2705 3014 mens
2730 2979 2740 3011 :
2768 2977 2822 3024 x,
2847 2960 2991 3014 dieb.
3025 2977 3113 3019 xx.
3137 2974 3189 3014 et
3224 2962 3295 3014 ita
3321 2958 3707 3030 Cassiodorus,

2125 3029 2224 3085 nisi
2248 3031 2389 3100 quod
2414 3032 2554 3086 diem
2578 3031 2771 3085 aufert.
2801 3031 3034 3084 Libellus
3065 3033 3131 3085 de
3155 3031 3290 3083 Vitis
3317 3029 3709 3094 ltnperatorum

2044 3093 2089 3155 C
2121 3093 2375 3165 anufxxt,
2410 3118 2560 3157 mens
2590 3117 2650 3163 tt,
2680 3112 2737 3153 ut
2765 3102 3093 3168 Spartianus.
3128 3093 3409 3155 Cedrenus
3436 3116 3526 3153 an.
3561 3116 3707 3154 xxiv.

2202 3172 2341 3226 Ibid.
2390 3173 2568 3227 Dion:
2610 3171 2832 3235 xE/iam,
2882 3170 3072 3237 ini‘itiit,
3129 3170 3471 3240 Capitolinam
3529 3174 3713 3238 appel:

2132 3244 2273 3306 lavit,
2315 3252 2364 3297 et
2403 3243 2654 3296 coloniam
2690 3242 2935 3305 deduxit;
2980 3253 3024 3295 et
3066 3243 3150 3295 tibi
3189 3240 3431 3309 templum
3471 3240 3569 3294 Dei
3603 3247 3713 3310 {uso

2130 3324 2234 3379 rat,
2259 3315 2475 3369 alterum
2499 3312 2620 3367 ,Ιοιοί
2646 3313 2894 3378 ardiﬁcuri
2922 3314 3138 3377 curavit,
3166 3310 3366 3364 luditis
3390 3314 3613 3380 graviter
3640 3318 3712 3376 {eo

2130 3384 2354 3438 rentibus
2391 3386 2526 3455 quod
2565 3394 2783 3455 externa:
2827 3394 2996 3451 gentes
3038 3386 3089 3434 in
3121 3399 3217 3437 sua
3243 3383 3367 3435 urbe
3401 3384 3707 3449 habitarent,

2128 3470 2372 3521 sacraque
2396 3454 2663 3523 pi'regrina
2688 3454 2741 3506 in
2763 3470 2822 3506 ea
2854 3455 3047 3519 ﬁerent.

2204 3520 2342 3579 Ibid.
2383 3526 2458 3578 De
2491 3520 2718 3579 liasiiide
2746 3524 2998 3578 lueretico
3021 3524 3215 3577 Euseb.
3253 3522 3344 3577 lib.
3370 3538 3423 3578 tv
3447 3521 3584 3576 llist.
3611 3520 3711 3574 Ec-

2130 3595 2262 3651 cles.
2303 3611 2422 3663 cap.
2450 3596 2518 3659 ’7,
2550 3606 2602 3648 et
2633 3596 2862 3649 Irena-us
2896 3595 2988 3648 lib.
3035 3609 3074 3654 ι.
3102 3591 3221 3660 cap.
3258 3594 3351 3648 ‘27.
3384 3600 3611 3662 August.
3644 3594 3713 3646 de

2129 3666 2415 3731 “diresin,
2446 3665 2669 3731 Nicepb.
2701 3664 2929 3719 diversis
2961 3668 3011 3717 in
3046 3666 3198 3718 loris.

2200 3738 2290 3791 77.
2321 3738 2478 3790 Annis
2502 3752 2631 3790 xum.
2652 3737 2742 3790 Sic
2766 3735 3125 3804 Epiphanius:
3146 3732 3403 3789 Eusebius
3428 3748 3554 3787 vero
3578 3748 3715 3787 ann-

2129 3821 2281 3868 xxut,
2299 3822 2471 3861 mens.
2491 3821 2545 3861 ιιι
2565 3824 2578 3871 ;
2606 3807 2887 3860 Orosiuset
2901 3822 2963 3860 ex
2978 3822 3041 3858 eo
3059 3806 3173 3860 Ado
3189 3805 3527 3867 Viennensis,
3555 3805 3713 3858 annis

2128 3892 2196 3931 xx
2240 3889 2430 3932 etnon
2476 3878 2646 3943 plenis
2679 3878 2848 3933 tribus
2895 3877 3188 3944 imperasse
3231 3876 3477 3937 tradunt;
3523 3877 3712 3928 Eutro-

2128 3950 2245 4014 pius
2273 3963 2401 4001 xxtu
2446 3949 2678 4014 integros
2708 3948 2971 4013 agnoscit,
3004 3954 3059 3999 ut
3086 3946 3390 3999 Clirouicon
3434 3944 3710 3999 Grarcniu.

2126 4017 2455 4085 Nicephorus
2486 4033 2590 4073 uti
2622 4025 2848 4079 tantum,
2883 4032 3054 4070 incus.
3085 4032 3159 4070 ιιι.
3195 4017 3428 4069 Libellus
3458 4016 3527 4069 de
3575 4014 3712 4069 Vitis

2130 4089 2516 4157 ltnperatorum
2549 4102 2716 4156 nuper
2749 4088 2848 4140 sub
2870 4088 3069 4141 Aurelii
3107 4088 3336 4141 Victoris
3368 4089 3581 4157 nomine
3605 4089 3639 4137 Α
3654 4102 3714 4137 n-

2127 4156 2532 4226 tuerpitceditus
2562 4174 2628 4211 xx
2660 4159 2917 4211 duntaxat
2941 4158 3180 4225 agnoscit
3206 4174 3221 4221 ;
3261 4166 3447 4209 contra
3475 4156 3709 4225 Xipbili-

2126 4244 2225 4282 tius
2247 4246 2310 4283 ex
2340 4230 2504 4283 Dione
2529 4244 2675 4292 xxw,
2697 4240 2751 4281 et
2779 4244 2899 4281 cum
2931 4244 2996 4280 eo
3019 4227 3314 4282 Cedrenus.

2196 4297 2333 4352 Ibid.
2361 4298 2517 4354 Forte
2551 4299 2831 4368 legendum
2863 4313 2931 4351 ex
2967 4298 3194 4352 Eusebio
3222 4307 3279 4353 et
3321 4296 3481 4350 Paulo
3512 4296 3711 4368 orosio

2125 4369 2223 4423 lib.
2274 4386 2369 4437 vn,
2400 4385 2521 4437 cap.
2554 4367 2618 4423 9.
2647 4368 2969 4435 Valentinus,
3003 4379 3055 4421 i-t
3085 4368 3246 4422 Cerdo
3287 4370 3531 4436 magister
3562 4367 3712 4420 Atar-

2125 4442 2315 4506 cionis;
2346 4444 2587 4510 quamvis
2610 4450 2819 4493 constat
2846 4454 2913 4492 ex
2947 4440 3135 4492 eodem
3156 4440 3348 4493 Euseb.
3377 4440 3467 4491 tib.
3493 4453 3544 4490 tv
3562 4437 3702 4490 llist.

2129 4513 2356 4575 Eccle<.,
2392 4526 2509 4580 cap.
2564 4510 2648 4573 10,
2698 4510 3016 4564 Marcionem
3060 4520 3112 4563 et
3155 4510 3453 4565 Cerdonem
3503 4509 3704 4562 eodem

2126 4590 2365 4643 tempore
2389 4583 2573 4636 Romae
2601 4596 2850 4649 perversa
2895 4595 2990 4635 sua
3013 4581 3259 4651 dogmata
3280 4580 3703 4651 dissemiuasse.

2196 4653 2285 4706 ‘78.
2322 4654 2631 4706 Antoninus.
2684 4653 2780 4705 llic
2822 4649 3179 4719 cognomento
3221 4650 3566 4718 Philosophus
3609 4649 3714 4703 fuit

2124 4721 2206 4775 vir
2232 4726 2421 4784 bonus.
2453 4732 2511 4776 ut
2532 4724 2605 4776 nit
2638 4722 2790 4783 Dion,
2819 4725 3015 4789 quippe
3039 4724 3088 4774 in
3115 4736 3220 4791 quo
3249 4722 3377 4778 nihil
3399 4724 3506 4774 licti
3539 4720 3711 4772 simu-

2126 4793 2323 4861 latique
2346 4794 2561 4847 inesset.
2590 4794 2738 4846 llunc
2764 4795 2983 4845 Orosius
3005 4794 3156 4844 annis
3185 4808 3273 4846 xiv
3302 4802 3505 4845 tantum
3534 4792 3711 4857 impe-

2127 4878 2273 4917 rasse
2306 4865 2475 4929 ponii.
2512 4865 2732 4927 Euseb.,
2766 4864 2926 4917 Beda.
2955 4874 3008 4915 et
3036 4863 3171 4920 Ado.
3198 4880 3323 4917 ann.
3367 4877 3476 4924 xix,
3526 4875 3709 4915 ineas.

2130 4948 2165 4986 ι.
2210 4933 2433 5002 Niceph.
2483 4950 2610 4988 ann.
2654 4950 2775 4998 xix,
2827 4947 2998 4986 mens.
3034 4948 3090 4986 ιι.
3124 4934 3362 4987 Zonaras
3405 4947 3533 4985 ιιιιιι.
3583 4946 3713 4999 ιιι,

2126 5004 2269 5058 dieh.
2297 5021 2351 5059 ιι.
2385 5004 2659 5059 Cedrenus
2692 5020 2780 5057 xix
2814 5007 2925 5057 dies
2948 5003 3163 5057 omittit.

2194 5074 2331 5129 Ibid.
2370 5076 2766 5130 Encran‘turuin.
2808 5074 2882 5127 De
2923 5076 3021 5127 bac
3054 5076 3240 5128 haeresi
3267 5074 3384 5127 vide
3415 5071 3711 5125 Eusebium

2126 5144 2216 5201 lib.
2239 5162 2313 5209 ιν,
2342 5162 2460 5211 cap.
2487 5148 2579 5210 ‘27,
2610 5146 2806 5201 llistnr.
2837 5145 3043 5198 Ecc'es.
3074 5156 3127 5198 et
3154 5147 3408 5198 Irenaeum
3438 5144 3527 5195 lib.
3562 5157 3577 5195 ι
3609 5145 3711 5196 ad-

2124 5231 2309 5271 versus
2342 5220 2557 5281 ba-res..
2587 5233 2703 5283 cap.
2746 5217 2778 5270 9
2806 5233 2820 5281 ;
2858 5217 2887 5266 ιι
2911 5227 3209 5283 emiturque
3234 5215 3518 5269 Encratita:
3548 5214 3710 5280 quasi

2120 5288 2477 5350 Continentes,
2514 5298 2689 5353 postea
2721 5286 2993 5341 Sereriani
3024 5303 3051 5340 a
3082 5287 3303 5349 Severo,
3334 5285 3541 5339 Tatiani
3570 5298 3710 5337 suc-

2119 5371 2355 5422 cessore,
2385 5358 2653 5427 appellati.
2684 5360 2754 5410 De
2782 5358 2973 5426 quibus
3000 5358 3120 5411 vide
3150 5369 3413 5427 praeterea
3438 5354 3716 5427 Nicepho-

2118 5444 2233 5483 rum
2265 5429 2358 5482 lib.
2386 5426 2433 5481 tv
2470 5429 2674 5483 Eccles.
2710 5428 2932 5490 llistor.,
2963 5443 3084 5492 cap.
3108 5428 3142 5480 4
3163 5439 3217 5481 et
3242 5442 3362 5495 cap.
3396 5426 3484 5481 il.

2188 5499 2275 5551 79.
2309 5500 2467 5553 Annis
2498 5514 2611 5554 χιιι.
2641 5499 2731 5554 Sic
2757 5498 3040 5561 Eusebius,
3068 5498 3307 5564 Orosius,
3340 5495 3709 5562 Herodianus,

2116 5565 2289 5634 Beda,
2341 5570 2695 5637 Nicephorus,
2754 5570 2871 5630 alii,
2923 5570 3206 5637 Eutropius
3255 5583 3380 5621 vero
3429 5582 3556 5621 anu.
3604 5582 3712 5629 xu.

2119 5655 2291 5696 mens.
2317 5638 2553 5715 8._Dion,
2582 5655 2706 5695 ann.
2735 5655 2827 5715 xit.
2859 5654 3028 5695 mens.
3060 5640 3114 5708 9,
3142 5640 3304 5715 _dieb.
3340 5652 3451 5715 xiv,
3492 5649 3551 5692 ut
3580 5641 3715 5693 Cle-

2119 5728 2269 5767 mens
2300 5724 2351 5767 et
2384 5710 2639 5769 Zonaras.
2672 5712 2961 5769 Cedrenus.
3005 5725 3090 5766 xtv
3122 5709 3238 5767 dies
3268 5709 3479 5764 omittit.
