4004 6144
312 200 453 256 1045

1713 203 2124 262 CllllONZCON.

3444 214 3582 273 1046

377 314 469 373 80.
503 314 691 389 [5389]
720 314 899 371 Elius
928 317 1173 372 Pertinax
1198 324 1383 389 regnat
1404 330 1543 372 anno
1566 334 1606 372 ι.
1635 315 1893 385 llic,sup-
1920 330 1968 386 Α
2000 315 2095 371 llic
2118 316 2241 371 dum
2274 316 2664 374 obscenissime
2694 319 2918 387 viveret,
2952 332 3001 375 et
3030 323 3145 392 ipse
3177 322 3406 377 tumultu
3438 326 3582 379 mili-

308 408 541 477 plicante
568 416 781 473 senatu,
821 407 929 478 93
960 417 1015 461 ut
1038 421 1261 461 uxorem
1292 407 1605 477 Augustam,
1629 414 1683 460 et
1721 404 1884 459 lilium

308 501 578 557 Caesarem
610 498 828 564 laceret,
859 514 1111 563 renuens,
1152 500 1226 554 ait
1271 498 1520 555 sufﬁcere
1550 498 1654 554 sibi
1693 497 1896 553 debere

307 596 454 667 quod
486 594 601 664 ipse
629 594 921 660 imperaret
952 593 1167 647 invitus.

387 687 486 743 81.
520 682 712 760 [5407]
753 685 991 740 Severus
1041 686 1290 740 Pertinax
1322 693 1508 756 regnat
1549 684 1703 739 annis
1745 697 1894 737 xvm.

311 779 415 833 Iste
448 780 609 833 multa
638 777 777 833 bella
824 777 1053 833 feliciter
1092 778 1257 849 gessit
1285 795 1298 829 :
1336 780 1558 834 Parthos
1586 777 1735 841 vicit,
1765 777 1900 831 Ara-

311 872 454 925 biam
505 868 758 932 obtinuit,
811 868 1139 929 Britanniam
1189 867 1440 923 bellando
1477 867 1706 933 recepit,
1760 867 1901 921 litte-

312 975 491 1015 rarum
522 967 579 1014 et
624 958 974 1028 philosOphite
1000 958 1280 1014 scientiam
1316 960 1519 1014 habuit.
1556 960 1723 1027 llujus
1767 970 1899 1013 tem-

315 1069 446 1123 pore
500 1051 872 1123 Symmachus,
928 1050 1191 1119 interpres
1247 1061 1505 1121 quartus,
1560 1051 1897 1120 agnoscitur;

312 1142 594 1199 Narcissus
624 1141 1116 1211 Hierosolymorum
1148 1141 1434 1209 episc0pus
1456 1141 1747 1195 virtutibus
1773 1140 1890 1207 plu-

313 1237 466 1291 rimis
494 1233 793 1290 celebratur
827 1251 839 1286 :
871 1233 1227 1289 Tertullianus
1260 1234 1390 1288 Afer
1416 1236 1469 1288 in
1503 1235 1742 1289 Ecclesia
1774 1235 1899 1289 illu-

309 1326 440 1382 stt-is
472 1325 727 1389 habetur;
759 1321 1018 1393 Origenes
1046 1323 1388 1379 Alexandria:
1410 1323 1601 1378 studiis
1632 1323 1895 1379 eruditur.

384 1416 475 1472 82.
506 1412 690 1487 [5414]
714 1411 1014 1468 Antoninus
1053 1413 1344 1478 Caracalla,
1388 1415 1575 1471 Severi
1626 1415 1784 1484 lilius,
1815 1432 1901 1472 re-

309 1518 437 1578 gnat
460 1506 615 1561 annis
642 1520 736 1560 vn.
768 1506 867 1561 Hic
895 1505 1180 1575 impatiens
1211 1505 1445 1561 libidinis
1465 1505 1560 1561 fuit
1583 1523 1596 1559 :
1616 1521 1925 1563 novercam.

311 1613 464 1652 etiam
498 1612 720 1653 uxorem
750 1598 920 1652 duxit.
968 1598 1108 1652 Nihil
1137 1598 1484 1654 memorabile
1513 1600 1696 1666 gessit.
1734 1600 1898 1668 Hujus

313 1704 554 1763 tempore
589 1692 639 1745 iu
674 1690 852 1746 Jerico
891 1689 1075 1761 quinta
1119 1689 1285 1745 editio
1311 1689 1614 1745 divinarum
1660 1689 1900 1762 Scriptu-

310 1803 493 1842 rarum
541 1785 759 1841 inventa
800 1794 904 1847 est,
933 1783 1085 1853 cujus
1113 1792 1297 1838 auctor
1338 1798 1441 1838 non
1471 1793 1716 1855 apparet.

384 1899 477 1955 85.
534 1896 719 1970 [5415]
777 1896 1042 1953 Macrinus
1108 1906 1294 1963 regnat
1349 1911 1490 1951 anno
1544 1912 1581 1955 ι.
1632 1897 1728 1953 llic
1776 1913 1897 1953 cum

311 1986 427 2041 ﬁlio
475 2001 702 2055 regnans
750 1986 881 2040 nihil
924 1984 1269 2039 memorabile
1318 1985 1576 2053 temporis
1633 1985 1899 2041 brevitate

307 2083 615 2147 gesserunt.
642 2075 771 2129 Nam
798 2084 918 2143 post
940 2089 1137 2129 annum
1168 2089 1354 2144 unum,
1385 2075 1649 2131 seditione
1679 2076 1898 2131 militari

318 2169 520 2238 pari'er
549 2166 821 2238 interiecti
843 2174 990 2220 sunt.

386 2237 499 2311 9!.
518 2237 607 2293 84.
638 2234 823 2311 [sua]
848 2236 1090 2291 Aurelius
1113 2235 1411 2291 Antoninus
1431 2244 1619 2307 regnat
1639 2237 1795 2293 annis
1826 2252 1898 2294 tv.

391 2371 481 2426 80.
522 2371 668 2425 Anno
698 2386 734 2424 ι.
768 2369 1051 2433 Eusebius,
1095 2370 1450 2436 Epiphanius.
1480 2371 1810 2438 Nicephorius
1838 2379 1892 2426 ct

316 2442 407 2496 alii
434 2458 483 2495 vt
515 2451 717 2495 tantum
743 2455 955 2493 menses
987 2448 1209 2507 ponunt,
1238 2442 1521 2507 Eutropius
1562 2457 1724 2496 LXXXI
1749 2443 1889 2496 dies.

318 2514 449 2567 Dion
474 2527 603 2572 Lvit,
628 2522 685 2565 ut
713 2512 869 2564 etiam
898 2511 1131 2564 Zonaras
1159 2521 1211 2563 et
1236 2511 1535 2566 Cedreuns.

390 2582 529 2637 Ibid.
563 2580 681 2646 IIic,
710 2582 1051 2651 supplicante,
1074 2592 1177 2634 etc.
1216 2581 1286 2633 Ita
1313 2582 1594 2645 Eusebius,
1618 2581 1708 2634 sed
1737 2582 1892 2635 aliter

309 2654 645 2722 Capitolinus
671 2669 684 2704 :
714 2651 990 2714 Pertinax,
1022 2653 1221 2717 inquit,
1254 2668 1413 2718 neque
1449 2653 1620 2722 uxoris
1649 2652 1892 2719 Augusta:

309 2721 714 2792 appellationem
733 2724 937 2792 recepit,
984 2730 1032 2774 et
1062 2722 1123 2774 de
1150 2722 1257 2788 [ilio
1285 2722 1411 2775 dixit
1436 2738 1455 2775 .'
1485 2721 1612 2774 Cum
1630 2725 1886 2775 meruerit.
1932 2781 1934 2783 ,

386 2795 480 2848 8t.
502 2797 635 2846 Ante
654 2794 909 2847 Severum
930 2793 1259 2846 Pcrtinacem
1278 2794 1555 2859 ponendus
1577 2801 1694 2845 erat
1714 2792 1893 2845 Didius

311 2864 524 2920 Salvius
552 2863 811 2922 Julianus,
839 2861 951 2929 qui,
985 2872 1039 2914 ut
1070 2861 1229 2914 tradit
1261 2862 1300 2914 D
1321 2877 1389 2915 on
1410 2904 1423 2925 ,
1460 2864 1741 2927 imperavit
1772 2863 1891 2919 dies

315 2950 461 2997 uvt,
490 2950 607 2994 seu.
635 2942 685 2985 ut
723 2932 1008 2998 Eutrapius
1034 2942 1089 2984 et
1114 2932 1353 2996 Orosius,
1386 2947 1554 2987 mens.
1579 2948 1671 2986 vn.

388 3006 527 3058 Ibid.
552 3005 712 3057 Annis
743 3018 885 3055 xviii.
914 3002 1000 3057 Sic
1020 3001 1235 3066 Euseb,
1260 3002 1608 3069 Epiphanius,
1631 3002 1894 3071 Nicepho-

315 3092 409 3131 rus
439 3076 630 3145 aliique
660 3088 790 3143 pene
817 3087 1026 3145 omnes.
1052 3074 1331 3145 Eutropius
1373 3089 1499 3145 ann.
1542 3089 1686 3145 avni,
1724 3090 1894 3127 mens.

317 3164 373 3202 κ.
401 3142 563 3211 D.on,
588 3142 711 3200 ann.
745 3159 873 3208 xvu,
897 3144 1037 3196 dieb.
1072 3156 1150 3197 ut.
1183 3142 1416 3195 Zonaras
1447 3143 1498 3196 iu
1540 3143 1707 3197 D.onc
1727 3159 1894 3196 annos

316 3190 1221 3285 ῖὲεῆἱξιί,ἷὶῖἱιῑέιιῗἒῐῆιέὶιέἰῦηὲ
1233 3190 1501 3283 ὲῖἷιιῖόηὶιι
1530 3190 1892 3282 agriculos;
1925 3190 1971 3252 C

316 3302 451 3342 ann.
483 3301 620 3345 XVII,
646 3300 816 3338 utens.
852 3299 967 3336 \‘lll.
1198 3321 1203 3325 -

390 3356 528 3410 Ibid.
563 3356 906 3408 Britanniam.
927 3354 1188 3418 Tempore
1208 3353 1311 3407 Titi
1341 3352 1439 3406 Cn.
1469 3352 1639 3408 Julius
1668 3354 1892 3423 Agrippa

318 3428 523 3495 primus
552 3427 912 3481 Romanorum
949 3424 1271 3495 Britanniam
1316 3425 1694 3479 circumfusam
1742 3428 1895 3479 und.-

316 3494 425 3567 que
447 3496 573 3549 mari
600 3496 869 3567 cognovit.
900 3494 1037 3567 ADio_n
1073 3494 1295 3567 in'_l‘ito.

393 3567 530 3620 Ibid.
560 3568 632 3620 De
647 3564 968 3635 Symmacho
983 3564 1241 3617 Eusebius
1261 3563 1351 3618 lib.
1374 3577 1426 3616 vt
1441 3564 1644 3620 Eccles.
1671 3565 1864 3619 llistor.
1877 3607 1893 3630 ,

314 3653 436 3698 ean.
466 3638 552 3699 t3,
572 3637 660 3690 ubi
679 3634 744 3689 de
770 3634 1016 3688 Narcisso
1036 3646 1089 3688 et
1105 3636 1331 3701 Origene
1349 3635 1577 3689 celebris
1599 3638 1655 3688 lit
1675 3637 1894 3690 mentio.

390 3708 478 3763 8'3.
514 3706 810 3762 Antoninus
846 3704 1145 3758 Caraeallus
1189 3706 1384 3771 dictus,
1426 3714 1483 3759 ut
1527 3707 1711 3760 scribit
1739 3708 1893 3772 Dion,

316 3780 461 3847 quod
496 3779 766 3847 proprium
801 3790 971 3845 genus
1002 3776 1297 3831 indumenti
1345 3777 1665 3846 excogitavit
1696 3782 1748 3829 in
1774 3794 1898 3829 nio-

315 3846 444 3904 dum
477 3849 703 3918 penulaa.
729 3846 785 3901 ιιι
812 3846 1093 3900 barbarum
1117 3847 1520 3915 discissumque,
1540 3855 1594 3900 ct
1615 3858 1895 3900 consulum

314 3930 438 3975 erat
466 3936 531 3973 ex
563 3920 745 3971 multis
773 3918 1030 3983 partibus,
1058 3932 1228 3985 eoque
1267 3918 1480 3970 indutus
1523 3926 1636 3970 erat
1664 3933 1895 3985 semper,

315 4008 382 4044 ex
418 4005 522 4059 quo
550 3990 852 4043 Caracallus
877 3989 1280 4059 cognominatus
1309 3997 1422 4059 est;
1466 3987 1729 4059 jussitque
1759 3989 1899 4041 mili-

318 4058 486 4125 tibus,
510 4072 565 4113 ut
588 4075 646 4113 se
674 4059 860 4114 eodem
890 4071 1086 4126 genere
1115 4058 1274 4112 vestis
1304 4058 1605 4111 induerent.
1634 4058 1763 4111 Vide
1792 4059 1898 4112 Eu-

320 4145 462 4198 trop.
496 4140 553 4184 et
584 4131 736 4184 alios.
777 4128 1015 4183 Noverca
1060 4128 1178 4197 ejus
1230 4128 1597 4198 appellabatur
1646 4128 1785 4183 Julia
1830 4144 1897 4183 ex

319 4203 577 4265 Eusebio,
614 4201 779 4253 Dione
809 4207 863 4254 et
889 4198 1029 4254 aliis.

394 4271 536 4326 Ibid.
563 4271 723 4324 Annis
744 4285 835 4322 vti.
863 4270 951 4324 Sic
975 4267 1324 4339 Epiphanius,
1350 4267 1677 4334 Nicepliorus
1707 4278 1759 4323 et
1780 4269 1895 4321 alii.

316 4344 637 4411 Spartianus
664 4351 719 4395 et
737 4340 1013 4394 Cedrenus
1034 4354 1260 4411 anno",
1293 4349 1351 4392 ut
1378 4348 1432 4391 et
1462 4340 1739 4407 Eusebius,
1766 4340 1900 4394 Oro—

314 4409 518 4467 sinsin
560 4413 784 4479 imperio
837 4412 1099 4464 mansisse
1137 4409 1213 4462 ait
1259 4411 1410 4463 annis
1454 4425 1559 4464 non
1607 4412 1777 4479 plenis
1804 4426 1897 4464 vn.

319 4484 483 4539 Dion.
519 4498 594 4547 νι,
624 4497 797 4535 meus.
829 4482 883 4543 Ξ,
915 4482 1057 4535 dieb.
1088 4481 1307 4548 aliquot.

394 4558 484 4609 83.
501 4554 648 4606 Anno
667 4569 703 4606 ι.
721 4553 792 4605 Ita
814 4551 1090 4615 Eusebius,
1113 4550 1607 4622 Nicepthrosius,
1632 4551 1740 4606 alii.
1767 4550 1897 4605 Dion

316 4637 377 4682 et
407 4626 643 4679 Zonaras
671 4637 832 4676 anno.
864 4637 905 4685 ι,
933 4636 1103 4676 meus.
1129 4636 1200 4687 ιι,
1224 4625 1392 4674 tribus
1427 4623 1612 4675 diebus
1643 4624 1898 4690 exceptis,

325 4696 619 4760 Eutropius
643 4710 765 4746 ann.
788 4708 825 4757 ι,
846 4706 1018 4746 mens.
1042 4706 1102 4755 ιι;
1121 4692 1345 4758 pessime
1361 4692 1630 4746 Cedrcuus
1645 4708 1770 4745 ann.
1787 4708 1901 4748 vui.

396 4765 534 4819 Ibid.
571 4764 831 4816 Eusubius
848 4763 1115 4818 Chronico
1138 4778 1152 4815 :
1180 4760 1437 4815 Macrinus
1465 4763 1712 4815 occiditur
1734 4766 1784 4814 in
1806 4765 1899 4814 Ar-

317 4836 554 4890 rlielaide
575 4850 594 4887 :
621 4833 949 4888 Herodianus
969 4875 982 4897 ,
1020 4832 1073 4885 in
1108 4833 1441 4887 Chalcedone
1467 4834 1723 4904 Bithynia:
1750 4850 1799 4883 ui
1816 4835 1898 4887 be.

324 4911 522 4960 Verum
550 4905 679 4957 Dion
718 4906 785 4958 de
826 4905 941 4973 ejus
986 4912 1160 4958 morte
1199 4904 1275 4956 sic
1307 4904 1463 4959 habet
1493 4921 1505 4953 :
1536 4902 1904 4957 Chalcedonem

320 4976 602 5047 navigavit,
628 4976 791 5045 ibique
822 4978 1093 5039 remansit;
1131 4989 1189 5026 eo
1233 4991 1407 5028 venere
1456 4975 1641 5027 milites
1690 4976 1825 5027 missi
1871 4992 1903 5026 a

323 5047 774 5110 I'seudantonino,
800 5062 832 5097 a
861 5047 1041 5112 quibus
1079 5048 1468 5113 comprehensus
1513 5047 1782 5112 perductus
1829 5056 1901 5098 est

313 5122 374 5173 in
417 5117 799 5186 Cappadociam
830 5133 849 5170 :
879 5118 959 5168 ubi
990 5128 1254 5186 postquam
1284 5117 1527 5169 intellexit
1558 5116 1723 5185 ﬁlium
1753 5132 1902 5168 suum

316 5185 537 5255 captum
566 5202 691 5249 esse,
715 5189 895 5256 dcjrcit
922 5203 975 5240 se
1010 5203 1074 5239 ea:
1111 5185 1337 5239 vehiculo
1378 5189 1490 5255 (nec
1530 5190 1659 5239 enim
1707 5188 1903 5239 vinctus

317 5260 458 5331 erat)
491 5259 733 5331 [regitque
761 5258 1058 5321 humerum;
1084 5271 1171 5309 nec
1192 5260 1260 5310 ita
1280 5261 1436 5331 multo
1460 5265 1570 5327 post
1595 5260 1783 5331 occisus
1806 5268 1897 5310 est.

400 5326 547 5383 Ibid.
574 5326 821 5390 Mellitus,
851 5340 1028 5399 regnat
1058 5344 1190 5379 anno
1220 5344 1256 5381 ι.
1281 5327 1453 5381 Bootae
1478 5329 1904 5399 amphitheatrum

319 5405 611 5457 incensum.
644 5400 875 5468 Abgarus
904 5397 978 5451 uir
1002 5409 1205 5451 sanctus
1233 5401 1461 5468 regnavit
1494 5397 1717 5449 Edessam
1746 5399 1905 5451 l’seu-

323 5471 712 5536 doantoninus,
744 5470 813 5523 de
838 5484 945 5536 quo
967 5468 1141 5531 'Dion,
1196 5480 1279 5522 e~t
1318 5470 1563 5524 Aurelius
1604 5469 1900 5523 Antoninus

323 5541 703 5611 ltcliogabalus
732 5540 1078 5611 numeriseq.
1112 5543 1281 5595 Auuv.

398 5607 684 5664 Midam:
733 5626 807 5666 Vi.
841 5610 911 5664 Ita
942 5607 1230 5676 Eusebius,
1276 5609 1627 5679 Nicephorus,
1656 5607 1896 5671 Orosius,

326 5684 440 5740 alii.
488 5680 780 5753 Eutwpius
807 5696 933 5742 ann.
973 5695 1034 5749 ιι,
1065 5696 1231 5738 meas.
1268 5695 1379 5735 vni.
1444 5681 1595 5735 Dion.
1641 5695 1768 5735 ann.
1816 5694 1895 5749 ιιι,

2005 406 2102 460 tari
2137 405 2486 479 interemptus
2526 420 2630 467 est.
2670 409 2837 481 Cujus
2868 414 3201 482 temporibus
3235 427 3386 471 sexta
3417 416 3584 472 editio

2005 501 2220 556 inventa
2264 511 2347 555 est
2391 503 2664 571 Nicopoli;
2696 503 2962 561 Sabellius
2994 506 3348 562 hazresiarcha
3392 509 3579 563 oritur.

2076 596 2161 651 85.
2192 592 2378 668 [5432]
2410 594 2715 649 Alexander
2763 604 2951 665 regnat
2994 597 3149 651 annis
3183 613 3302 653 ιιιιι.
3336 598 3432 654 llic
3461 600 3588 654 Per-

2006 704 2093 744 sas
2129 686 2515 759 gloriosissime
2545 686 2701 750 vicit;
2745 686 2952 741 civibus
3000 687 3304 742 favorabilis
3335 688 3451 743 fuit.
3482 690 3586 742 llu-

1997 780 2087 849 jus
2116 777 2444 846 temporibus
2482 774 2741 845 Origenes
2777 777 3111 832 Alexandria:
3141 779 3351 847 claruit,
3386 789 3439 834 et
3480 779 3586 833 Ro-

2005 886 2105 925 mae
2140 869 2396 938 lJIpiauus
2426 868 2649 938 insignis
2685 866 3047 937 juriSperitus.

2076 960 2163 1016 86.
2191 954 2375 1031 [5455]
2410 958 2726 1012 Maximinus
2756 968 2941 1027 regnat
2970 959 3124 1013 annis
3149 974 3229 1014 ιιι.
3256 958 3360 1013 lste
3385 960 3586 1029 primus

2004 1064 2070 1106 ex
2104 1049 2317 1103 militari
2344 1062 2593 1116 corpore.
2628 1046 2830 1116 absque
2879 1049 3098 1104 decreto
3141 1056 3379 1115 senatus,
3414 1051 3584 1119 impe-

2003 1152 2150 1197 rator
2178 1140 2428 1205 ellicitur,
2461 1147 2516 1193 et
2551 1139 2884 1194 Christianos
2914 1140 3273 1209 persequitur.

2113 1234 2163 1286 7.
2224 1229 2408 1303 [5441]
2452 1228 2754 1284 Gordianus
2802 1238 2987 1299 regnat
3033 1232 3189 1283 annis
3235 1245 3311 1284 vr.
3364 1229 3460 1284 llic
3500 1245 3585 1287 re-

2004 1323 2267 1378 bellantes
2321 1319 2541 1376 Parthos
2576 1328 2631 1374 et
2678 1319 2867 1374 Persas
2907 1318 3124 1373 afﬂixit.
3150 1318 3382 1375 Rediens
3415 1320 3586 1375 victor
3615 1358 3631 1406 ι

2003 1414 2070 1470 de
2104 1412 2281 1469 Persis
2306 1411 2491 1467 fraude
2520 1424 2738 1465 suorum
2789 1411 3011 1465 interiit.
3046 1408 3219 1478 Hujus
3259 1410 3588 1480 temporibus

2003 1505 2369 1576 Zcpliyrinus,
2438 1500 2747 1558 testimonio
2798 1501 3025 1569 Spiritus
3078 1500 3250 1555 sancti
3309 1499 3363 1554 in
3409 1501 3590 1568 specie

2001 1598 2263 1652 Columba:
2285 1609 2447 1663 super
2476 1602 2635 1664 caput
2663 1592 2781 1663 ejus
2811 1590 3213 1656 descendentis,
3243 1590 3430 1646 Roma:
3476 1592 3588 1662 epi-

1928 1725 1973 1784 Β
2004 1703 2197 1755 scopus
2219 1686 2516 1741 ordinatur.

2073 1778 2164 1834 88.
2215 1772 2403 1850 [5448]
2434 1774 2715 1843 Philippus
2762 1779 2948 1843 regnat
2994 1770 3149 1825 annis
3194 1785 3289 1824 vn.
3322 1768 3427 1826 late
3483 1770 3590 1837 pri-

2004 1887 2123 1927 mus
2171 1872 2309 1926 inter
2347 1870 2699 1938 imperatores
2726 1865 2835 1937 95
2865 1864 3091 1920 credidit
3138 1862 3372 1918 Christo.
3420 1862 3589 1933 llujns

2001 1966 2162 2021 etiam
2196 1964 2367 2032 primo
2393 1977 2536 2017 anno
2565 1959 2887 2015 millesimus
2918 1972 3089 2013 annos
3133 1956 3392 2014 Romana
3436 1957 3587 2013 urbis

2004 2058 2169 2113 luisse
2202 2056 2427 2111 docetur
2455 2053 2717 2122 expletus.

2075 2148 2165 2203 83.
2202 2144 2389 2221 [3449]
2442 2145 2631 2199 Decius
2675 2151 2868 2212 regnat
2912 2158 3054 2196 anno
3099 2157 3136 2197 ι.
3170 2142 3338 2212 llujus
3379 2152 3589 2212 tempo-

2008 2239 2155 2295 ribus
2177 2247 2393 2294 sauctus
2417 2234 2682 2291 Antonius
2727 2233 3023 2289 monachus
3065 2233 3118 2288 in
3145 2232 3382 2304 [Egypto
3426 2233 3587 2288 doce-

2000 2388 2170 2427 mens.
2201 2388 2274 2433 ιιι,
2306 2371 2449 2426 dieb.
2476 2387 2546 2426 iv.
2582 2370 2866 2426 llvrodian.
2892 2387 3019 2426 ann.
3040 2387 3112 2427 vt.
3134 2372 3370 2428 Zonaras
3398 2382 3449 2428 et
3480 2372 3585 2429 Ce-

1999 2446 2179 2506 dren.,
2210 2460 2333 2497 ann.
2365 2458 2444 2507 ιιι,
2465 2458 2635 2497 meus.
2664 2458 2733 2503 Ix,
2759 2442 2903 2499 dieh.
2937 2458 3008 2498 tv.

2071 2513 2207 2566 Ibid.
2236 2514 2561 2566 Eusebiusin
2590 2513 2885 2566 Chronico:
2908 2514 3194 2567 Antoninus
3210 2512 3386 2569 Roma:
3409 2518 3589 2573 occidi-

2000 2594 2083 2636 tur
2111 2584 2330 2635 tumultu
2351 2583 2565 2654 militari
2591 2599 2706 2654 cum
2736 2591 2896 2654 matre
2923 2584 3221 2654 Semasyra.
3251 2584 3584 2651 Semiamim,

1999 2654 2074 2709 La
2099 2654 2364 2721 upridius;
2399 2653 2634 2718 Sarnida,
2662 2653 3025 2718 Herodianus;
3054 2653 3253 2715 semen,
3282 2657 3582 2722 Eutropius.

2071 2725 2159 2777 87$.
2180 2725 2337 2777 Annis
2361 2739 2475 2778 XIII.
2492 2724 2582 2777 Sic
2605 2722 2842 2791 plerique
2858 2738 3074 2778 omnes:
3100 2740 3233 2778 unus
3255 2725 3585 2783 llerodianns

2000 2810 2169 2848 annos
2196 2810 2302 2848 xrv.
2342 2794 2622 2865 Eutropius
2646 2809 2777 2865 ann.
2830 2809 2957 2857 xui,
3009 2795 3124 2848 dies
3170 2809 3282 2858 vm,
3313 2798 3587 2852 Cedrenns

2004 2880 2129 2919 anu.
2164 2880 2276 2923 xut.
2307 2880 2477 2931 mens.
2512 2863 2623 2931 vui,
2643 2863 2901 2928 Zonaras,
2928 2880 2959 2917 ι
2980 2872 3183 2918 tantum
3205 2879 3372 2919 annos
3400 2868 3581 2921 habet.

2077 2932 2213 2988 Ibid.
2240 2936 2432 3008 Euseb.
2458 2935 2508 3008 in
2528 2930 2727 3008 Cilir‘ou.
2751 2933 3242 3008 Alemanderxem
3257 2951 3429 3008 regem
3446 2937 3586 2991 Pcr-

2003 3021 2177 3075 sarum
2198 3005 2572 3075 gloriosissime
2601 3005 2737 3067 vicit,
2766 3006 2880 3070 ubi,
2907 3021 2969 3057 ex
2998 3005 3384 3073 Lampridio'et
3415 3008 3587 3062 llero-

2003 3074 2186 3141 diano,
2245 3076 2580 3129 Artaxerxem
2631 3076 2843 3131 videtur
2890 3077 3376 3145 legendum,sicut
3423 3089 3477 3133 et
3530 3080 3582 3133 in

2004 3146 2193 3200 Orosio
2212 3156 2264 3201 et
2286 3145 2626 3213 Cassiodoro.
2752 3200 2761 3207 ἡ

2073 3215 2210 3269 Ibid.
2246 3216 2499 3281 Giialius,
2530 3217 2684 3285 hujus
2725 3215 2984 3285 temporis.
3017 3217 3186 3271 Anuv.

2074 3288 2162 3340 86.
2204 3288 2366 3340 Annis
2407 3300 2488 3339 ιιι.
2516 3285 2626 3339 εἰς
2683 3284 2960 3352 Eusebius,
2998 3285 3248 3351 Nicepli.,
3278 3287 3581 3342 Chrooicon

2000 3356 2267 3417 Currum,
2300 3358 2486 3427 etAalii.
2518 3356 2957 3427 Eutropiusanu.
2991 3371 3072 3418 ιιι,
3100 3368 3152 3427 et
3184 3356 3327 3410 dieb.
3354 3360 3579 3427 aliquot.

1999 3427 2236 3481 Zonaras
2263 3436 2312 3479 et
2342 3423 2638 3486 Cedreuus,
2677 3425 2858 3479 nescio
2885 3426 3175 3492 quomodo,
3206 3444 3330 3479 ann.
3368 3444 3437 3480 γι.

2072 3495 2210 3549 Ibid.
2230 3496 2285 3550 ln
2305 3495 2411 3549 alio
2428 3505 2543 3548 erat
2564 3510 2578 3548 :
2600 3495 2807 3548 militari
2829 3495 3067 3559 cohorte;
3091 3511 3276 3550 verum
3305 3497 3484 3550 censui
3510 3499 3585 3552 le-

1999 3569 2229 3637 gendum
2255 3584 2268 3619 :
2305 3583 2367 3620 ea:
2394 3566 2603 3620 militari
2621 3582 2853 3632 corpore,
2878 3567 3195 3620 aoctoritate
3228 3567 3439 3622 Eusebii
3465 3586 3477 3620 :
3508 3571 3585 3621 sic

2000 3638 2140 3762 (éiiién
2189 3637 2378 3706 inquit,
2427 3639 2623 3708 primus
2667 3653 2734 3690 ea:
2776 3652 2989 3705 corpore
3016 3638 3247 3706 militari,
3278 3650 3334 3694 et
3361 3639 3582 3692 aliorum

2046 3728 2075 3762 υ
2120 3723 2275 3762 tcum.

2046 3709 2275 3763 udicum.

2072 3780 2212 3831 Ibid.
2250 3778 2596 3846 Persequitur.
2619 3778 2692 3831 De
2714 3777 2812 3831 hac
2840 3778 3209 3845 persecutione
3232 3787 3423 3847 praeter
3445 3778 3580 3831 alios

2001 3851 2189 3903 scribit
2217 3850 2388 3919 Aymo
2421 3850 2514 3901 lib.
2533 3863 2603 3911 VI,
2634 3864 2752 3917 cap.
2783 3850 2836 3917 7,
2870 3858 2922 3902 et
2953 3850 3254 3904 AleXandcr
3293 3848 3583 3902 Mount-ltus

2001 3922 2391 3996 ﬂlpisuféa'toa;
2419 3927 2671 3996 σιςαυρρῡ.

2075 3988 2161 4043 87.
2182 3988 2339 4043 Annis
2366 4005 2440 4042 vr.
2471 3991 2539 4042 Ita
2556 3988 2853 4051 Eusebius,
2881 3988 3127 4057 Niceph"
3155 3988 3367 4055 Paulus,
3395 3990 3585 4044 Eutro-

2006 4062 2097 4131 pii,
2119 4061 2490 4131 interpolator,
2519 4061 2757 4122 Orosius,
2784 4068 2939 4131 atque
2970 4063 3056 4113 alii
3080 4075 3291 4131 omnes.

2076 4130 2212 4184 Ibid.
2246 4129 2570 4199 Zephirinus.
2606 4131 2658 4183 lu
2686 4131 2789 4183 alio
2819 4130 2914 4183 Ms.
2938 4141 3041 4195 est,
3071 4129 3371 4195 Flavianus,
3397 4148 3582 4185 verum

2004 4202 2056 4256 id
2090 4201 2842 4273 li-goZepherinoaccidisse
2875 4203 3012 4267 apud
3044 4203 3328 4273 Eusebium
3363 4205 3454 4258 lib.
3486 4204 3584 4273 Eo.

2004 4271 2163 4326 cles.‘
2190 4272 2323 4325 Ilisu
2356 4285 2473 4341 cap.
2506 4271 2596 4337 2|,
2632 4281 2684 4324 et
2709 4271 2846 4339 apud
2878 4272 3097 4339 Niceph.
3126 4273 3216 4325 Μ).
3252 4289 3303 4337 v,
3344 4288 3462 4341 cap.
3492 4272 3583 4327 9.6.

2008 4345 2148 4397 Ideni
2180 4345 2336 4395 etiam
2376 4340 2609 4413 Fabiano
2638 4343 2881 4413 evenisse
2923 4342 3087 4398 refert
3117 4345 3323 4413 Ayuinu
3371 4340 3464 4398 ιιι».
3508 4359 3580 4408 γι,

2005 4428 2124 4481 cap.
2160 4414 2243 4466 lO.
2280 4413 2333 4464 In
2373 4411 2470 4467 Ms.
2506 4414 2666 4466 etiam
2698 4411 2785 4466 ιιιιί
2820 4410 3101 4466 Flavianus
3132 4410 3322 4470 legitur
3361 4423 3481 4481 post
3507 4415 3585 4464 di-

2005 4487 2236 4555 ctionem
2261 4483 2549 4555 ordinatur,
2584 4483 2863 4551 adjicitur:
2890 4482 3027 4537 Licet
3054 4484 3261 4555 quidam
3284 4483 3379 4537 hoc
3418 4484 3582 4536 verius

2008 4556 2070 4608 de
2098 4553 2382 4621 Zeplierino
2412 4554 2706 4618 aJ/irment.

2081 4625 2216 4678 Ibid.
2250 4623 2395 4677 Multi
2424 4623 2549 4677 Mss.
2579 4624 2681 4694 rsic
2729 4623 2966 4694 rell-runt
2996 4641 3008 4675 :
3060 4623 3236 4694 Hujus
3278 4624 3586 4694 temporibus

2011 4694 2290 4749 Flavianus
2339 4693 2707 4762 (Legendum,
2738 4692 3026 4753 Fabianus)
3059 4692 3412 4748 testimonio...
3447 4695 3589 4746 ordi-

2007 4776 2182 4828 natur,
2216 4765 2329 4818 licet
2367 4765 2574 4834 quidam
2597 4763 2689 4834 hoc
2717 4766 2882 4817 uerius
2910 4768 2971 4816 de
2998 4763 3290 4833 Zcpliyrino
3319 4765 3586 4833 afﬁrmem.

2011 4837 2269 4895 Mellitus,
2296 4846 2569 4900 corrupte,
2624 4833 2871 4888 Seuerino
2928 4850 3021 4903 pro
3052 4836 3361 4903 Zephyrino.
3400 4837 3587 4888 Loaisa

2007 4908 2073 4961 de
2102 4904 2402 4974 Zephyrino
2426 4909 2493 4957 ab
2526 4904 2753 4956 Eusebio
2784 4905 2831 4955 id
2867 4906 3069 4959 narrari
3092 4909 3313 4967 asserit;
3342 4906 3427 4958 alii
3456 4920 3583 4957 cou-

2009 4991 2088 5031 tra
2148 4976 2438 5029 Fabianum
2479 4989 2574 5043 pro
2604 4974 2907 5043 Zepliyriuo
2937 4977 3075 5039 apud
3127 4977 3452 5041 Eusebium,
3487 4975 3580 5029 lib.

2006 5065 2055 5102 vi
2090 5047 2286 5101 llistor.
2311 5046 2532 5115 ei-cles.,
2566 5060 2684 5112 cap.
2708 5044 2800 5111 2:,
2830 5045 2902 5098 al.
2924 5046 3016 5108 29,
3051 5047 3252 5115 legunt.
3294 5047 3421 5100 Vide
3477 5046 3585 5098 Na—

2010 5120 2100 5173 lal.
2119 5114 2437 5185 Alexandr.,
2467 5116 2661 5168 saeculo
2704 5116 2859 5168 tertio
2890 5117 3024 5171 llist.
3059 5121 3277 5182 eccles.,
3307 5131 3426 5185 cap.
3450 5117 3504 5181 2,
3529 5124 3587 5170 et

2014 5191 2253 5255 l’agium,
2294 5186 2346 5238 in
2391 5184 2522 5238 Vitis
2552 5185 2887 5239 Pontiﬁcum.
2921 5192 3090 5241 Ant-3v.

2076 5258 2165 5313 88.
2209 5258 2368 5309 Annis
2406 5271 2497 5310 vn.
2530 5257 2619 5309 Sic
2646 5257 2921 5320 Eusebius,
2959 5257 3312 5323 Mcephorus,
3342 5258 3583 5321 Orosius,

2008 5329 2301 5389 Cedrenus,
2322 5327 2515 5395 aliique
2546 5341 2679 5394 pene
2706 5342 2910 5383 omnes.
2943 5328 3176 5381 Zonaras
3209 5343 3237 5380 a
3270 5330 3581 5392 quibusdam

2009 5399 2259 5453 traditum
2282 5398 2353 5450 ait
2380 5411 2547 5451 annos
2568 5412 2596 5449 v
2622 5399 2936 5467 imperasse,
2961 5415 2990 5452 a
3018 5400 3285 5455 inionnllis
3306 5415 3357 5453 v1
3384 5408 3439 5453 et
3461 5402 3583 5453 toti-

2007 5472 2127 5523 dem
2150 5483 2380 5521 menses.

2078 5541 2165 5594 8‘).
2202 5540 2351 5591 Anno
2386 5554 2425 5592 ι.
2453 5535 2544 5591 Sic
2578 5538 2877 5594 Chronicon
2919 5539 3161 5593 Grircum
3196 5554 3295 5593 ms.
3330 5538 3590 5593 Eusebius

2008 5608 2523 5677 veroﬁtcephoms,
2550 5611 2664 5663 Ado
2696 5611 2859 5663 et‘alii
2884 5626 3082 5664 annum
3106 5627 3265 5663 unum
3301 5621 3502 5678 ponunt
3532 5620 3580 5660 et

2006 5695 2066 5739 ut
2081 5693 2315 5737 meum.
2338 5679 2627 5750 Eutropius
2646 5679 2818 5750 ipsum
2840 5695 2959 5736 cum
2984 5682 3090 5737 lilio
3111 5682 3405 5753 imperasse
3426 5683 3589 5736 tradit
