4084 6160
453 187 586 243 lilii

1483 184 1539 240 S.
1583 181 1824 239 lSlDOl‘tl
1867 180 2310 238 lllSPALENSIS
2353 180 2653 238 EPISCUl’l

3571 179 3708 235 1048

441 313 525 352 tur
570 307 809 365 exortus,
835 316 863 354 a
891 315 996 369 quo
1029 298 1256 369 primum
1286 295 1604 350 monasteria
1627 295 1838 351 condita
1872 309 2017 349 sunt.
2050 299 2098 358 Α
2127 303 2313 364 regnat
2339 295 2492 348 annis
2537 311 2596 348 ιι.
2647 293 2834 355 Carus,
2869 301 3144 362 postquam
3184 293 3254 349 de
3302 293 3478 352 Persis
3528 295 3716 350 trium.

514 389 603 444 90.
635 387 821 464 [32511]
854 387 1057 454 Gallus,
1101 396 1154 442 et
1208 384 1526 440 Volusianus
1573 385 1690 454 ejus
1747 385 1910 449 titius,
1945 399 2026 440 re-

443 491 610 552 gnant
663 496 814 534 anuis
855 494 914 534 tt.
945 479 1198 543 Novatus,
1228 477 1476 548 Cypriani
1511 477 1758 546 Episc0pi
1803 477 2028 548 presby-

451 584 549 630 tcs.
573 572 792 625 Romam
813 569 1058 633 veniens,
1084 567 1432 622 Novatianam
1460 566 1686 620 lneresin
1711 565 1975 621 condidit.

511 659 606 716 ιιι.
637 657 822 732 [5166]
858 658 1172 714 Valerianus
1225 673 1346 714 cum
1399 657 1642 712 Gallieno
1689 667 1911 726 regnant
1939 672 2032 709 au-

445 761 527 814 ιιίε
567 765 652 806 xv.
701 749 999 820 Cyprianus
1055 750 1284 819 primum
1341 748 1544 815 rhetor,
1579 747 1773 803 deinde
1819 748 2027 817 episco-

446 860 563 908 pus,
599 842 856 912 martyrio
910 851 1220 896 coronatur.
1280 839 1439 894 Gothi
1483 855 1697 910 quoque
1747 840 2031 905 Graeciam,

446 930 832 996 Macedoniam,
862 931 1042 985 Asiam
1074 929 1410 998 Pontumque
1440 929 1852 999 depopulantur.
1883 930 2036 984 Vulc-

447 1021 626 1077 rianus
648 1021 964 1078 Christianis
987 1022 1410 1095 persecutionem
1434 1039 1680 1089 moxens,
1704 1025 1880 1093 a:rege
1905 1025 2030 1080 Per-

445 1129 624 1170 sarum
645 1114 848 1182 Sapore
874 1124 1082 1184 captus,
1111 1113 1182 1168 ibi
1215 1113 1268 1168 in
1291 1113 1553 1168 dedecore
1577 1115 1698 1168 vita:
1731 1117 2032 1170 consenuit.

518 1206 606 1260 9‘2.
651 1203 839 1278 [5468]
877 1205 1136 1260 Claudius
1177 1213 1364 1274 regnat
1403 1206 1558 1260 anuis
1589 1221 1642 1260 ιι.
1680 1204 1782 1260 lste
1809 1206 2032 1271 Gothus,

449 1298 696 1368 llyricum
719 1296 1193 1367 Macedoniamque
1242 1305 1511 1351 vastantes
1551 1306 1792 1366 superat.
1844 1297 2035 1355 Paulus

453 1390 840 1446 Santosatcnus
871 1386 1226 1442 liceresiarclta
1273 1387 1606 1456 agnoscitur.

519 1479 610 1537 95.
644 1477 829 1552 [5474]
878 1477 1196 1532 Aurelianus
1251 1488 1437 1547 regnat
1482 1475 1639 1531 annis
1685 1493 1762 1533 vt.
1797 1477 1900 1533 lste
1932 1477 2036 1532 Ro-

450 1586 730 1626 manorum
779 1569 1060 1640 imperium
1094 1569 1339 1624 bellando
1397 1584 1530 1638 pene
1564 1569 1628 1624 ad
1664 1570 1800 1625 lines
1832 1569 2037 1639 priores

2135 386 2334 454 pbavit,
2360 386 2528 440 victor
2556 387 2700 440 circa
2721 383 2989 454 Tigridem
3017 394 3188 439 castra
3217 399 3420 455 ponens
3440 425 3457 451 ,
3481 385 3586 440 ictu
3605 383 3708 441 l'ul-

2133 475 2290 529 minis
2313 475 2566 530 concidit.

2202 568 2293 622 97.
2339 564 2523 638 [55503]
2574 565 2932 621 Diocletianus
2973 576 3028 621 et
3072 567 3420 623 Maximianus
3460 583 3716 638 regnave-

2135 668 2259 716 runt
2299 660 2454 714 anttis
2499 675 2588 713 xx.
2635 659 3016 724 Diocletianus,
3049 660 3244 714 divinis
3286 660 3439 714 libris
3490 661 3717 728 adustis,

2134 749 2471 806 Christianos
2504 759 2616 806 toto
2643 751 2773 808 urbe
2808 752 3160 821 persequitur.
3193 753 3293 806 Iste
3325 752 3526 821 primus
3573 767 3721 821 gem-

2135 858 2252 904 mas
2282 844 2519 899 vestibus
2541 844 3027 914 calceatnentisquc
3055 844 3216 899 inseri
3237 845 3422 914 jussit,
3453 845 3580 899 dum
3605 844 3719 900 sola

2136 951 2365 1006 purpura
2398 946 2544 990 retro
2575 935 2837 1003 principes
2865 945 3161 990 uterentur.
3219 935 3281 989 [li
3335 948 3513 990 autem
3547 936 3718 1005 Impe-

2140 1039 2346 1082 ratores
2373 1029 2520 1082 varia
2553 1028 2688 1083 bella
2717 1035 3019 1096 gesserunt,
3065 1026 3243 1080 Persis
3297 1024 3471 1094 vit-tis,
3507 1038 3720 1096 recepta

2137 1120 2534 1190 Mesopotamia.
2566 1121 2664 1187 Qui
2725 1129 2926 1189 postea,
2991 1119 3192 1188 pariter
3237 1117 3446 1190 fastigio
3496 1119 3710 1189 imperii

2141 1211 2346 1277 relicto,
2380 1211 2571 1279 privati
2605 1212 2870 1266 vixerunt.

2211 1301 2300 1356 68.
2333 1299 2519 1374 [550.3]
2543 1301 2786 1356 Galerius
2812 1309 2999 1370 regnat
3027 1299 3178 1355 annis
3211 1316 3271 1357 ιι.
3310 1299 3479 1370 llujus
3513 1301 3724 1370 imperii

2141 1394 2378 1450 brevitas
2401 1394 2533 1448 nihil
2555 1395 2770 1462 dignum
2804 1394 3022 1448 historia
3053 1394 3299 1448 contulit.

2211 1487 2302 1542 99.
2355 1487 2540 1558 [5555]
2594 1485 2973 1541 Constantinus
3009 1495 3192 1555 regnat
3243 1486 3397 1541 annis
3447 1501 3575 1540 xxx.
3626 1485 3726 1540 llic

2143 1575 2323 1632 Persis
2346 1577 2542 1631 bellum
2573 1578 2774 1646 paravit
2803 1594 2818 1642 ;
2850 1576 2915 1630 ad
2940 1575 3094 1644 cujus
3124 1576 3407 1630 adventum
3437 1576 3576 1631 adeo
3616 1585 3728 1631 tre-

454 1662 731 1732 perduxit;
766 1662 882 1731 qui,
913 1662 1343 1731 persecutionem
1391 1661 1647 1716 adversus
1703 1660 2037 1716 Christianos
2075 1677 2118 1737 1;
2148 1667 2484 1736 pidaverunt,
2538 1679 2594 1723 ut
2637 1671 2905 1737 supplices
2960 1680 3310 1726 occurrerent
3358 1673 3729 1740 promittentes

448 1753 688 1809 cll‘triens
709 1793 723 1817 ,
753 1753 971 1806 fulmine
1004 1752 1289 1822 corripitur
1332 1759 1387 1807 et
1431 1749 1550 1806 sine
1579 1766 1724 1807 mora
1754 1751 2033 1806 occiditur.

517 1847 627 1917 96
666 1845 755 1899 94.
787 1843 969 1919 [54ἷ5]
998 1845 1212 1900 Tacitus
1260 1853 1446 1914 regnat
1482 1860 1621 1898 anno
1660 1860 1697 1902 ι.
1728 1843 1894 1915 Hujus
1915 1844 2037 1901 vita:

449 1939 680 1994 brevitas
707 1948 976 2008 gestorum
1007 1937 1137 1991 nihil
1160 1936 1378 2004 dignum
1406 1935 1627 1990 historia
1663 1944 1940 2001 pra:m:tat.

520 2031 609 2086 95.
653 2027 839 2104 [548i]
871 2029 1077 2084 Probus
1131 2037 1319 2099 regnat
1361 2030 1515 2084 annis
1567 2044 1638 2084 γι.
1694 2029 1798 2084 Iste
1849 2028 2035 2084 militia

451 2135 723 2188 Strenuus,
753 2132 806 2178 et
854 2122 1113 2177 civilitate
1155 2121 1462 2190 prmclarus,
1505 2121 1706 2177 Gallias
1735 2137 1763 2176 a
1794 2123 2037 2178 barbaris

450 2222 736 2283 occupatas
758 2211 1007 2267 beliando
1039 2211 1294 2266 [initiatus
1323 2213 1570 2268 restituit.
1596 2212 1764 2284 Hujus
1797 2222 2038 2282 tempore

453 2301 862 2358 Manichaeorum
895 2301 1115 2357 hwresis
1143 2310 1258 2356 orta
1289 2311 1390 2359 cs'.

521 2395 610 2449 9".
643 2391 826 2465 [5185]
855 2391 1022 2448 Carus
1051 2408 1172 2447 cum
1225 2393 1346 2449 ﬁliis
1389 2393 1586 2450 Carino
1625 2402 1681 2452 et
1707 2394 2037 2454 Numeriano

458 2552 692 2634 btet-nio,
723 2550 942 2607 Orosius
971 2546 1220 2614 triennio,
1249 2546 1598 2604 Cassiodorus
1629 2547 2036 2618 biennio,men-

454 2625 962 2754 .Mellitus,
1002 2699 1224 2744 exortus.
1277 2688 1453 2744 Ιίυιηω
1491 2688 1922 2760 amphitheatrum
1949 2655 2030 2747 in-

464 2779 691 2818 censum.
715 2763 831 2815 Alia
853 2762 1067 2816 omittit.
1093 2763 1261 2814 Αιιιίγ.

526 2837 614 2887 to.
646 2834 689 2886 A
710 2833 808 2885 .nis
838 2847 893 2886 ιι.
926 2831 1062 2886 Beda
1091 2847 1152 2884 ae
1182 2833 1359 2885 caeteri
1393 2829 1501 2886 fere
1529 2845 1715 2886 omnes
1746 2845 1799 2885 tv
1827 2845 2039 2888 menses

458 2903 731 2971 adjiciunt.
761 2902 892 2958 Nam
923 2902 1060 2972 quod
1113 2903 1160 2954 in
1191 2901 1492 2970 Nicephoro
1522 2902 1710 2972 legitur
1747 2901 2042 2969 imperasse

2146 1761 2398 1829 imperata
2421 1761 2700 1829 perlicere.
2721 1761 3051 1816 Christianus
3074 1776 3287 1831 quoque
3303 1761 3548 1827 eﬂecms,
3569 1763 3731 1817 licem

2146 1852 2269 1906 tiam
2303 1851 2448 1906 dedit
2474 1851 2794 1908 Christianis
2823 1853 2987 1909 libere
3017 1855 3347 1924 congregari,
3378 1864 3432 1910 et
3470 1855 3524 1908 in
3559 1856 3728 1908 hono-

2144 1956 2257 1996 retn
2288 1940 2484 1997 Christi
2515 1944 2619 2014 97
2669 1944 2910 2000 basilicas
2952 1945 3211 1999 construi.
3255 1944 3346 1999 llis
3395 1946 3728 2014 temporibus

2147 2033 2364 2088 hieresis
2393 2034 2587 2090 Ariana
2611 2038 2868 2090 exoritur.
2917 2037 3152 2092 Nicaeum
3183 2051 3395 2106 quoque
3439 2037 3726 2092 concilium

2145 2137 2174 2177 a
2203 2121 2553 2179 Constantino
2576 2125 2642 2179 ad
2670 2125 3168 2180 condemnationem
3204 2127 3311 2180 Arii
3342 2135 3722 2196 congregatur.

2139 2213 2286 2269 Tunc
2315 2224 2371 2270 et
2419 2215 2640 2271 Donatis
2667 2232 2819 2272 arum
2849 2218 3082 2272 schisma
3122 2217 3384 2272 oboritur.
3435 2217 3539 2272 Per
3585 2217 3726 2272 idem

2142 2315 2353 2377 tempus
2408 2322 2538 2363 crux
2592 2307 2791 2364 Christi
2821 2311 2886 2364 ab
2915 2311 3134 2376 llelena,
3168 2309 3506 2364 Constantini
3532 2318 3728 2376 matre,

2145 2399 2526 2470 Hierosolymis
2571 2410 2781 2472 reperta
2833 2411 2936 2460 est.
2989 2399 3374 2457 Constantinus
3416 2409 3619 2464 autem,
3674 2401 3727 2455 in

2221 2549 2361 2608 Ibid.
2388 2550 2464 2606 De
2483 2552 2673 2608 htereSt
2705 2552 3119 2608 Maniclncorum
3144 2568 3170 2604 a
3191 2553 3341 2607 Mane
3365 2552 3520 2608 Persa
3549 2560 3734 2609 exorta

2149 2622 2336 2692 set-ibit
2390 2624 2666 2682 Eusebius.
2704 2625 2796 2678 lib.
2833 2639 2905 2677 γιι
2957 2624 3163 2692 Eccles.
3218 2624 3447 2692 Ilistur.,
3490 2638 3609 2681 can.
3641 2623 3732 2679 25.

2155 2689 2388 2745 Hilarius
2439 2693 2506 2747 de
2563 2692 2825 2749 Trinitate
2869 2693 2966 2748 lib.
3006 2709 3077 2749 γι.
3136 2691 3366 2763 Cyrillus
3400 2689 3619 2749 Catecb.
3663 2708 3733 2747 γι.

2155 2761 2415 2818 Euiohan.
2441 2763 2634 2818 lneres.
2667 2762 2758 2818 66.

2151 2761 2415 2832 Epiphan.
2441 2763 2634 2818 haeres.
2667 2762 2758 2820 66.
3183 2761 3197 2763 ⁷

2188 2902 2200 2913 .
2224 2833 2314 2887 ξλϐ.
2347 2833 2605 2913 Eusebius
2634 2832 3022 2913 Choronicoita
3070 2833 3266 2913 habet:
3299 2833 3516 2888 Carinas
3547 2833 3740 2913 Frictio

2149 2903 2310 2975 victus
2339 2906 2477 2974 apud
2517 2904 2762 2975 Murcum
2789 2905 3075 2969 occiditur;
3109 2903 3390 2974 VOpiscus,
3419 2903 3566 2974 apud
3590 2903 3740 2957 Mur-

459 2967 564 3030 un}.
591 2976 850 3028 duntaxat
887 2967 1029 3027 anno
1066 2985 1118 3027 et
1150 2967 1421 3027 mensibus
1460 2987 1515 3026 tv
1555 2967 1673 3027 sine
1701 2967 1896 3028 mendo
1936 2988 2044 3028 non
2075 2967 2121 3028 C
2155 2974 2303 3029 tiam.

464 3053 619 3111 puto,
664 3053 722 3098 ut
760 3043 924 3111 liquet
976 3059 1043 3098 ex
1097 3042 1500 3099 enunieratiozze
1553 3044 1854 3110 consulum,
1905 3045 2044 3112 apud

464 3114 861 3171 Cassiodorum.

533 3184 675 3240 Ibid.
698 3185 768 3238 De
787 3185 988 3240 Novato
1009 3182 1256 3238 hmredco
1277 3183 1460 3237 scribit
1484 3181 1744 3237 Eusebius
1764 3182 1854 3237 lib.
1873 3199 1923 3238 γι
1948 3185 2046 3240 Ec-

462 3257 594 3310 cles.
621 3258 842 3318 llistor.,
872 3269 989 3323 cap.
1022 3253 1110 3315 35.
1137 3265 1191 3308 et
1238 3253 1494 3308 Pacianus
1521 3254 1742 3323 epistola
1778 3253 1929 3309 tertia
1977 3257 2044 3310 ad

462 3323 772 3399 Sytnphor.,
801 3333 855 3379 et
894 3321 1140 3399 socrates
1170 3323 1263 3380 lib.
1298 3339 1371 3389 tv,
1402 3339 1518 3391 cap.
1552 3321 1621 3376 25
1644 3365 1659 3391 ,
1706 3323 1794 3392 qui
1818 3324 1891 3399 ⁸ιιι
1920 3340 2047 3399 con-

464 3394 858 3461 cilio'ltoiuano
913 3395 1318 3460 Condrtttnatttt,
1353 3402 1410 3448 ut
1457 3402 1668 3448 constat
1720 3409 1784 3448 ex
1816 3394 2046 3450 Eusebio

466 3470 560 3522 lib.
598 3481 673 3530 vt,
706 3481 822 3535 t-ap.
863 3465 955 3532 51),
987 3466 1309 3520 'l‘ltcodoret.
1342 3466 1432 3519 lib.
1465 3479 1545 3532 ιιι,
1574 3463 1827 3536 Cypriau.
1857 3464 1949 3519 lib.
1983 3479 2042 3532 tt,

466 3538 619 3586 cum.
655 3539 708 3586 l.
735 3548 789 3586 et
815 3539 886 3586 lib
917 3551 988 3586 tv-
1015 3538 1170 3586 euist.
1200 3535 1255 3586 2.

465 3539 619 3609 epist.
655 3539 708 3603 l,
735 3548 789 3590 et
815 3539 886 3591 lib
917 3551 988 3599 ιγ,
1015 3539 1170 3604 epist.
1200 3539 1255 3588 ‘2.

535 3607 626 3660 2.2.
657 3607 815 3660 Annis
859 3621 916 3661 ll.
967 3607 1056 3662 Sic
1093 3615 1145 3658 et
1185 3609 1234 3658 in
1268 3603 1496 3659 Eusebio
1527 3603 1866 3659 scribendum
1897 3606 2048 3661 teStis

465 3688 545 3731 est
573 3678 805 3730 Zonaras
855 3681 904 3731 in
936 3676 1178 3746 Claudio,
1213 3689 1437 3746 proqno
1467 3675 1828 3746 nunclegitur
1853 3690 1977 3729 ann.
2007 3693 2044 3746 ι,

466 3765 634 3804 ιιιριιδ.
670 3762 744 3812 ix,
776 3757 830 3800 ιιι
864 3748 912 3800 ἰιι
944 3745 1259 3816 Nicephero.
1301 3745 1588 3811 EutrOpius
1617 3745 1754 3801 intra
1776 3745 2046 3802 biennium

469 3824 656 3873 inorbo
698 3818 919 3889 periisse
945 3819 1075 3889 ait._r
1473 3885 1486 3889 _
1511 3885 1522 3889 _
1575 3884 1579 3889 .

541 3884 787 3944 lbidflte
843 3888 1006 3944 Paulo
1045 3887 1396 3942 Samosateno
1437 3884 1579 3940 vide'
1613 3884 1807 3941 Euseb.
1849 3885 1944 3943 lib.
1975 3903 2049 3942 γιι

471 3961 606 4015 llist.
637 3961 860 4026 Eccles.,
887 3973 1004 4029 cap.
1024 3956 1096 4012 25
1116 3975 1130 4022 ;
1153 3957 1342 4026 Epipb,
1361 3957 1528 4011 hatres
1545 3956 1576 4029 6
1593 3956 1634 4009 δ.
1654 3957 1717 4012 Ει
1744 3958 1798 4012 in
1819 3958 2048 4013 concilio

471 4031 802 4084 Antiorlteno
831 4028 1104 4085 convictus
1131 4041 1249 4085 est:
1282 4029 1488 4099 Aymou
1547 4028 1639 4083 lib.
1687 4043 1782 4098 γιι,
1840 4043 1961 4100 cap.
1992 4031 2044 4099 7,

470 4111 524 4157 et
556 4100 642 4164 10,
675 4100 897 4169 Nicepb.
931 4102 1021 4155 lib.
1050 4115 1121 4168 γι,
1153 4113 1273 4167 cap.
1295 4101 1366 4155 “26
1394 4106 1449 4155 et
1474 4099 1565 4154 “20.

542 4171 631 4225 95.
665 4167 824 4223 Annis
848 4187 920 4226 vt.
951 4171 1022 4225 lta
1050 4167 1362 4228 Gedreuus:
1395 4185 1581 4223 Verum
1635 4168 1928 4237 Eusebius,
1958 4167 2049 4224 Ni-

475 4242 661 4308 cepho:
678 4255 757 4301 us,
782 4243 1026 4306 Orosius,
1050 4239 1332 4308 EutrOpius
1361 4250 1413 4295 et
1429 4237 1684 4305 Zonaras,
1710 4241 1933 4307 imperio
1954 4255 2045 4295 sex

477 4326 642 4364 annos
667 4311 885 4376 potitum
917 4316 1152 4372 tradunt,
1184 4311 1362 4377 paucis
1389 4309 1662 4364 mensibus
1690 4310 1952 4376 exceptis.

548 4381 687 4434 Ibid.
707 4381 962 4435 Ettsebius
978 4382 1028 4435 in
1042 4379 1394 4436 Cbronicosic
1414 4377 1572 4432 habet
1586 4394 1599 4433 :
1615 4380 1918 4432 Aurelianus
1931 4396 2047 4434 cum

476 4453 716 4505 udt‘ersus
738 4469 827 4504 nos
858 4454 1257 4521 persecutionem
1276 4450 1532 4521 movisset,
1558 4450 1913 4521 [ulmenju_xtu
1933 4466 2051 4504 eum

476 4526 782 4591 comitesque
805 4516 917 4593 ejus
948 4525 1048 4576 ruit
1073 4537 1090 4584 ;
1113 4535 1297 4593 action
1321 4519 1480 4593 multo
1507 4516 1620 4593 post
1646 4516 1778 4593 inter
1800 4516 2045 4593 Constan-

473 4589 736 4662 tirwpolnn
756 4603 802 4662 et
828 4589 1140 4647 Heracleum
1167 4591 1221 4644 in
1249 4589 1587 4662 mepltorio
1616 4590 1711 4644 vite
1762 4591 1939 4643 veteris
1967 4605 2051 4644 oc-

476 4661 682 4716 ciditur.
733 4661 943 4718 Flavius
979 4663 1230 4731 Vopiscus
1276 4662 1382 4715 ita:
1411 4663 1536 4731 Cum
1565 4661 1658 4714 iter
1685 4664 1886 4731 faceret
1911 4662 2051 4731 apud

480 4733 871 4800 Cwnophorium
903 4729 1239 4801 mansionem,
1271 4748 1385 4801 qua:
1415 4740 1488 4784 est
1513 4730 1642 4785 inter
1673 4729 1978 4801 Heracleam
2003 4743 2051 4786 ct

482 4804 802 4874 Byzantium,
831 4806 1028 4859 malitia
1058 4807 1238 4859 notarii
1271 4800 1600 4874 interemptus
1627 4811 1718 4874 est.
1748 4800 1882 4874 Vide
1912 4816 2049 4874 pra:-

483 4872 623 4928 terea
649 4878 713 4928 de
737 4877 850 4942 ejus
890 4889 1061 4930 morte
1112 4875 1306 4930 Euseb.
1363 4873 1458 4942 lib.
1507 4886 1580 4924 \‘ll
1626 4872 1845 4942 Eccles.
1911 4873 2048 4928 llist.

481 4946 716 5020 capilli,
752 4941 957 5020 Aynion
983 4947 1199 5020 lib.__vtt_,
1222 4960 1338 5012 cap.
1362 4941 1418 5008 2,
1449 4941 1675 5020 Niceph.
1707 4944 1806 5020 lib.
1833 4957 1904 5006 γι,
1930 4957 2048 5020 cap.

484 5014 570 5070 l‘J.
598 5017 732 5082 Ado,
758 5013 897 5071 Beda
930 5027 984 5072 et
1006 5017 1194 5086 reliqui
1217 5029 1406 5070 oumes
1436 5029 1466 5066 a
1497 5013 1607 5066 suis
1633 5013 1899 5069 interiisse
1921 5015 2054 5068 scri-

481 5087 626 5139 bttnt.

551 5155 640 5208 24.
671 5155 753 5211 Ab
783 5154 898 5209 aliis
932 5169 1028 5210 sex
1061 5169 1272 5212 menses
1305 5155 1352 5210 ei
1380 5153 1738 5222 assignantur,
1762 5169 1794 5210 a
1814 5153 2058 5211 Cedreno

555 5295 690 5351 Ibid.
719 5295 846 5365 Alii,
881 5295 1086 5368 Tacitus
1113 5297 1338 5368 regnavit
1361 5312 1574 5368 annot;
1606 5311 1706 5364 quo
1730 5295 1901 5368 occiso
1926 5295 2068 5363 apud

488 5365 731 5434 Pontum,
763 5369 980 5422 obtinuit
1022 5365 1301 5422 Floriunus
1330 5366 1600 5435 imperium
1631 5366 1813 5420 diebus
1843 5381 2062 5422 Luxu.

482 5441 646 5491 Annv.

556 5508 642 5561 1:5.
668 5507 876 5563 Menses
899 5525 947 5564 ιγ
973 5509 1196 5576 Enseb.,
1217 5507 1466 5578 Niceph.,
1492 5507 1801 5576 Eutropius,
1825 5507 2065 5573 Orosius,

484 5579 673 5646 aliique
707 5580 980 5643 adjiciunt.
1017 5579 1252 5638 Zuttaras
1285 5597 1391 5636 ιιυιι
1423 5579 1644 5650 integris
1671 5593 1763 5634 sex
1796 5594 1922 5633 atm.
1961 5581 2061 5634 itu-

489 5662 698 5718 perasse
732 5651 936 5704 scribit.
1085 5657 1090 5662 '

2075 4343 2124 4407 ἰ)

2224 3046 2313 3098 97.
2343 3046 2513 3116 Annis
2535 3062 2623 3099 xx.
2647 3045 2736 3101 Sic
2765 3045 3045 3111 Eusebius,
3072 3046 3150 3101 Ni:
3168 3046 3323 3116 eph.,
3347 3044 3592 3109 Orosius,
3625 3045 3737 3099 alii.

2151 3113 2428 3170 Cedrenus
2456 3115 2548 3180 22,
2581 3117 2830 3170 Aurelius
2877 3118 3074 3171 Victor.
3109 3113 3217 3182 ‘25,
3240 3131 3343 3169 non
3374 3116 3491 3168 sine
3520 3118 3739 3182 tuen-lo,

2154 3194 2216 3239 ut
2248 3186 2412 3255 liquet
2437 3201 2501 3240 ex
2532 3187 2905 3255 supputatione
2934 3188 3212 3242 consulum
3244 3186 3295 3240 in
3326 3184 3672 3242 Cassiodoro.

2221 3253 2312 3309 98.
2361 3257 2538 3312 Euseb
2561 3253 2962 3323 Its—Cltronit‘o,
3012 3259 3269 3322 Galerius,
3297 3257 3491 3326 inquit,
3539 3255 3743 3311 biennio

2150 3326 2411 3394 Augustus
2439 3327 2707 3394 imperium
2731 3327 2912 3388 tenuit,
2949 3344 3067 3381 mox
3108 3344 3222 3381 cum
3248 3328 3352 3379 alio
3384 3329 3532 3380 annis
3554 3342 3665 3382 an.

2221 3397 2307 3452 99.
2343 3398 2504 3451 Annis
2538 3414 2664 3452 xxx.
2699 3395 2979 3461 Eusebius,
3012 3397 3151 3454 Beda
3188 3406 3243 3452 et
3286 3399 3401 3451 Ado
3453 3413 3484 3450 x
3527 3411 3744 3453 menses

2150 3465 2371 3520 addunt.
2402 3467 2730 3536 Nicephorus
2758 3468 2819 3521 St
2854 3483 3022 3524 annos
3052 3469 3230 3534 habet,
3253 3466 3556 3522 Cbronicon
3589 3467 3746 3522 Gra-

2148 3550 2272 3591 cunt
2305 3551 2404 3590 ms.
2437 3554 2539 3592 xxx
2573 3554 2697 3593 ann.
2729 3547 2782 3592 et
2811 3554 3046 3592 mensem
3076 3554 3112 3593 ι.
3151 3540 3229 3592 Ex
3276 3536 3494 3591 Aurelio
3528 3536 3745 3592 Victore

2149 3608 2472 3676 colliguntur
2524 3609 2647 3661 anni
2703 3624 2868 3662 xxxii.
2933 3608 3207 3664 Cedrenus
3258 3604 3530 3676 irigesimo
3585 3608 3746 3662 tertio

2150 3676 2357 3742 imperii
2381 3693 2522 3732 anno
2549 3688 2812 3732 mortuum
2839 3680 3044 3733 scribit.
3076 3680 3325 3733 Aurelius
3363 3678 3526 3732 etiam
3561 3676 3745 3730 Victor

2153 3747 2300 3816 ponit
2351 3758 2468 3816 post
2515 3748 2784 3803 Galerium
2833 3749 2966 3804 alios
2995 3751 3130 3804 duos
3160 3749 3422 3810 Galerios,
3455 3753 3746 3803 Armenta-

2152 3833 2288 3874 rium
2319 3828 2370 3871 et
2401 3818 2666 3872 Galerium
2690 3821 3052 3883 Maximinum,
3081 3829 3137 3874 et
3160 3821 3544 3874 Alexandrum.

2223 3887 2362 3941 Ibid.
2388 3887 2729 3944 Christianus.
2763 3890 2835 3944 De
2879 3892 3146 3958 Baptismo
3167 3888 3522 3949 Constantini,
3547 3897 3746 3958 printer

2151 3958 2442 4014 Eusebium
2475 3973 2527 4013 et
2551 3960 2832 4022 Zonarant,
2858 3961 3006 4014 initio
3031 3974 3158 4014 tom.
3187 3960 3250 4015 Ill
3274 3960 3491 4027 scripsit
3522 3960 3747 4026 copiose

2151 4029 2424 4102 Cedrenus
2457 4029 2509 4085 in
2533 4031 2647 4100 ejus
2669 4029 2977 4098 Vita.Quod
3000 4029 3200 4102 fuel-ita
3228 4032 3749 4102 Sylvestrosanctis-

2151 4104 2289 4154 sitno
2311 4100 2490 4154 Romae
2509 4098 2641 4170 papa
2665 4103 2963 4170 baptizatus
2987 4101 3217 4168 septimo
3240 4098 3450 4169 imperti
3471 4101 3561 4170 sui
3575 4113 3744 4164 anno,

2151 4179 2244 4224 eta
2261 4170 2405 4239 lepra
2423 4168 2542 4224 libet
2558 4182 2699 4235 atus,
2720 4168 2884 4226 refert
2898 4172 3121 4240 Niceph.
3141 4171 3234 4226 lib.
3259 4168 3352 4231 vti.
3369 4185 3489 4235 cap.
3505 4168 3597 4224 41.
3615 4172 3748 4224 Am-

2153 4241 2367 4296 brusins
2395 4257 2524 4296 vero
2553 4241 2622 4295 de
2664 4242 2811 4298 obitu
2831 4243 3146 4309 'l‘hcoJosii,
3168 4242 3312 4307 quod
3337 4242 3388 4294 in
3413 4244 3538 4295 vita:
3557 4251 3746 4295 extre-

2155 4328 2243 4365 mo
2265 4311 2512 4378 baptismi
2536 4313 2758 4382 gratiam
2783 4313 3097 4379 obtinuerit,
3126 4314 3370 4365 ailirmat.
3399 4310 3543 4366 Idem
3567 4319 3746 4382 testa-

2156 4393 2241 4437 tur
2269 4381 2574 4437 Alexander
2604 4382 2893 4437 Monachus
2917 4383 3009 4437 Iib.
3033 4385 3098 4438 de
3127 4383 3435 4436 Iuventione
3451 4381 3749 4435 salutifera

2151 4453 2362 4518 crucis;
2395 4468 2551 4523 quem
2583 4452 2905 4508 Nicomedia:
2955 4454 3153 4508 obiisse
3207 4455 3302 4515 ait,
3348 4453 3448 4505 hoc
3475 4460 3744 4523 opportu-

2153 4537 2221 4577 ne
2249 4520 2521 4592 adeptunt,
2556 4536 2611 4577 ut
2644 4526 2694 4577 in
2723 4524 2974 4587 Jordane,
3007 4523 3148 4594 quod
3197 4536 3540 4590 summopere
3591 4520 3742 4576 desi~

2151 4595 2458 4660 deraverat,
2484 4595 2877 4663 baptizaretur;
2905 4611 3061 4663 quam
3084 4595 3404 4648 sententiam
3428 4595 3586 4645 etiam
3615 4606 3749 4660 pro-

2156 4663 2245 4716 bat
2273 4664 2517 4730 Hermes,
2550 4669 2822 4730 Socrates,
2868 4674 2922 4718 et
2946 4665 3336 4725 'l‘heodoretus,
3363 4671 3422 4715 ut
3446 4669 3634 4714 auctor
3659 4669 3751 4714 est

2153 4732 2481 4802 Nicepttorus
2535 4737 2628 4789 lib.
2687 4751 2806 4799 \‘ltt,
2863 4751 2981 4802 cap.
3035 4734 3125 4797 54,
3162 4733 3358 4804 quibus
3398 4731 3751 4788 consentiunt

2157 4803 2401 4868 ltuiinus,
2433 4805 2613 4867 0ros.,
2647 4804 2950 4860 Cassiodor.
2977 4815 3029 4858 et
3057 4805 3170 4858 alii.

2232 4873 2366 4925 Ibid.
2389 4873 2548 4938 Crux,
2569 4890 2673 4931 etc.
2700 4883 2779 4928 Αιι
2809 4891 2935 4930 crux
2959 4876 3011 4928 in
3038 4891 3139 4944 qua
3156 4874 3302 4928 salus
3317 4883 3498 4928 nostra
3516 4872 3752 4942 viaeque

2160 4954 2343 4998 auctor
2375 4946 2654 5014 pependit,
2702 4946 2944 5000 habuerit
2994 4956 3220 5014 quatuor
3266 4944 3514 5007 brachia,
3569 4951 3624 4997 et
3673 4957 3750 4998 an

2161 5032 2241 5067 ωε
2260 5031 2354 5080 pus
2381 5015 2585 5068 Domini
2610 5017 2773 5070 nostri
2792 5026 3018 5085 quatunr
3042 5015 3197 5071 fuerit
3219 5014 3383 5070 clavis
3405 5016 3748 5076 transﬁxum,

2163 5084 2399 5150 disputat
2443 5090 2527 5154 pie
2570 5097 2621 5140 et
2649 5084 2924 5154 eleganter
2954 5087 3123 5141 Lucas
3165 5085 3452 5154 episcopus
3479 5085 3748 5154 'l’tidettsis

2169 5156 2208 5208 ll
2236 5153 2721 5222 spanus’adversus
2746 5153 3084 5226 Albigenses,
3131 5153 3289 5225 quem
3333 5170 3436 5210 ms.
3457 5156 3520 5226 in
3553 5153 3750 5226 biblio-

2173 5228 2326 5278 theca
2354 5226 2539 5279 habeo.
2575 5227 2649 5280 De
2677 5226 2790 5294 ejus
2820 5224 3128 5281 inventione
3155 5224 3414 5279 Alexand.
3455 5224 3750 5279 Monachus

2173 5297 2407 5365 nondum
2432 5299 2623 5361 editus,
2652 5301 2740 5364 qui
2771 5297 2908 5365 apud
2941 5314 3026 5351 tne
3057 5307 3136 5352 est
3164 5294 3352 5350 Graece
3391 5310 3491 5349 tns.

2243 5364 2380 5420 Ibid.
2397 5365 2423 5418 I
2432 5385 2463 5419 ιι
2477 5387 2497 5414 ι.
2507 5363 2700 5418 riunntn
2717 5363 2925 5436 dogma.
2947 5371 3089 5421 Ilattc
3100 5368 3416 5422 sententiam
3431 5366 3584 5420 docte
3596 5363 3750 5420 rete!-

2172 5437 2227 5490 lit
2242 5438 2511 5492 tledrcuus
2533 5439 2582 5490 in
2603 5435 2930 5505 Cotnpendio
2947 5439 3144 5493 llistor.
3177 5437 3230 5492 in
3260 5435 3745 5491 VitaCou‘stautiui.

2242 5505 2379 5561 Ibid.
2412 5507 2486 5562 De
2516 5509 2777 5578 baptismo
2819 5509 3150 5564 Consmntini
3191 5507 3321 5562 satis
3375 5521 3643 5576 superque
3675 5506 3747 5559 ab

2171 5579 2293 5649 aliis
2338 5581 2659 5649 disputatum
2705 5591 2808 5634 est.
2854 5580 2909 5633 ltt
2955 5581 3152 5636 Codice
3208 5579 3515 5649 Florentino
3565 5577 3745 5649 sancti

2173 5648 2354 5720 Marti,
2389 5646 2482 5719 pro
2501 5649 2860 5707 Constantinus
2879 5661 3049 5707 autem
3078 5651 3129 5706 iu
3151 5658 3436 5705 extremo...
3457 5647 3562 5717 ﬁne
3584 5646 3718 5701 inata
