4004 6144
292 184 431 242 {049

1744 180 2151 239 CllRONICON.

3430 195 3566 250 1050

285 313 531 357 extremo
553 302 673 356 vita:
709 317 815 355 sum
848 301 916 355 ab
950 299 1180 355 Eusebio
1213 297 1599 354 Nicomediensi
1625 297 1876 368 episcopo
1907 303 1950 359 Α
1980 312 2071 353 sus
2100 344 2114 368 ,
2151 299 2409 368 plurimos
2438 314 2625 356 eorum
2665 317 2763 357 suo
2806 305 3091 372 prostravit
3138 306 3404 360 incendio.
3450 309 3566 375 Quo

288 394 609 463 baptizatus,
637 394 687 446 in
716 394 969 447 Ariunum
1001 392 1190 462 dogma
1214 393 1572 446 convertitur:
1591 390 1717 456 heu,
1742 391 1874 461 proh

286 487 445 541 do'ur
469 489 483 542 ε
516 488 654 539 bono
682 502 809 539 usus
838 486 1119 555 principio,
1144 496 1193 540 et
1222 486 1325 540 line
1355 485 1519 539 malo.

367 578 491 632 100.
517 578 591 649 l5?
612 576 702 650 59]
743 578 1088 632 Constantius
1127 589 1181 633 et
1230 579 1493 631 Constans
1521 585 1879 645 regnaverunt

284 673 445 726 annis
491 686 632 725 μιν.
686 671 1032 725 Constantius
1087 671 1411 725 crudelitate
1471 685 1678 725 morum
1714 673 1877 725 terri-

286 762 437 825 bilis,
460 778 487 815 a
518 762 695 815 Persis
741 762 903 815 multa
953 777 1237 830 perpessus
1267 770 1371 816 est.
1407 760 1608 814 Deinde
1649 760 1878 817 Arianus

286 857 510 911 eli’ectus
537 854 831 908 catholicos
855 862 966 907 toto
987 854 1117 907 orbe
1150 851 1504 919 persequitur.
1530 850 1691 919 Cujus
1718 854 1876 907 etiam

287 948 469 1000 favore
502 944 661 999 Arius
691 946 876 1007 fretus,
902 944 1027 996 dum
1074 942 1575 1009 Constantinopolin
1607 940 1673 993 ad
1705 938 1880 993 eccle-

285 1038 420 1091 siam
452 1041 716 1102 pergeret,
744 1033 1001 1087 adversus
1034 1042 1247 1086 nostros
1274 1031 1342 1085 de
1374 1030 1476 1083 lide
1499 1029 1873 1089 dimicaturus,

283 1129 563 1182 diverteris
622 1140 717 1195 per
780 1123 950 1177 fortun
1002 1122 1340 1178 Constantini
1396 1122 1462 1174 ad
1512 1118 1877 1175 necessariam

283 1235 527 1286 causam,
563 1218 765 1273 viscera
796 1216 913 1285 ejus
965 1224 1187 1283 repente
1213 1214 1373 1269 simul
1424 1227 1544 1267 cum
1576 1213 1682 1264 vita
1711 1209 1877 1264 effusa

282 1320 436 1365 sunt.
469 1309 571 1364 Per
601 1307 744 1363 idem
776 1315 987 1375 tempus
1017 1305 1341 1359 Athanasius
1395 1313 1450 1359 et
1499 1301 1734 1356 Hilarius
1777 1300 1878 1353 do-

289 1402 464 1456 ctrina
493 1408 547 1453 et
569 1398 909 1452 confessione
952 1395 1072 1449 ﬁdei
1112 1394 1474 1449 celebrantur.
1508 1392 1738 1447 llaeresis
1767 1393 1878 1447 An-

280 1492 871 1562 thropomorpbitarum
928 1489 1038 1558 93
1074 1489 1125 1541 in
1175 1487 1351 1559 Syria,
1383 1495 1436 1541 et
1466 1484 1796 1550 Macedonia,
1824 1494 1879 1539 et

281 1584 742 1652 Constantinopoli
779 1584 1033 1637 nascitur.
1088 1583 1325 1638 Donatus
1354 1582 1486 1637 artis
1513 1581 1877 1651 grammaticae

278 1676 531 1740 scriptor,
556 1688 618 1729 ac
646 1684 942 1742 prteccptor
970 1673 1301 1742 Hieronymi,
1324 1674 1507 1727 Romae
1536 1674 1753 1727 illustris
1780 1670 1867 1725 ha-
1904 1681 1949 1739 Β

280 1766 460 1818 betur.
516 1766 777 1819 Antonius
827 1765 1119 1819 monachus
1177 1766 1420 1819 moritur.
1462 1764 1594 1818 Ossa
1644 1764 1873 1819 Andreae

279 1865 336 1909 et
362 1855 515 1910 Lucze
536 1855 1433 1924 apostolorumConstantinopolim
1456 1854 1872 1911 transferuntur.

362 1944 483 2000 101.
525 1943 709 2017 [ἔὸϐί]
731 1945 973 2000 Julianus
995 1958 1177 2015 regnat
1198 1945 1350 2000 annis
1377 1962 1437 2001 tt.
1476 1947 1573 2000 llic
1596 1962 1657 1999 ex
1681 1946 1878 2001 clerico

280 2036 578 2105 imperator
607 2052 669 2092 ac
725 2052 960 2109 paganus
988 2036 1207 2092 effectus
1233 2080 1248 2105 ,
1284 2037 1349 2091 ad
1382 2037 1643 2091 idolorum
1672 2037 1873 2091 cultum

274 2128 642 2193 convertitur,
673 2143 734 2182 ac
757 2128 1077 2184 Christianis
1099 2130 1349 2200 martyria
1376 2130 1571 2184 intulit.
1603 2129 1876 2187 Liberales

274 2221 495 2276 litteras
542 2219 876 2276 Christianos
925 2224 1123 2276 docere
1170 2223 1254 2276 vel
1299 2221 1512 2279 discere
1552 2224 1741 2277 vetuit.
1774 2221 1876 2289 Qui

272 2313 450 2369 etiam
477 2356 491 2380 ,
524 2314 650 2369 dum
681 2314 735 2368 in
768 2314 950 2369 odium
985 2315 1183 2369 Christi
1225 2315 1478 2384 templum
1527 2314 1876 2386 Jerosolymis

272 2404 504 2461 Judzeos
526 2420 780 2474 reparare
812 2406 1161 2473 permisisset,
1192 2418 1349 2474 atque
1376 2421 1441 2461 ex
1476 2407 1723 2459 omnibus
1749 2421 1875 2476 pro-

277 2495 479 2549 vinciis
509 2494 680 2549 ἆυ(ιωί
711 2496 922 2549 collecti
957 2512 1089 2549 nova
1124 2497 1309 2566 templi
1354 2495 1699 2551 fundamenta
1726 2497 1875 2576 jace-

277 2596 429 2653 rent,
464 2588 644 2642 subito
677 2597 834 2643 nocte
864 2589 1058 2643 oborto
1098 2598 1254 2644 teme
1288 2599 1431 2643 motu
1460 2629 1474 2655 ,
1517 2604 1642 2643 saxa
1670 2590 1737 2644 ab
1766 2588 1876 2645 imo

273 2677 764 2733 fundamentorum
793 2694 1019 2735 excussa
1044 2720 1060 2744 ,
1090 2681 1246 2750 longe
1275 2681 1488 2750 lateque
1512 2695 1695 2749 Sparsa
1728 2693 1872 2737 sunt.

273 2768 473 2837 lgneus
503 2784 714 2839 quoque
740 2771 929 2840 globus
958 2772 1024 2825 ab
1054 2771 1293 2828 interiori
1323 2773 1439 2829 aede
1467 2775 1650 2845 templi
1680 2790 1868 2845 egres-

268 2924 397 2980 hzec
436 2925 1079 2997 subrogantttrzﬂumque
1107 2929 1294 2982 bellum
1339 2928 1390 2983 in
1424 2928 1611 2984 Persas
1660 2932 1872 2986 molire-

270 2968 397 2980 ...“
436 2968 595 2980 -...,...
814 2968 990 2990 .,υ......
1019 2968 1076 2982 ..υ
1107 2968 1294 2982 .,.,.......
1424 2968 1445 2982 .
1473 2968 1609 2984 μυ...
1661 2968 1863 2986 ...νηη-

268 3006 385 3059 tur,
443 2997 495 3049 in
547 2968 668 3049 villa
711 2998 916 3066 publica
953 2968 1107 3068 juxta
1154 2999 1508 3053 Nicomediam
1560 3002 1863 3067 dispositam

269 3056 407 3138 bene
459 3056 819 3135 rempublicam
872 3056 995 3138 [iliis
1052 3070 1272 3131 tradens,
1332 3070 1469 3123 diem
1525 3056 1664 3125 obiit'.
1724 3071 1857 3126 Cod.
1889 3056 1934 3116 C

269 3136 708 3211 Albandomittit
738 3136 1026 3211 ea_omnia,
1058 3139 1421 3211 Caristantinus
1449 3150 1649 3193 autem.
1677 3182 1692 3196 .
1720 3182 1731 3194 .
1762 3143 1864 3211 [ine

272 3209 439 3259 malo.
473 3208 675 3260 Omittit
708 3208 904 3276 pariter
934 3210 1113 3262 Codex
1159 3210 1406 3264 Carsenas
1455 3208 1858 3272 antituissimns

276 3277 766 3345 Etytnologtarnut,
792 3280 841 3331 in
873 3294 977 3343 quo
1010 3279 1265 3332 insertum
1299 3292 1379 3331 est
1410 3281 1507 3334 hoc
1537 3282 1859 3337 Cltrtmicuttl

267 3347 510 3421 [ardalio
564 3348 796 3421 breviuri
843 3350 987 3421 quod
1027 3349 1380 3421 pleriqnealii
1411 3350 1860 3421 Etymologiarum

268 3416 511 3489 Codices
549 3418 828 3489 exhibent.
864 3422 938 3473 Ar
965 3416 1191 3489 fortasse
1234 3418 1435 3474 I~idoro
1461 3416 1528 3472 ab
1560 3416 1735 3489 aliquo
1764 3424 1861 3475 ad-

265 3487 416 3556 jecta
448 3500 590 3541 sunt.
626 3488 678 3540 In
708 3490 950 3543 l‘lditione
972 3488 1153 3542 Grialii
1179 3490 1429 3544 scribitur
1457 3487 1660 3553 Arrius,
1684 3492 1863 3545 Arria-

267 3573 373 3607 nus
397 3570 418 3609 .'
441 3557 533 3609 sed
564 3560 896 3612 communior
927 3560 1191 3614 scribendi
1226 3563 1360 3613 ratio
1390 3570 1473 3613 est
1502 3562 1677 3623 Arius,
1711 3564 1858 3615 Aria-

274 3642 413 3691 rtus;
464 3637 623 3693 atque
666 3629 713 3681 id
759 3632 827 3681 ita
858 3634 1177 3684 observatur
1208 3631 1258 3685 in
1289 3629 1520 3686 Historia
1564 3631 1859 3687 Gothorum

265 3698 523 3764 ejusdem
556 3698 836 3754 Editionis.
870 3703 1038 3754 Alter.

351 3766 419 3819 10
442 3778 475 3821 ν.
502 3769 661 3822 Annis
692 3786 831 3823 xxxv.
863 3771 948 3823 Sic
994 3768 1233 3835 Orosius,
1266 3768 1529 3837 Niceph.,‘
1551 3770 1776 3826 Cedren.
1806 3782 1861 3827 et

260 3835 527 3891 Chronic.
561 3838 829 3896 Cra-cum.
888 3841 1240 3907 Hieronymus
1271 3842 1324 3894 in
1357 3835 1454 3893 suo
1477 3839 1543 3893 ad
1570 3842 1858 3898 Eusebium

259 3907 564 3971 Chronicu,
610 3926 778 3983 mens.
806 3927 834 3963 ν
880 3911 1101 3979 diesque
1130 3926 1202 3964 xit
1248 3911 1412 3964 addit.
1446 3910 1500 3965 ln
1546 3911 1733 3967 Adan
1766 3930 1857 3983 po-

263 3987 479 4033 nuntur
508 3980 630 4032 anni
658 3996 810 4043 xvm,
836 3996 1007 4034 mens.
1042 3997 1094 4045 ν,
1118 3983 1230 4034 dies
1257 3997 1363 4035 xiv.

346 4046 490 4102 Ibid.
514 4047 798 4104 Dirertens.
818 4051 893 4105 De
914 4060 1085 4106 morte
1098 4050 1208 4106 Arii
1238 4050 1458 4105 Rufinus
1481 4051 1573 4106 lib.
1593 4068 1625 4107 ι
1648 4053 1853 4109 Eccles.

266 4119 479 4174 llistor.
503 4135 621 4187 eap.
655 4122 741 4176 15.
774 4123 836 4175 Et
865 4123 1093 4176 Cedren.
1126 4138 1244 4175 cum
1278 4122 1470 4190 Epiph.
1496 4122 1586 4176 lib.
1612 4138 1647 4179 ll
1671 4136 1857 4179 contra

264 4190 623 4265 ll:erees.usic
645 4193 841 4265 inquit:
869 4191 1040 4265 Noctu
1068 4194 1221 4246 Arius
1245 4194 1311 4244 ad
1332 4191 1513 4265 sellam
1537 4210 1856 4265 progressus,

261 4262 548 4333 necessarii
570 4264 734 4315 oneris
753 4264 1057 4333 deponendi,
1081 4265 1267 4333 gratia.
1291 4264 1508 4332 crepuit,
1527 4262 1859 4329 quemadmo-

257 4334 395 4381 (tum
436 4339 481 4383 et
513 4330 675 4385 Judas
699 4334 978 4401 quondam.
1013 4330 1155 4388 Idem
1188 4330 1557 4388 Theoderetus
1583 4335 1678 4390 lib.
1710 4351 1725 4389 ι
1757 4336 1856 4391 Ec-

259 4402 405 4453 cles.
436 4401 569 4455 Hist.
603 4419 721 4469 cap.
745 4405 828 4458 14.

342 4470 488 4524 Ibid.
520 4472 770 4527 Donatus,
817 4474 1171 4545 [lieronymus
1226 4474 1483 4528 Donatum
1516 4483 1670 4530 vocat
1722 4491 1858 4545 prte-

259 4552 545 4613 ceptorem
574 4560 723 4597 suum
751 4546 931 4598 multis
975 4549 1024 4598 in
1059 4544 1189 4597 locis
1218 4561 1231 4611 ;
1290 4545 1584 4613 praesertim
1618 4548 1670 4600 in
1699 4544 1860 4601 Com-

260 4612 553 4667 mentariis
583 4614 635 4668 in
671 4615 876 4669 Eccles.
908 4630 1028 4683 cap.
1070 4630 1107 4677 ι,
1151 4614 1201 4667 in
1235 4614 1357 4667 illud
1386 4631 1400 4668 :
1427 4616 1552 4683 quid
1602 4625 1676 4669 est
1724 4620 1861 4684 quod

259 4684 407 4757 fuit?
434 4695 484 4738 et
514 4684 566 4737 in
591 4686 869 4757 Apologia,
902 4686 1156 4757 adversus
1186 4684 1461 4751 Rufinum,
1487 4697 1542 4740 et
1582 4686 1860 4757 scripsisse

256 4753 697 4810 Commentarios
724 4757 774 4809 in
808 4755 1077 4821 Virgilium
1100 4754 1192 4809 ait.

342 4824 483 4879 Ibid.
514 4825 661 4879 Ossa.
690 4826 875 4880 Postea
896 4826 1127 4892 Melphin
1152 4823 1712 4892 (corrigcAmalphim)
1735 4842 1857 4882 ossa

261 4898 504 4949 Andreae
549 4897 773 4964 apostoli
817 4900 1065 4950 translata
1106 4907 1247 4949 sunt.
1281 4895 1453 4962 Caput
1496 4897 1589 4951 Pio
1624 4899 1860 4952 secundo

264 4968 502 5019 naniam
530 4967 748 5020 allatum
787 4976 841 5020 et
871 4965 923 5019 in
949 4966 1167 5019 Basilica
1200 4967 1306 5020 divi
1340 4965 1484 5019 Petri
1518 4967 1854 5021 collocatum.

343 5033 485 5088 Ibid.
543 5036 965 5089 AliizAntonius
1022 5037 1298 5090 monachus
1347 5047 1546 5091 centum
1598 5054 1851 5091 annorum

256 5123 427 5176 agens
460 5107 511 5159 in
540 5123 708 5159 eremo
732 5109 965 5160 moritur.
999 5110 1169 5161 Auev.

348 5178 471 5230 ΗΜ.
516 5177 674 5231 Annis
715 5192 773 5230 ll.
834 5177 1110 5231 Consentit
1159 5178 1490 5244 Nicephorns
1538 5186 1593 5231 et
1628 5177 1857 5235 Chroni-

257 5262 393 5299 cmn
417 5247 684 5318 Crzeenm.
707 5249 1055 5318 Hieronymus
1078 5262 1106 5302 a
1129 5249 1443 5317 quibusdam
1461 5264 1601 5302 anno
1619 5264 1656 5314 ι,
1682 5267 1801 5304 men
1818 5282 1852 5305 ο.

258 5332 363 5381 ut,
396 5316 466 5369 ab
490 5317 605 5370 aliis
626 5334 755 5374 ann.
789 5334 848 5383 tt,
881 5316 1050 5373 mens.
1077 5316 1187 5385 vni,
1213 5334 1461 5388 regnasse
1489 5320 1735 5373 traditum
1760 5331 1852 5375 aut.

258 5388 499 5440 Orosius
527 5403 542 5441 ι
576 5394 721 5455 ponit
749 5390 954 5459 imperii
986 5406 1202 5449 annum,
1236 5400 1287 5444 et
1314 5403 1483 5445 mens.
1516 5405 1627 5459 vin.
1661 5391 1856 5446 P.mlus

260 5459 541 5529 Dzaconns
564 5474 619 5512 ιιι
649 5458 855 5529 itnpetii
884 5475 1022 5512 anno
1049 5464 1365 5514 exstinctum
1393 5458 1602 5513 asserit.

344 5526 487 5582 Ibid.
529 5528 602 5584 De
629 5526 801 5585 morte
827 5530 1023 5585 Iuliani
1050 5533 1210 5585 varia:
1231 5539 1354 5586 sunt
1376 5532 1679 5596 opiniones,
1699 5539 1753 5584 ut
1774 5542 1857 5586 est

256 5600 414 5665 apud
453 5599 711 5670 Niceph”
747 5601 838 5655 lib.
882 5617 934 5664 κ,
979 5617 1097 5669 cap.
1141 5602 1248 5665 ἱεὶς
1306 5602 1615 5670 Ηιθτοιιγιη.
1662 5607 1711 5654 in
1754 5604 1851 5655 ad-

260 5669 568 5727 ditionibus
600 5676 650 5729 in
680 5672 984 5731 Chronicou
1016 5671 1267 5747 Eusebii,
1297 5680 1347 5730 et
1372 5669 1593 5744 Zonar,
1628 5672 1717 5730 lib.
1752 5688 1809 5729 nt
1834 5713 1849 5743 ,

1983 402 2187 447 terrore
2217 393 2405 462 reliqui
2440 395 2723 463 pavefacti,
2755 395 3029 450 Christum
3063 399 3455 452 confitebantur
3482 403 3565 452 in-

1981 483 2092 535 viti.
2123 484 2204 545 Et,
2233 500 2299 539 ue
2323 485 2423 540 hoc
2446 501 2572 540 casu
2595 487 2875 541 crederent
2898 486 3115 552 factum,
3144 491 3385 557 sequenti
3410 503 3566 545 nocte

1980 574 2033 627 in
2076 576 2405 630 vestimentis
2456 588 2768 632 cunctorum
2817 580 2992 633 erucis
3041 581 3284 647 apparuit
3328 582 3562 649 signum.

1978 663 2221 719 Julianus
2249 677 2424 722 autem
2451 678 2637 721 contra
2676 669 2863 722 Persas
2894 669 3189 737 procedens
3211 714 3224 738 ,
3268 670 3398 725 facta
3431 686 3564 726 cou-

1978 758 2275 824 gressione,
2308 759 2485 824 jacqu
2518 769 2795 824 suscepto,
2832 761 3052 813 interiit.

2055 847 2172 900 102.
2207 845 2389 918 [3562]
2420 847 2673 902 Iovianus
2716 861 2899 917 regnat
2950 865 3088 903 anno
3120 865 3158 903 ι.
3193 850 3315 916 Qui,
3347 851 3470 905 dum
3506 866 3566 905 se

1979 934 2046 985 ab
2067 939 2303 991 exercitu
2330 938 2707 1005 imperatorem
2733 940 2831 1009 legi
2856 940 3210 1007 conSpieeret,
3233 956 3393 1007 sequo
3412 940 3563 994 Chri-

1982 1024 2214 1077 5tianum
2244 1025 2541 1090 afﬁrmans,
2574 1028 2791 1096 paganis
2822 1042 3055 1098 praeesse
3086 1045 3188 1084 non
3225 1045 3379 1098 posse
3405 1031 3561 1085 adse-

1980 1120 2160 1167 reret:
2196 1110 2262 1165 Et
2288 1130 2404 1180 nos,
2434 1114 2599 1184 inquit
2628 1117 2800 1170 omnis
2828 1121 3129 1182 exercitus,
3159 1120 3247 1185 qui
3275 1136 3364 1187 per
3386 1118 3562 1173 Julia-

1982 1221 2104 1258 num
2149 1222 2334 1260 nomen
2372 1205 2561 1261 Christi
2603 1210 2903 1279 abiecimus,
2942 1221 3105 1265 tecum
3152 1213 3427 1266 Christiani
3460 1229 3566 1268 esse

1979 1297 2230 1351 volumus.
2255 1298 2459 1364 Quibus
2480 1299 2573 1353 ille
2602 1300 2822 1364 auditis,
2844 1302 3052 1369 imperii
3070 1311 3278 1370 sceptra
3305 1305 3559 1371 suscepit,

1980 1388 2296 1459 ﬁrmataque
2343 1404 2473 1459 pace
2504 1392 2616 1461 99
2663 1406 2784 1446 cum
2830 1391 3029 1456 Persis,
3060 1393 3262 1459 rediit;
3294 1397 3405 1464 qui,
3447 1398 3564 1465 lege

1982 1480 2220 1548 protinus
2243 1482 2382 1545 data,
2410 1480 2731 1538 Christianis
2762 1482 3038 1554 privilegia
3060 1484 3311 1551 reddidit,
3338 1501 3401 1542 ac
3425 1497 3562 1544 tem-

1981 1571 2065 1637 pla
2096 1570 2359 1626 idolorum
2387 1571 2559 1626 claudi
2594 1574 2863 1643 prmcepit.

2053 1660 2173 1715 ll‘5.
2231 1661 2414 1735 [5576]
2450 1662 2854 1720 Valentinianus
2890 1674 2944 1721 et
2980 1665 3176 1725 Valens
3241 1668 3402 1724 frater
3449 1670 3566 1740 ejus

1982 1768 2205 1825 regnant
2256 1756 2408 1810 annis
2456 1772 2562 1811 xiv.
2609 1756 2769 1812 Gothi
2814 1759 2953 1826 apud
2994 1760 3185 1816 Istrum
3234 1763 3460 1829 bifarie,
3511 1764 3562 1818 in

1980 1845 2189 1901 duobus
2220 1846 2537 1918 Fridigerno
2573 1859 2628 1904 et
2656 1851 2966 1905 Athalarico
2997 1852 3151 1907 divisi
3175 1865 3297 1909 sunt
3328 1856 3562 1925 regibus.

1979 1938 2086 1995 Sed
2142 1939 2485 2009 Fridigernus
2526 1941 2888 1997 Athalaricum
2933 1943 3201 2011 Valentis,
3238 1948 3418 2001 Ariani
3465 1948 3564 2001 itu-

1979 2035 2266 2103 peratoris,
2291 2036 2487 2089 auxilio
2507 2050 2786 2105 superans,
2811 2036 3072 2093 suadente
3094 2041 3305 2103 eodem,
3332 2041 3383 2093 in
3408 2043 3563 2109 hujus

1985 2126 2226 2183 benelicii
2278 2128 2541 2197 gratiam,
2586 2145 2649 2184 ex
2702 2130 2968 2185 catholico
3007 2131 3235 2186 Atianus
3264 2148 3384 2186 cum
3418 2134 3562 2188 omni

1977 2230 2135 2290 gente
2201 2220 2495 2276 Getliorum
2567 2223 2823 2288 elleetus,
2881 2238 3122 2277 errorem
3203 2235 3418 2279 secutus
3480 2237 3563 2280 est

1979 2310 2163 2380 ipsius.
2196 2312 2344 2366 Tunc
2372 2327 2581 2382 quoque
2627 2312 2874 2379 Gill'ulas,
2907 2311 3205 2368 Gothorum
3245 2315 3559 2384 episcopus,

1978 2402 2043 2457 ad
2070 2402 2235 2458 instar
2264 2404 2573 2459 Graecarum
2603 2404 2898 2460 litterarum
2928 2446 2944 2472 ,
2974 2405 3162 2461 Gothis
3195 2418 3318 2462 tunc
3362 2412 3561 2477 reperit

1980 2492 2181 2547 litteras
2205 2535 2221 2560 ,
2256 2504 2309 2549 et
2340 2504 2622 2564 utrumque
2663 2503 3039 2551 testamentum
3089 2498 3320 2567 linguam
3352 2499 3404 2553 in
3438 2514 3560 2570 pro-

1979 2587 2149 2654 priam
2191 2588 2479 2643 transtulit.
2529 2587 2790 2643 Photinus
2836 2604 3086 2660 quoque,
3144 2601 3197 2645 et
3246 2592 3559 2659 Eunomius,

1976 2685 2135 2745 atque
2162 2676 2483 2747 Apollinaris
2513 2676 2890 2735 haeresiarchte
2921 2679 3110 2736 eodem
3138 2690 3377 2754 tempore
3399 2698 3559 2754 agno-

1976 2777 2216 2825 scuutur.

1978 2933 2034 2978 et
2061 2924 2359 2981 Cedrenum
2387 2968 2403 2993 ,
2432 2936 2485 2981 et
2514 2928 2798 2983 Aimonem
2830 2928 2897 2983 de
2924 2929 3347 2985 Christianarum
3380 2948 3558 2987 rerum

1981 2996 2252 3070 Memoria,
2278 2997 2370 3053 lib.
2398 3012 2477 3052 ts.
2506 2998 2701 3070 Paulus
2725 2999 2948 3054 Orosius
2970 3002 3049 3055 sic
3083 3002 3177 3057 lib.
3201 3019 3294 3069 vn,
3317 3004 3558 3070 cap.‘50:

1974 3084 1991 3139 ᾳ
2019 3067 2197 3137 Itaque
2219 3077 2495 3135 postquam
2516 3086 2541 3119 a
2557 3069 2902 3139 Ctesiphonte
2924 3082 3094 3124 castra
3124 3067 3307 3137 movut,
3324 3067 3449 3128 dolo
3466 3090 3558 3127 eu-

1964 3137 2176 3209 jusdam
2209 3140 2495 3207 transfuga:
2528 3140 2582 3193 in
2614 3137 2821 3196 deserta
2857 3145 3178 3209 perductus,
3206 3159 3325 3196 cum
3356 3147 3403 3198 vi
3442 3145 3559 3198 sitis

1968 3218 2022 3279 et
2050 3208 2247 3262 ardore
2277 3210 2427 3279 solis,
2462 3219 2623 3279 atque
2652 3212 2869 3277 insuper
2893 3212 3073 3265 labore
3106 3227 3389 3266 arenarum
3426 3230 3555 3268 con-

1971 3278 2141 3350 fectus
2175 3278 2689 3350 periretexercitus,
2715 3280 3003 3348 imperatur
3030 3288 3175 3334 tanto
3207 3298 3382 3335 rerum
3416 3285 3557 3350 peri-

1969 3348 2091 3401 culo
2119 3349 2331 3422 anxios,
2368 3349 2493 3401 dum
2512 3365 2623 3422 iper
2650 3361 2800 3422 yasta
2830 3350 3046 3422 deserti
3064 3352 3323 3405 incautius
3360 3348 3552 3422 maga-

1967 3427 2074 3498 tur,
2100 3419 2168 3498 ab
2196 3417 2353 3473 obvio
2383 3421 2616 3488 quodam
2649 3419 2882 3474 hostium
2924 3417 3105 3488 equite
3129 3460 3144 3487 ,
3189 3432 3348 3477 conto
3378 3417 3512 3477 ictus
3537 3467 3553 3491 ,

1969 3489 2223 3541 interiit.»

2040 3556 2180 3612 Ibid.
2213 3558 2341 3633 Alii,
2377 3558 2560 3631 aliqui,
2599 3573 2694 3630 pro
2723 3560 2911 3633 reliqui
2930 3577 2950 3626 ;
2992 3568 3047 3616 et
3080 3576 3256 3615 eorum
3297 3577 3393 3632 pro
3422 3578 3553 3618 cun-

1964 3638 2183 3681 ctorum.
2210 3629 2381 3684 AREV.

2038 3700 2162 3771 illi.
2194 3700 2412 3771 Αῃηοίι.
2438 3701 2670 3771 Menses
2712 3716 2832 3765 vui,
2868 3701 3221 3771 Hieronymus
3252 3711 3307 3757 et
3328 3702 3551 3760 Orosius

1967 3784 2040 3823 ix.
2064 3769 2314 3841 Niceph”
2338 3770 2632 3835 Cedrenus,
2650 3772 2880 3839 amplius
2903 3786 2971 3825 xv
2992 3769 3109 3826 dies
3130 3783 3352 3841 ponunt.
3372 3773 3552 3831 Chroo

1967 3842 2124 3893 nicon
2151 3840 2394 3895 Graecum
2424 3857 2439 3894 :
2470 3856 2644 3896 mens.
2676 3856 2733 3907 χ,
2763 3842 2881 3896 dies
2908 3856 2998 3895 xv.

2035 3908 2174 3965 Ibid.
2202 3912 2301 3976 Qui
2330 3912 2456 3980 lege.
2479 3912 2753 3969 (Iedrenus
2777 3912 2850 3965 ait
2871 3911 3102 3965 edictum
3132 3927 3227 3981 per
3250 3922 3417 3968 totum
3448 3915 3553 3969 Ro-

1964 3995 2178 4054 manum
2205 3984 2483 4054 imperium
2504 3982 2779 4054 emisisse;
2804 3981 2945 4054 idem
2964 3983 3183 4054 Nicepb.
3199 4023 3213 4047 ,
3238 3984 3329 4038 lib.
3358 4001 3409 4049 ι,
3430 4001 3547 4054 cap.

1963 4050 2055 4105 39.
2099 4052 2415 4123 Ammianus
2458 4051 2755 4123 Marcellin.
2795 4052 3114 4107 Christianae
3161 4054 3292 4123 legis
3345 4050 3550 4111 studio-

1961 4136 2079 4176 sum
2113 4122 2275 4175 fuisse
2301 4122 2511 4177 asserit.

2035 4190 2157 4245 103.
2196 4193 2357 4245 Armis
2398 4208 2503 4247 xiv.
2539 4192 2630 4247 Sic
2676 4202 2731 4247 et
2753 4192 3053 4247 Chronicon
3084 4193 3370 4249 Crtecum:
3407 4195 3555 4253 Ἐϐα-

1962 4262 2189 4323 σίλευσε.
2210 4262 2398 4335 inquit,
2415 4267 2664 4335 Ῥωμαίων
2690 4265 2714 4318 ὁ
2738 4266 2892 4325 αὐτὸς
2914 4264 2984 4324 λη’
3001 4267 3269 4326 θιιώτατος
3286 4268 3553 4323 Οὐαλεντι·

1960 4336 2119 4393 νιανὲς
2144 4332 2340 4403 ἔτηίςδλ
2371 4332 2614 4403 Niceplt.,
2644 4350 2769 4388 ann.
2800 4351 2853 4397 x,
2887 4352 3055 4390 tnens.
3086 4353 3155 4390 ιχ.
3186 4338 3427 4399 Orosius,
3456 4340 3549 4391 lib.

1963 4417 2060 4464 γη.
2084 4418 2202 4467 cap.
2237 4401 2327 4466 52,
2362 4404 2413 4458 itt
2439 4401 2663 4473 imperio
2695 4407 2958 4461 mansisse
2987 4406 3060 4459 ait
3089 4420 3215 4460 ann.
3249 4421 3320 4461 χι.
3353 4407 3552 4461 Cedre-

1970 4489 2069 4527 nus
2124 4473 2546 4528 Valentinianum
2587 4491 2638 4529 Il
2698 4478 2853 4530 annis
2910 4476 3234 4544 imperasse,
3271 4477 3545 4531 Valentem

1967 4554 2153 4612 p05tea
2187 4545 2437 4604 triennio.
2471 4546 2678 4600 scribit.

2039 4612 2177 4668 Ibid.
2192 4614 2254 4666 lu
2272 4616 2377 4668 alio
2402 4616 2504 4669 Ms.
2522 4627 2665 4669 erat:
2687 4614 2794 4671 Sed
2823 4614 3185 4685 Fridigernum
3204 4615 3437 4669 Alaricus
3451 4633 3549 4670 su-

1964 4700 2180 4754 perans;
2212 4700 2396 4739 verum
2426 4697 2679 4754 corrupte
2727 4696 2782 4739 ut
2822 4694 3030 4739 constat
3088 4701 3153 4739 ex
3200 4688 3454 4753 Eutropio
3496 4689 3546 4740 iit

1968 4753 2190 4824 Valente
2215 4795 2229 4817 ,
2263 4757 2351 4823 qui
2380 4753 2740 4810 Athalaricum
2771 4771 2801 4809 a
2833 4755 3140 4824 Fridigeruo
3166 4797 3180 4821 ,
3214 4757 3412 4811 auxilio
3447 4756 3546 4810 Va-

1962 4823 2140 4889 lentis,
2173 4825 2367 4879 victum
2392 4826 2639 4880 allirmat.

2038 4894 2177 4949 Ibid.
2204 4896 2508 4964 Eutropius,
2536 4895 2623 4949 lib.
2641 4912 2735 4959 xu,
2763 4896 2813 4949 in
2827 4895 3248 4960 Valente,Ulllas
3265 4896 3547 4965 episcopus

1964 4966 2215 5028 Arianus,
2247 4970 2335 5034 qui
2370 4977 2602 5020 moratus
2634 4968 2734 5021 sub
2758 4969 3073 5021 Constantio
3105 4968 3303 5030 fuerat,
3338 4980 3390 5019 et
3422 4984 3544 5020 eum

1966 5038 2207 5090 Eudoxio
2234 5046 2289 5090 et
2317 5038 2470 5091 Aetio
2502 5036 2735 5092 Arionis.
2769 5039 3017 5106 Niceph.,
3052 5040 3139 5090 lib.
3174 5052 3254 5101 si,
3285 5052 3402 5105 ρῳ.
3434 5035 3505 5089 48
3528 5078 3545 5103 ,

1962 5122 2083 5160 eum
2111 5116 2264 5161 vocat
2295 5108 2564 5175 Ulphilam
2593 5124 2607 5173 ;
2654 5110 2947 5163 Rodericus
2976 5109 3265 5162 Toletanns
3289 5148 3302 5167 ,
3350 5109 3405 5161 in
3448 5122 3544 5160 sua

1965 5177 2217 5249 Historia,
2248 5178 2517 5240 Cudilam,
2550 5179 2640 5249 lib.
2669 5194 2723 5243 ll,
2750 5194 2869 5249 cap.
2898 5178 2958 5243 1;
2986 5183 3121 5244 Ado,
3151 5179 3379 5233 Ullilatu.
3406 5177 3546 5232 Sunt

1962 5250 2057 5318 qui
2082 5248 2311 5301 Gultiam
2344 5257 2398 5302 et
2429 5248 2696 5303 Gullilam.

2033 5317 2171 5372 Ibid.
2199 5318 2468 5375 Phatinus.
2497 5319 2790 5391 Concilium
2815 5319 3120 5391 Syrmiense
3143 5320 3397 5375 adversus
3420 5334 3542 5373 cum

1959 5399 2340 5459 congregatur,
2372 5388 2588 5457 Niceph.
2621 5391 2711 5444 lib.
2749 5406 2798 5443 Ix
2825 5388 2988 5459 ,cap.
3021 5390 3074 5443 5.
3108 5393 3343 5449 δοῦναι..
3377 5391 3464 5444 lib.
3503 5405 3541 5454 t,

1960 5476 2078 5527 cap.
2105 5459 2193 5514 29.
2226 5461 2577 5518 Sozomenus.
2613 5460 2704 5513 lib.
2733 5476 2815 5523 tv,
2846 5478 2963 5527 cap.
2996 5461 3029 5512 5
3057 5472 3109 5514 et
3141 5462 3192 5514 6.
3230 5466 3269 5513 Α
3316 5462 3544 5515 Damaso

1960 5531 2264 5599 damnatur,
2293 5531 2516 5596 Niceplt.
2552 5532 2643 5583 lib.
2680 5548 2773 5598 xu,
2802 5546 2921 5599 cap.
2958 5531 3017 5583 17
3046 5542 3096 5586 et
3122 5533 3209 5585 18.

2033 5598 2169 5653 Ibid.
2203 5601 2507 5656 Eunomius.
2542 5601 2783 5668 ilulinus,
2810 5598 2903 5657 lib.
2930 5618 2980 5669 ι,
3006 5619 3122 5671 cap.
3148 5600 3249 5664 25;
3296 5601 3541 5670 August..

1959 5670 2049 5726 l.b.
2077 5674 2144 5729 tle
2166 5672 2393 5741 Haeres,
2425 5686 2543 5744 cap.
2573 5671 2675 5734 ὄις
2712 5674 3043 5735 llicrouvm.,
3076 5670 3127 5729 in
3155 5688 3205 5728 IV
3228 5674 3395 5730 Oscae.
3430 5670 3535 5726 Ad-
