4084 6160
484 249 624 308 1059

1542 237 1599 294 s.
1641 196 1889 292 ISIDORI
1929 234 2372 291 lllSPALENSlS
2414 231 2718 291 EPlSCOPl

3576 235 3738 291 ’Ξῡδο

1575 439 2015 524 INCIPIT
2091 440 2681 523 HISTORIA.

523 579 1614 655 1091.Gothorumantiquissimamesse
1629 589 1841 647 gen'etn
1856 586 2059 630 eertum
2092 578 2139 635 Α
2166 589 2326 641 super
2359 574 2626 626 liomanos
2653 573 2924 627 irrueruut
2948 571 3273 642 agminibus,
3300 572 3605 632 vehementi
3638 578 3744 634 vir.

478 684 561 731 est
585 692 598 727 :
630 689 854 743 quorum
875 673 1135 743 Originem
1160 672 1373 741 quidam
1396 670 1463 723 de
1485 669 1691 738 Magog,
1720 666 2062 735 ﬁliolaphet,

475 769 816 836 suspicantur
848 764 1000 820 educi
1032 781 1059 818 a
1089 763 1436 818 similitudine
1467 762 1666 815 ultimm
1708 760 1965 828 syllabze,
2013 767 2068 813 ct

478 860 646 930 magis
672 860 739 915 de
780 859 1059 913 Ezechiele
1113 856 1367 926 prOpheta
1419 855 1469 909 id
1515 854 1845 919 colligentes.
1903 853 2066 905 ltetro

474 962 648 1007 autem
688 952 915 1006 eruditio
964 965 1058 1004 eos
1088 949 1253 1016 magis
1277 948 1437 1002 Getas
1478 959 1633 1012 quam
1662 943 1774 1011 Gog
1803 949 1857 994 et
1886 941 2065 1009 Magog

475 1044 744 1113 appellare
775 1041 1077 1098 consuevit.
1119 1039 1261 1095 Gens
1310 1036 1598 1091 fortissima
1632 1035 1792 1089 etiam
1823 1032 2063 1087 Judacatu

478 1147 674 1191 terram
705 1144 972 1189 vastatura
1017 1134 1355 1188 describitur.

547 1226 1010 1293 2.‘Interpretatio
1060 1233 1237 1278 autem
1275 1222 1506 1276 nominis
1536 1235 1720 1275 eorum
1748 1218 1798 1272 in
1825 1218 2060 1288 linguam

480 1327 717 1373 nostram
755 1317 893 1381 tecti,
926 1331 1030 1385 quo
1072 1314 1398 1383 significatur
1423 1311 1709 1377 fortitudo;
1741 1318 1795 1364 et
1824 1324 1881 1363 re
1914 1320 2059 1371 vera,

479 1410 621 1464 nulla
654 1408 796 1462 enim
825 1423 953 1477 gens
997 1408 1047 1461 io
1090 1406 1220 1460 orbe
1264 1406 1358 1458 fuit
1394 1420 1513 1474 qua:
1563 1404 1860 1456 Romanum
1894 1400 2065 1468 impe-

484 1502 619 1556 rium
652 1501 784 1553 adeo
809 1499 1101 1568 fatigaverit
1133 1507 1190 1552 ut
1216 1498 1288 1551 hi.
1320 1497 1408 1550 Isti
1435 1496 1576 1550 enim
1605 1502 1727 1548 sunt
1749 1507 1881 1563 quos
1901 1493 2061 1546 etiam

481 1592 783 1647 Alexander
806 1590 1048 1645 vitandos
1080 1589 1464 1655 pronuntiavit,
1504 1588 1738 1657 I‘yrrhns
1772 1584 2059 1654 pertimuit,

481 1681 661 1734 Ga'sar
687 1679 981 1733 exhorruit.
1011 1679 1117 1749 (Ea:
1148 1679 1326 1747 Oros.)
1353 1678 1451 1733 Per
1481 1679 1644 1731 multa
1692 1679 1886 1746 quippe
1921 1686 2063 1729 retro

476 1773 667 1828 sarcula
691 1772 917 1826 ducibus
946 1773 1023 1825 usi
1051 1782 1194 1838 sunt,
1214 1779 1392 1838 postea
1418 1769 1647 1837 regibus,
1664 1783 1888 1837 quorum
1907 1781 2064 1834 opor-

483 1874 556 1918 tet
586 1872 822 1931 tetnpora
846 1879 938 1932 per
960 1861 1199 1915 ordinem
1238 1860 1431 1914 cursim
1458 1875 1743 1926 exponere,
1772 1866 1943 1926 etquo
1963 1872 2060 1908 no-

2170 672 2280 717 tute
2319 674 2506 717 cuncta
2548 662 2725 733 gladio
2757 671 2810 717 et
2854 662 3253 730 deprtetlatione
3292 673 3586 722 vastantes.
3631 668 3743 722 Ad-

2167 770 2353 809 versus
2423 773 2555 823 quos
2605 755 2745 810 idem
2802 756 3185 809 Cous:antinus
3235 757 3401 811 aciem
3467 760 3744 824 instruxit,

2168 848 2473 919 ingentique
2499 848 2794 902 certamine
2842 848 2925 901 vix
2958 857 3236 916 superatos
3266 849 3401 903 ultra
3444 850 3745 905 Danubium

2165 940 2386 1010 expulit,
2436 942 2501 996 de
2528 940 2754 996 diversis
2787 942 3033 1013 gentibus
3065 940 3279 997 virtutis
3324 941 3493 1011 gloria
3540 944 3743 1009 clarus,

2166 1035 2259 1089 sed
2292 1035 2357 1089 de
2382 1034 2673 1088 Gothorum
2711 1034 2931 1089 victoria
2970 1035 3200 1101 amplius
3239 1035 3525 1103 gloriosus.
3577 1036 3747 1103 Quem

2169 1127 2413 1191 Romani,
2445 1125 2777 1180 acclamante
2804 1134 3014 1191 senatu,
3061 1126 3266 1193 pullica
3296 1126 3451 1181 laude
3481 1132 3748 1196 prosecuti

2165 1226 2291 1269 sunt
2317 1218 2457 1285 quod
2482 1226 2676 1269 tantam
2706 1228 2917 1287 gentem
2945 1212 3152 1281 vicerit,
3180 1217 3320 1287 quod
3350 1222 3579 1288 patriam
3611 1236 3751 1273 mn-

2167 1308 2428 1379 publicam
2459 1308 2851 1364 rcformaverit.

2236 1402 2289 1457 6.
2318 1402 2445 1457 {Era
2480 1417 2646 1469 cnvu,
2695 1415 2835 1455 anno
2882 1417 2914 1453 v
2971 1400 3180 1468 imperii
3238 1400 3492 1464 Valentis,
3542 1403 3751 1470 primos

2167 1490 2461 1547 Gothorum
2491 1494 2665 1563 gentis
2693 1492 3212 1548 administrationem
3242 1494 3479 1560 suscepit
3508 1495 3718 1548 Athana

2166 1588 2330 1648 ricus,
2358 1600 2587 1653 regnans
2617 1600 2785 1638 annos
2814 1599 2906 1638 xm
2929 1623 2945 1648 ,
2994 1584 3108 1653 qui,
3158 1586 3533 1653 persecutione
3558 1587 3725 1639 crude

2166 1676 2366 1731 Iissima
2398 1677 2653 1730 adversus
2687 1675 2841 1731 fidem
2874 1683 3163 1741 commota,
3212 1676 3374 1729 voluit
3403 1691 3465 1731 se
3500 1692 3753 1731 exercete

2166 1776 2348 1821 contra
2377 1767 2605 1829 Gothos,
2652 1768 2741 1834 qui
2777 1767 2827 1820 in
2858 1775 3019 1836 gente
3043 1782 3135 1821 sua
3165 1766 3448 1821 Christiani
3480 1770 3755 1823 habeban-

2170 1864 2270 1918 tur,
2318 1871 2385 1908 ex
2419 1854 2609 1924 quibus
2648 1855 2928 1923 plurimos,
2972 1854 3062 1924 qui
3112 1855 3275 1909 Idolis
3322 1856 3600 1912 immolare
3648 1875 3752 1910 non

486 1954 625 2008 mine
651 1963 878 2020 actuque
902 1953 1254 2019 regnaverint,
1274 1950 1339 2004 de
1366 1949 1597 2002 historiis
1616 1949 1772 2001 libata
1795 1960 2055 2001 retexere.
2094 1938 2139 1997 Β
2164 1948 2564 2016 acquieveruut,
2597 1956 2856 2016 martyres
2888 1946 3013 2001 fecit
3038 1963 3051 2012 ;
3098 1945 3331 2015 reliquos
3358 1958 3535 2000 autem
3570 1950 3757 2003 multis

552 2042 605 2098 5.
639 2048 795 2097 Anno
823 2052 949 2095 ante
992 2057 1153 2095 teram
1198 2041 1466 2095 conditam
1501 2056 1593 2106 xu,
1627 2041 1750 2093 dum
1797 2055 1891 2109 pro
1920 2038 2058 2091 arri-

481 2138 672 2206 piendo
706 2136 1011 2206 reipublica:
1043 2134 1289 2204 imperio,
1333 2135 1429 2189 Cn.
1463 2133 1744 2201 Pompeius
1780 2142 1831 2186 et
1871 2130 1929 2184 C.
1968 2131 2060 2184 Ju-

481 2230 583 2283 lius
629 2227 807 2282 Caesar
848 2241 998 2280 arma
1044 2226 1220 2280 civilia
1268 2225 1704 2289 conunovissent,
1757 2224 1951 2286 Gothi,
1994 2222 2060 2275 ad

479 2318 823 2387 praebendum
849 2318 1102 2385 Pompeio
1125 2316 1408 2379 auxilium,
1434 2316 1486 2369 in
1511 2316 1842 2369 Thessaliam
1868 2315 2059 2368 adver-

475 2428 568 2467 sus
598 2415 863 2465 Gtt-sarem
899 2412 1179 2480 pugnaturi
1210 2420 1489 2465 venerunt.
1542 2411 1642 2466 Ubi
1665 2412 1790 2465 dum
1820 2414 1870 2465 in
1904 2412 2059 2465 Pom-

479 2505 582 2572 peii
628 2504 869 2556 exercitu
922 2502 1231 2569 Ethiopes,
1277 2500 1410 2567 Indi,
1444 2502 1640 2567 Persei,
1674 2502 1836 2566 Medi,
1863 2502 2057 2570 Graeci,

480 2594 720 2653 Armeni,
754 2590 991 2660 Scythae,
1023 2606 1085 2645 ae
1109 2593 1326 2660 reliqua:
1356 2591 1589 2645 Orientis
1614 2602 1798 2658 gentes
1821 2600 2059 2646 evocata:

479 2686 737 2737 adversus
764 2682 963 2737 Jolitnn
1015 2682 1382 2749 dimicassent,
1428 2685 1512 2738 isti
1546 2700 1654 2753 prae
1698 2687 1907 2739 caeteris
1938 2686 2061 2741 Gre-

484 2782 587 2834 sari
623 2781 812 2835 fortius
839 2783 1170 2836 restiterunt.
1201 2782 1438 2849 Quorum
1467 2784 1648 2837 Caesar
1675 2783 1827 2851 cepia
1862 2793 1913 2836 et
1953 2783 2060 2836 vir-

484 2882 592 2927 tute
630 2874 873 2928 turbatus
915 2875 1084 2929 fertur
1118 2874 1292 2944 fugam
1344 2876 1629 2930 meditatus
1658 2891 1797 2942 cs~e,
1827 2877 1930 2931 nisi
1959 2893 2061 2932 uox

477 2963 661 3029 praelio
707 2965 869 3018 finem
919 2964 1177 3020 dedisset.
1228 2965 1375 3019 'I‘uoc
1419 2968 1596 3020 Caesar
1646 2966 1719 3018 ait
1763 2981 1861 3021 nec
1902 2966 2061 3021 Potn-

478 3056 652 3122 peium
685 3055 825 3109 scire
850 3055 1084 3119 vincere,
1120 3072 1217 3109 nec
1244 3056 1512 3110 Ctesarcm
1547 3070 1699 3124 posse
1726 3058 1884 3111 vinci.
1927 3057 2061 3111 Nam

479 3144 523 3197 si
556 3143 841 3213 Pompeius
871 3146 1082 3199 vincere
1114 3154 1315 3211 nosset,
1351 3145 1512 3200 hodie
1538 3160 1659 3200 cum
1704 3157 1809 3200 tam
1850 3147 2057 3216 asperis

480 3233 549 3289 vit
566 3236 610 3289 is
636 3235 903 3290 Caesarem
930 3246 1256 3304 superaSset.

2165 2058 2197 2110 p
2232 2040 2622 2095 rsecntionibus
2645 2039 2885 2103 affectos,
2906 2038 3029 2091 dntn
3048 2054 3143 2105 pro
3159 2038 3493 2092 multitudine
3508 2040 3754 2091 horreret

2165 2131 2491 2197 interficere,
2512 2130 2655 2184 dedit
2679 2129 2969 2192 licentiam,
2996 2129 3104 2182 into
3122 2129 3286 2197 magis
3304 2128 3476 2198 coegit
3496 2126 3564 2182 de
3587 2144 3754 2198 regno

2162 2237 2259 2277 sxto
2284 2222 2458 2291 exire,
2485 2231 2641 2290 atque
2666 2222 2717 2274 in
2754 2220 2974 2274 Romani
2999 2220 3098 2274 soli
3124 2220 3353 2290 migrare
3379 2218 3700 2288 provincias.

2233 2317 2287 2369 7.
2317 2316 2445 2368 [Era
2476 2329 2633 2378 coxv,
2663 2329 2801 2367 anno
2833 2328 2924 2366 χιιι
2954 2314 3159 2381 imperii
3197 2312 3451 2379 Valentis,
3496 2311 3658 2366 Gothi
3691 2314 3750 2368 in

2164 2404 2354 2459 Istrum
2402 2405 2660 2459 adversus
2700 2405 3013 2471 semetipsos
3062 2403 3119 2457 in
3163 2402 3488 2458 Athanarico
3536 2415 3591 2458 et
3629 2405 3754 2459 Fr;—

2167 2495 2390 2565 digerno
2437 2496 2492 2549 di
2531 2496 2594 2549 isi
2646 2504 2791 2557 sunt,
2843 2494 3062 2549 alternis
3096 2509 3217 2549 sese
3241 2496 3475 2550 caedibus
3501 2496 3748 2565 dep-upu-

2164 2585 2365 2639 lan'es.
2407 2586 2507 2637 Sed
2535 2586 2889 2638 Athanaricus
2923 2584 3290 2652 Fridigernum
3322 2585 3553 2639 Valentis
3582 2587 3670 2645 im,
3692 2604 3752 2640 e-

2164 2676 2357 2731 ratoris
2398 2675 2654 2747 suffragio
2701 2685 2938 2746 superat.
2990 2676 3159 2744 IIojus
3212 2676 3288 2730 rei
3328 2680 3495 2746 gratia
3544 2677 3753 2745 legatos

2162 2782 2282 2821 cum
2312 2767 2621 2821 muneribus
2649 2767 2990 2822 ad‘eutndet-n
3044 2769 3420 2835 imperatorem
3454 2768 3634 2833 mittit,
3694 2779 3757 2823 ct

2164 2862 2412 2915 doctores
2442 2870 2657 2928 propter
2678 2859 3070 2928 suscipiendam
3094 2860 3408 2914 Christiana:
3440 2861 3558 2914 fidei
3590 2876 3751 2928 regu-

2166 2951 2271 3005 lam
2302 2954 2491 3022 poscit.
2524 2951 2717 3006 Valens
2746 2963 2923 3006 autem
2964 2968 2992 3004 a
3030 2952 3259 3007 veritate
3290 2954 3432 3021 ιι]
3470 2952 3753 3006 catholica:

2167 3047 2286 3102 fidei
2318 3046 2523 3110 devius,
2543 3056 2596 3101 et
2618 3045 2828 3099 Arianae
2855 3046 3073 3101 bmresis
3103 3046 3451 3114 perversitate
3477 3046 3752 3110 detentus,

2167 3138 2344 3192 missis
2392 3135 2660 3191 haereticis
2712 3136 3102 3202 sacerdotibus,
3152 3134 3356 3190 Gothos
3403 3138 3754 3205 persuasione

2168 3226 2398 3283 nefanda
2443 3228 2524 3283 sui
2567 3228 2764 3284 erroris
2804 3228 3040 3297 dogmati
3080 3229 3400 3299 aggregavit,
3446 3234 3502 3282 et
3549 3227 3601 3282 in
3644 3239 3752 3281 tam

547 3332 601 3384 4,
648 3330 778 3384 ‘Era
831 3346 1040 3386 ccxmv,
1086 3331 1243 3385 Αιιηο
1285 3331 1491 3400 imperii
1540 3330 1801 3387 Valeriani
1845 3339 1902 3385 ει
1938 3329 2062 3386 Gal-
2092 3299 2137 3361 C
2171 3322 2480 3392 prteclaram
2528 3332 2739 3389 gentem
2783 3321 2927 3374 νῑτυε
2976 3318 3289 3389 pestiferum
3333 3321 3541 3374 semine
3568 3323 3749 3389 perni-

479 3421 603 3476 lieni
636 3423 828 3489 primo,
876 3421 1059 3486 Gothi,
1110 3424 1267 3493 110
1308 3421 1584 3478 descensis
1628 3423 1892 3476 montibus
1915 3421 2064 3490 Alpi-

477 3511 597 3577 bus,
651 3512 844 3579 quibus
884 3513 1275 3578 inhabitabant,
1333 3514 1620 3583 Grmciam,
1673 3514 2058 3578 Macedoniam,

478 3603 727 3664 Pontum,
786 3604 967 3658 Asiam
1023 3618 1184 3673 atque
1232 3605 1497 3675 Illyricum
1545 3613 1906 3660 vastaverunt.
1981 3605 2059 3659 Ex

476 3694 675 3763 quibus
713 3693 983 3764 Illyricum
1016 3705 1067 3749 et
1097 3695 1464 3749 Macedoniam
1499 3693 1564 3747 15
1597 3692 1766 3748 ferme
1796 3694 1949 3748 annis
1977 3703 2060 3749 te-

478 3794 733 3840 nuerunt.
769 3787 970 3841 Deinde
998 3802 1026 3840 a
1053 3786 1276 3841 Claudio
1300 3788 1624 3856 lmperatore
1647 3786 1884 3855 superati
1906 3785 2060 3840 sedes

479 3878 719 3946 proprias
750 3885 1018 3946 repetunt.
1067 3877 1290 3933 Romani
1331 3887 1507 3931 autem
1550 3875 1826 3932 Claudium
1877 3878 2059 3947 Augu-

479 3979 620 4021 stum
656 3985 752 4036 pro
779 3984 846 4024 eo
875 3970 1014 4039 quod
1045 3980 1151 4024 tam
1182 3967 1529 4024 fortissimam
1556 3977 1768 4039 gentem
1800 3984 1829 4022 a
1869 3969 2061 4022 finibus

480 4059 786 4125 reipubliczc
820 4062 1155 4124 removisset,
1210 4061 1407 4131 insigni
1436 4062 1599 4130 gloria
1633 4061 1978 4125 honorantes,
2009 4058 2061 4113 in

488 4150 604 4202 foro
632 4150 711 4203 illi
749 4166 970 4204 aureum
1017 4153 1287 4222 clypeum,
1338 4153 1391 4206 in
1423 4152 1673 4221 capitolia
1710 4165 1925 4207 auream
1955 4162 2065 4205 sta-

484 4250 630 4293 tuatn
653 4241 1074 4296 collocaverunt.

553 4334 605 4385 5.
641 4332 769 4388 Aira
812 4348 1062 4400 cccutx,
1097 4347 1238 4386 auuo
1280 4349 1405 4386 xxvr
1452 4333 1658 4401 imperii
1705 4332 2058 4400 Constantini,

480 4420 663 4489 Gethi,
696 4422 1065 4478 Sarmatarum
1093 4424 1365 4494 regionem
1392 4424 1650 4494 aggressi,
1679 4423 2062 4494 cepiosissimis

554 4578 606 4632 I.
639 4578 970 4650 IIlerouym.,
1002 4580 1053 4633 in
1077 4580 1275 4647 Quaest.
1311 4580 1466 4644 IIeb.,
1496 4580 1694 4635 Genus.
1728 4596 1759 4633 x
1788 4598 1800 4634 :
1830 4579 1895 4633 Et
1921 4591 2060 4635 certe

2168 3417 2317 3468 cioso
2346 3412 2651 3477 transfodit,
2702 3412 2884 3482 sicque
2910 3426 3144 3466 errorem
3190 3427 3349 3479 quem
3399 3426 3590 3466 recens
3628 3425 3751 3466 creo

2166 3503 2361 3559 dulitas
2387 3503 2574 3570 ebibit,
2608 3505 2795 3567 tenuit,
2830 3502 3026 3572 diuque
3056 3502 3312 3557 servavit.

2238 3594 2293 3650 8.
2317 3593 2467 3649 Tunc
2493 3590 2712 3648 Gulfilas
2735 3608 2919 3648 eorum
2944 3592 3237 3647 Gethorum
3257 3591 3541 3661 cpiscopus
3562 3592 3755 3650 Gothi.

2171 3702 2261 3742 cas
2285 3687 2487 3741 litteras
2511 3686 2768 3751 condidit,
2790 3694 2846 3740 et
2865 3686 3154 3754 scripturas
3175 3684 3305 3738 Novi
3327 3700 3388 3738 ac
3417 3684 3628 3740 Veteris
3652 3685 3757 3742 Te-

2166 3778 2417 3834 stamenti
2443 3776 2495 3830 iu
2523 3776 2763 3831 eamdem
2788 3776 3017 3844 linguam
3056 3774 3339 3828 convertit.
3363 3773 3523 3829 Gothi
3548 3786 3754 3841 autem,

2167 3872 2345 3928 statim
2375 3882 2426 3923 ut
2460 3871 2659 3923 litteras
2673 3880 2725 3924 et
2748 3871 2915 3939 legem
2942 3868 3138 3922 habere
3165 3877 3464 3933 eruperunt,
3485 3867 3755 3922 instruxe-

2167 3972 2292 4017 runt
2314 3962 2414 4016 sibi
2438 3960 2805 4028 dogmatissui
2840 3960 3128 4025 Ecclesias,
3177 3960 3295 4011 talia
3325 3958 3482 4027 juxta
3502 3961 3757 4013 eumdem

2166 4056 2350 4109 Arium
2389 4052 2453 4104 de
2483 4052 2595 4119 ipsa
2624 4050 2900 4103 divinitate
2924 4050 3237 4105 documenta
3266 4059 3530 4110 tenentes,
3556 4060 3615 4103 ut
3641 4066 3759 4102 tre-

2167 4144 2354 4198 derent
2370 4142 2555 4195 Filium
2575 4141 2715 4195 Patri
2739 4140 3016 4209 majestate
3041 4157 3157 4195 esse
3177 4141 3531 4205 tuinorent,‘et
3549 4146 3755 4194 attenu-

2168 4243 2276 4288 tate
2299 4236 2668 4302 p05tcrioretu.
2687 4232 2940 4300 Spiritum
2969 4242 3146 4285 autern
3168 4245 3433 4299 sanctum,
3463 4248 3563 4287 nec
3587 4232 3752 4285 Deum

2167 4340 2307 4389 esse,
2356 4339 2527 4391 neque
2581 4323 2934 4376 substantiam
2986 4322 3157 4377 Patris
3203 4323 3461 4385 existere,
3510 4322 3607 4376 sed
3661 4337 3756 4388 per

2167 4414 2356 4469 FIIIUIII
2396 4422 2635 4469 creatum
2663 4427 2805 4480 esse,
2851 4416 3126 4482 utriusque
3158 4413 3453 4467 ministerio
3482 4413 3749 4479 deditum,

2167 4573 2241 4628 Ila
2272 4571 2534 4633 Labbeus,
2570 4579 2766 4624 etcum
2800 4583 2862 4622 eo
2894 4567 3170 4621 Florezius
3196 4583 3209 4627 ;
3243 4568 3293 4621 in
3324 4565 3569 4620 Etlitione
3599 4566 3754 4619 Griao

481 4647 677 4723 Gothos
702 4637 875 4723 οηιηέε
916 4637 1049 4704 retro
1085 4637 1271 4704 Eruditi
1302 4637 1464 4723 magis
1490 4651 1637 4706 Getas
1666 4668 1818 4722 quam
1860 4651 1968 4723 Gog
2015 4665 2060 4708 et
2096 4662 2141 4721 ο
2174 4645 2250 4706 lii.
2275 4643 2452 4723 "£0le
2490 4643 2655 4723 bene;
2674 4640 2912 4723 εςςιιηᾴο-
2944 4639 3338 4723 ιτῖειάευτυείιξεί
3359 4637 3750 4723 ῙιῘΗεηάυΨέίξ

483 4717 537 4772 Μ
546 4735 675 4787 agog
705 4720 964 4788 appellare
982 4733 1368 4775 consueverant.

556 4775 690 4841 Ibid.
723 4775 1025 4856 Gothorum,
1050 4806 1153 4845 etc.
1192 4796 1300 4856 AL,
1338 4790 1622 4846 Gothorum
1652 4792 2058 4861 antiquissimum

482 4876 588 4913 esse
613 4876 823 4927 regnum
872 4862 1001 4914 ibid.
1046 4862 1205 4915 Retro
1255 4874 1423 4915 autem
1453 4863 1734 4915 eruditio...
1768 4864 2059 4924 consuevit;

481 4933 555 4981 al.
579 4970 592 4987 .
625 4932 842 4984 Romani
870 4939 1038 4984 autent
1078 4934 1269 4986 editi...
1306 4941 1690 4986 consueverunt.
1748 4932 1876 4986 lbil.
1923 4930 2057 4985 Gens

484 5002 834 5070 fortissima...
872 5004 1192 5056 describitur.
1232 5005 1503 5056 Ututttitur
1536 5003 1607 5066 id,
1650 5012 1705 5054 ut
1735 5004 1895 5054 tunlta
1929 5004 2054 5065 alia,

489 5072 543 5122 in
597 5072 793 5125 (Lodice
844 5072 1145 5125 Labbeauo.
1200 5072 1503 5136 Fabricms,
1562 5075 1612 5125 in
1672 5073 2052 5141 Bibliograph.,

487 5156 605 5209 pag.
639 5140 737 5205 48,
771 5142 949 5195 laudat
980 5142 1266 5195 Fabianum
1312 5145 1539 5207 'I‘nt'ner,
1586 5145 1672 5209 qui
1702 5144 1770 5196 de
1792 5140 2058 5210 praestan-

486 5212 781 5283 tia.|iugua:
828 5214 1022 5266 veteris
1051 5213 1318 5274 Gothico,
1362 5224 1416 5266 et
1456 5212 1844 5280 Sttroltilmum,
1876 5212 1965 5281 qui
1995 5213 2064 5267 de

485 5284 689 5350 origine
716 5283 905 5350 lingua:
925 5285 1161 5338 Gothicae
1189 5283 1530 5350 scripsm'utlt.
1558 5289 1727 5337 Anev.

557 5349 693 5405 Ibid.
722 5349 803 5424 plur
821 5354 1049 5424 linguam
1077 5364 1298 5407 nostram
1324 5356 1455 5424 terti,
1482 5370 1621 5421 quo;
1666 5355 1764 5416 ιιι..
1795 5352 1846 5405 in
1877 5353 2051 5423 lingua

486 5435 659 5494 nostra
694 5423 840 5490 dicti,
879 5422 1034 5494 duod.
1066 5425 1290 5480 Alvarus
1320 5422 1687 5477 Corduheusis
1717 5422 1961 5494 quoniam
1985 5438 2049 5477 ex

487 5492 585 5544 hoc
603 5494 785 5549 Isidori
801 5492 1333 5563 locosutttpsit.\'tde,
1353 5494 1600 5559 ini'.,not.
1616 5494 1679 5546 ad
1698 5510 1751 5547 ιι.
1773 5493 1862 5546 67.
1883 5501 2049 5547 Αιιεν.

556 5565 609 5616 5.
653 5567 749 5618 Alii
775 5567 944 5631 illum,
970 5583 1063 5634 pro
1083 5564 1303 5627 Iulium,
1336 5568 1454 5618 etei
1482 5580 1579 5634 pro
1606 5565 1794 5619 (ἱιεδανὶ
1818 5579 1836 5630 ;
1867 5576 1919 5620 et
1949 5579 2056 5617 mc-

486 5632 691 5694 dtrnsse,
717 5652 810 5700 pro
836 5632 1103 5691 meditatus
1126 5652 1251 5691 esse.
1278 5637 1447 5689 Ansv.

560 5707 609 5755 ὁ.
636 5703 767 5757 .Era
798 5706 940 5775 29a;
970 5708 1068 5777 aL,
1098 5709 1371 5773 mendose,
1398 5704 1658 5777 ωηιξη.
1690 5703 1819 5759 Ibid.
1855 5702 2052 5758 Primo.

2167 4730 2270 4767 (ιτα
2301 4711 2427 4773 “295,
2458 4726 2595 4763 anno
2627 4710 2678 4763 5.
2713 4712 2915 4764 Montes
2963 4710 3123 4775 Alpes
3157 4710 3479 4761 vocabantur
3519 4708 3752 4775 quilibet

2165 4794 2373 4837 montes
2421 4782 2641 4835 excelsi.
2701 4780 2835 4835 Vide
2881 4780 3182 4849 Etyntolog.
3235 4778 3326 4833 lib.
3375 4792 3483 4840 xlv,
3528 4792 3647 4844 cap.
3684 4776 3743 4842 8,

2163 4871 2309 4909 nunt.
2350 4853 2434 4906 18.
2464 4858 2631 4904 Αιιεν.

2238 4922 2373 4976 Ibid.
2411 4920 2547 4975 Αῖνιι
2570 4920 2697 4976 569.
2723 4921 2774 4974 Id
2803 4919 3133 4974 retinendum
3160 4937 3174 4983 ;
3206 4918 3295 4971 alii
3324 4917 3455 4970 alios
3490 4932 3749 4972 numeros

2162 4994 2416 5049 indicant.
2448 4994 2547 5046 Pro
2576 4991 2773 5055 an.“26,
2808 4995 3060 5044 mendose
3086 4996 3220 5056 aput
3251 4988 3415 5043 Grial.
3447 4987 3530 5041 t6.
3563 4992 3743 5041 Ann.

2234 5068 2287 5118 6.
2341 5062 2478 5117 Era
2523 5063 2643 5115 607.
2700 5061 2943 5114 I’erezius
2973 5062 3137 5113 edidit
3178 5059 3307 5124 408,
3336 5074 3455 5111 cum
3491 5068 3635 5122 nota,
3666 5061 3745 5112 ol.

2164 5135 2296 5200 467;
2346 5136 2437 5187 sed
2487 5134 2587 5186 hoc
2628 5146 2807 5184 verum
2859 5143 2962 5192 est,
3005 5130 3145 5195 quod
3177 5144 3240 5183 ex
3278 5129 3449 5181 Fastis
3477 5128 3747 5200 Idacianis

2167 5198 2392 5271 aliisque
2458 5202 2817 5256 monumentis
2882 5200 3155 5271 Florezius
3215 5200 3567 5252 demonstrat.
3639 5198 3748 5250 Pro

2156 5270 2367 5340 affectos
2412 5275 2535 5325 dum
2582 5288 2673 5340 pro
2696 5288 2713 5335 ;
2755 5273 2823 5325 al.
2852 5272 3076 5339 afﬂictos
3112 5270 3239 5321 dum
3279 5283 3429 5338 pne;
3469 5279 3523 5322 et
3552 5280 3749 5337 postea

2159 5348 2212 5400 in
2240 5346 2586 5399 [tertianorum
2617 5344 2836 5409 migrare
2864 5342 3194 5409 provinciam.
3218 5342 3392 5393 Aasv.

2231 5416 2286 5470 7.
2320 5415 2446 5478 Alii,
2475 5424 2616 5467 trans
2654 5407 2918 5465 latrant...
2952 5411 3275 5481 papulantes,
3309 5408 3496 5465 Grialii
3538 5407 3745 5474 Editio,

2160 5488 2211 5541 in
2237 5488 2467 5539 Istriam.
2497 5488 2664 5538 Ansv.

2232 5558 2286 5610 8.
2330 5554 2508 5622 Neque
2528 5551 2882 5608 substantiam.
2907 5552 3150 5608 Labbeus
3170 5567 3331 5621 neque
3354 5564 3415 5622 ex
3433 5549 3745 5622 sgbstaptia.

2162 5624 2239 5681 De
2266 5618 2478 5691 Gullila,
2509 5637 2595 5678 aut
2632 5622 2866 5686 Wullila,
2894 5622 3091 5691 dictum
3126 5624 3176 5675 iu
3205 5618 3314 5678 not.
3347 5620 3412 5674 ad
3437 5618 3747 5673 Cbronimn

2165 5714 2287 5754 nunt
2368 5690 2487 5752 105.
2549 5692 2841 5761 Fabricius,
2895 5708 3015 5764 pag.
3071 5690 3141 5747 68
3180 5693 3457 5762 I3ibliogr.,
3490 5697 3740 5746 recenset
