4084 6160
316 316 443 375 10M

1358 321 1672 381 msroma
1720 324 1805 379 ne
1846 322 2140 382 REGIBUS
2178 286 2578 384 comitanti.

3449 336 3589 393 1062

310 441 365 484 et
389 429 666 484 amborum
696 430 953 500 obsequio
974 429 1267 487 subditum.
1299 433 1471 488 Aliam
1496 450 1704 504 quoque
1722 435 1893 489 Patris
1923 439 1967 494 Α
2001 436 2205 504 pridem
2255 435 2398 508 leges
2439 440 2829 512 imperiumque
2866 452 3201 512 respuerant,
3244 454 3300 504 et
3345 446 3415 505 de
3451 465 3585 521 quo-

323 524 463 576 sicut
506 535 808 590 personam,
859 525 937 579 sic
983 532 1035 579 et
1063 532 1305 578 naturam
1333 536 1686 592 asserentes;
1738 526 1899 582 aliam

320 612 465 677 Filii,
516 613 674 667 aliam
727 614 958 682 denique
1004 614 1237 684 Spiritus
1287 616 1479 681 sancti,
1537 626 1594 671 ut
1634 618 1743 685 jam
1795 633 1899 673 non

312 701 626 771 (secundum
654 712 855 758 sanctae
880 703 1170 773 Scriptura:
1195 704 1557 775 traditionem)
1589 723 1728 762 unus
1761 708 1902 763 Deus

311 802 365 844 et
395 792 648 847 Dominus
675 794 965 863 coleretur,
987 795 1104 862 sed,
1127 798 1273 864 juxta
1307 797 1621 852 idololatria-
1644 799 1903 867 supersti-

311 887 537 952 tionem,
567 896 676 941 tres
700 885 775 941 dii
800 898 1205 943 venerarentur.
1235 889 1401 958 Cujus
1423 889 1768 958 blasphemiae
1799 906 1903 943 ma-

314 974 421 1030 lum
456 992 549 1043 per
587 976 865 1032 decessum
898 986 1221 1047 temporum,
1254 995 1544 1049 regumque
1572 996 1895 1047 successum,

310 1067 465 1120 annis
493 1082 654 1122 ccxttt
687 1076 996 1124 tenuerunt.
1017 1070 1117 1137 Qui
1149 1072 1359 1126 tandem
1384 1074 1786 1128 reminiscentes
1810 1090 1900 1128 sa-

313 1160 437 1212 lutis
453 1174 583 1225 sum,
603 1161 1045 1216 renuntiaverunt
1074 1162 1271 1216 inoliae
1298 1162 1617 1232 perlidiae,et
1641 1181 1733 1234 per
1747 1165 1901 1220 Chri-

310 1250 374 1304 sti
405 1251 633 1320 gratiam
673 1251 737 1306 ad
773 1252 1028 1306 unitatem
1063 1253 1186 1309 ﬁdei
1217 1255 1493 1311 catholica:
1521 1268 1895 1323 perveni-runt.

382 1343 433 1394 9.
476 1339 609 1396 [Era
641 1357 819 1406 coxvt,
867 1359 1007 1399 anno
1046 1361 1136 1399 xrv
1182 1347 1390 1416 imperii
1425 1347 1678 1414 Valentis,
1713 1350 1894 1419 Gothi,

305 1433 397 1497 qui
427 1435 653 1502 primum
686 1434 1020 1491 Christianos
1046 1454 1076 1492 a
1111 1449 1249 1493 terra
1280 1456 1375 1495 sua
1406 1444 1746 1511 expulerant,
1783 1462 1899 1500 rur-

313 1539 402 1579 sus
431 1527 529 1595 ipsi
568 1526 637 1580 ab
666 1527 870 1583 Hunnis
900 1544 1019 1584 cum
1049 1546 1172 1601 rege
1202 1549 1300 1587 suo
1325 1536 1650 1592 Athanarico
1691 1540 1897 1608 expulsi

305 1625 467 1681 sunt;
502 1619 834 1688 transitoque
865 1621 1122 1689 Danubio,
1166 1638 1288 1679 cum
1320 1626 1423 1680 vim
1457 1627 1597 1683 ferre
1637 1645 1741 1684 non
1778 1646 1898 1698 pos-

304 1719 426 1764 sent
456 1708 700 1765 Valentis
745 1712 1113 1778 imperatoris,
1145 1729 1264 1770 sese
1302 1733 1405 1771 non
1438 1719 1697 1787 depositis
1730 1723 1896 1777 armis

303 1797 548 1863 tradunt,
594 1810 649 1853 et
699 1799 983 1857 Thraciam
1029 1803 1094 1856 ad
1147 1805 1552 1862 inhabitandmn
1599 1809 1889 1877 accipiunt.
1926 1796 1970 1853 Β

305 1891 412 1944 Sed
468 1890 553 1945 ubi
611 1891 855 1945 viderunt
908 1908 968 1948 se
1020 1896 1247 1965 opprimi
1301 1912 1330 1951 a
1393 1899 1648 1955 Romanis
1702 1911 1888 1958 contra

304 1986 755 2041 consuetudinem
804 1989 1033 2057 propriae
1072 1991 1358 2057 libertatis,
1410 1994 1476 2047 ad
1534 1994 1896 2052 rebellandum

303 2079 477 2133 coacti
527 2088 673 2135 sunt.
716 2078 998 2135 Thraciam
1056 2082 1200 2137 ferro
1265 2084 1629 2157 incendisque
1658 2089 1897 2157 deponu-

304 2168 512 2236 lantur,
556 2169 836 2238 deletoque
878 2171 1239 2229 Romanorum
1288 2180 1549 2244 exercitu,
1580 2180 1749 2250 ipsum
1786 2181 1898 2235 Va-

307 2266 504 2315 lentem
544 2260 724 2331 jmulo
758 2262 1117 2330 vulneratum,
1164 2267 1214 2320 in
1255 2269 1482 2336 quadam
1523 2272 1645 2323 villa
1694 2271 1898 2342 fugien-

304 2358 438 2417 tem,
470 2352 882 2417 suecenderuut,
909 2369 965 2407 ut
994 2355 1186 2409 merito
1216 2356 1331 2426 ipse
1361 2359 1427 2413 ab
1451 2362 1528 2413 eis
1560 2363 1712 2431 112
1746 2365 1898 2417 vivus

309 2441 595 2508 temporali
643 2453 974 2498 cremaretur
1016 2445 1307 2515 incendio,
1354 2449 1445 2518 qui
1492 2459 1598 2504 tam
1646 2452 1897 2521 pulchras

311 2535 519 2588 animas
556 2534 771 2605 ignibus
817 2538 1033 2592 mternis
1081 2540 1390 2595 tradiderat.

380 2628 464 2681 l0.
499 2626 821 2682 Invenerunt
849 2640 1027 2685 autem
1066 2646 1132 2685 eo
1156 2632 1341 2701 praelio
1361 2631 1517 2687 Gothi
1555 2635 1897 2692 confessores

306 2718 513 2793 priores
536 2716 760 2786 Gothos,
784 2734 916 2792 quos
950 2719 1146 2777 dudum
1170 2731 1388 2793 propter
1409 2723 1564 2781 ﬁdem
1589 2741 1615 2780 a
1640 2735 1781 2783 terra
1800 2744 1896 2785 sua

306 2816 643 2882 expulerant,
667 2826 719 2870 et
737 2817 1017 2870 voluerunt
1039 2832 1133 2872 eos
1156 2818 1253 2872 sibi
1279 2819 1343 2872 ad
1369 2819 1561 2887 prmdze
1582 2823 1895 2877 societatem

305 2905 652 2975 conjungere.
687 2907 807 2973 Qui,
831 2921 948 2960 cum
975 2922 1077 2960 nou
1101 2909 1512 2975 acquievissent,
1534 2913 1786 2979 aliquanti
1818 2913 1898 2965 in-

307 2994 514 3050 terfecti
546 3008 690 3052 sunt.
724 2990 859 3062 Alii,
887 3008 1165 3052 montuosa
1192 2999 1306 3054 loca
1330 3008 1591 3065 tenentes,
1621 3011 1675 3055 et
1699 2999 1894 3070 refugi:

305 3087 407 3138 silli
440 3087 827 3157 qualiacumjue
858 3099 1257 3155 construentes,
1303 3106 1408 3147 non
1440 3093 1611 3147 solum
1645 3109 1893 3163 perseve-

2002 540 2120 580 ruut
2174 542 2236 583 se
2282 530 2541 585 societate
2583 530 2768 599 pra-lio
2816 533 3203 603 triumphantes
3260 546 3581 597 averterant.

2081 638 2167 693 l3.
2210 638 2338 694 Aira
2380 656 2653 708 coxxxvu,
2701 659 2843 700 anno
2886 645 3093 713 imperii
3136 647 3357 706 Honorii
3391 662 3445 707 et
3488 654 3585 707 Ar-

2007 733 2144 788 cadii
2173 736 2359 803 quinto
2380 778 2396 804 ,
2444 738 2625 803 Gothi,
2659 739 2710 791 in
2748 739 2961 795 Alarico
2991 750 3045 795 et
3074 740 3371 815 Radagaiso
3410 746 3586 815 divisi,

2000 824 2124 878 dum
2157 827 2504 895 semetispsos
2530 828 2579 881 in
2613 829 2818 883 duabus
2847 831 2994 899 regni
3023 832 3260 899 partibus
3290 833 3452 889 variis
3482 852 3585 890 ese-

2000 914 2153 969 dibus
2182 915 2499 981 lacerarent,
2531 918 2600 971 ob
2640 919 2910 974 excidium
2961 921 3325 977 Romanorum
3361 939 3586 979 concor-

2000 1008 2093 1062 des
2119 1008 2316 1074 cllccti,
2348 1010 2632 1063 consilium
2668 1011 2718 1064 in
2771 1026 3055 1069 commune
3101 1016 3459 1079 constituunt,
3492 1033 3585 1085 pa-

2001 1099 2151 1166 rique
2182 1099 2481 1154 intentione
2504 1101 2568 1154 ad
2603 1103 2916 1169 przedaudas
2956 1110 3303 1176 quascunque
3340 1110 3586 1177 regiunes

2003 1190 2161 1244 Italia:
2192 1190 2258 1243 ab
2288 1190 2514 1245 invicem
2552 1193 2876 1248 dividuntur.

2074 1299 2158 1354 M.
2201 1301 2332 1356 IEra
2359 1318 2574 1369 CDXLIII,
2616 1321 2756 1360 anno
2795 1300 3014 1361 Honorii
3043 1318 3096 1363 ct
3133 1310 3347 1364 Arcadii
3384 1304 3457 1379 xi,
3486 1310 3584 1365 rex

2001 1394 2296 1449 Gothorum
2326 1395 2673 1466 liadagaisus,
2696 1415 2893 1469 genere
2923 1401 3139 1471 Scytha,
3163 1404 3324 1455 cultui
3360 1394 3585 1458 idolola-

2008 1487 2123 1539 trizie
2156 1487 2394 1553 deditus,
2438 1488 2734 1543 barbarica:
2785 1491 3130 1545 immanitatis
3162 1493 3375 1548 feritate
3402 1497 3583 1548 saevis-

2000 1576 2191 1643 simus,
2218 1591 2337 1630 cum
2372 1578 2617 1633 ducentis
2645 1587 2971 1635 armatorum
3016 1583 3251 1638 millibus
3280 1584 3443 1638 Italire
3466 1600 3589 1655 par-

1999 1673 2082 1722 tes
2131 1671 2438 1724 vehementi
2481 1674 2781 1727 vastatione
2838 1676 3164 1743 aggreditur,
3215 1677 3485 1745 spondens
3534 1679 3585 1731 iu

2000 1772 2361 1832 contemptum
2381 1764 2577 1820 Christi
2603 1770 2642 1836 1
2657 1768 2754 1836 13
2772 1765 3123 1822 Romanorum
3152 1772 3463 1838 sanguinem
3486 1771 3588 1824 diis

2001 1856 2109 1909 suis
2140 1857 2328 1922 libare,
2362 1857 2404 1910 si
2440 1856 2701 1911 vinceret.
2730 1856 2897 1927 Gujus
2934 1860 3219 1927 exercitus,
3250 1875 3278 1912 a
3324 1860 3588 1915 Stihroue

2001 1948 2139 2002 doce
2187 1949 2429 2003 Romano
2471 1949 2522 2003 iu
2557 1952 2852 2004 montuosis
2903 1950 3146 2005 Thuscia:
3181 1952 3311 2006 locis
3357 1954 3588 2007 circum-

2003 2039 2207 2105 clusus,
2242 2039 2379 2093 laute
2404 2052 2481 2092 est
2508 2039 2683 2108 potius
2714 2056 2871 2108 quam
2906 2042 3044 2096 ferro
3074 2051 3443 2112 consumptus.
3469 2041 3587 2112 Ipse

2001 2141 2330 2200 postremum
2363 2147 2453 2185 rex
2488 2141 2677 2200 captus
2700 2141 2754 2187 et
2784 2132 3095 2187 interfectus
3122 2141 3226 2188 est.

2075 2246 2163 2300 l5.
2205 2246 2331 2301 [Era
2377 2262 2614 2312 coxavn,
2659 2262 2800 2301 anno
2848 2247 3059 2315 imperii
3110 2248 3322 2302 Arcadii
3367 2264 3457 2315 xv,
3489 2263 3587 2302 ex-

1998 2336 2196 2392 stincto
2246 2338 2567 2409 Radagaiso,
2612 2339 2857 2393 Alarlcus
2905 2353 3127 2392 consors
3170 2340 3338 2409 regni,
3369 2339 3589 2395 nomine

1999 2431 2215 2499 quidem
2266 2432 2635 2494 Christianus,
2697 2430 2793 2484 sed
2869 2431 3199 2499 professione
3262 2433 3583 2500 ltzereticus,

1999 2524 2186 2578 dolens
2250 2533 2451 2577 tantam
2508 2522 2902 2576 multitudinem
2956 2523 3249 2577 Gothorum
3309 2538 3339 2576 a
3392 2523 3584 2580 Roma-

2003 2614 2089 2668 nis
2131 2616 2475 2677 exstinctam,
2517 2616 2565 2666 in
2611 2613 2901 2668 vindictam
2947 2616 3222 2687 sanguinis
3251 2630 3467 2672 suorum
3493 2621 3584 2673 ad-

2000 2720 2188 2762 versus
2240 2707 2464 2761 Romam
2515 2708 2755 2777 praelium
2810 2708 2993 2777 gessit,
3044 2711 3425 2778 obsessatnque
3480 2710 3582 2765 im-

2002 2814 2145 2872 petu,
2186 2804 2329 2871 igne,
2361 2803 2572 2871 gladiis,
2598 2804 2863 2871 irrumpit,
2887 2802 3070 2872 sicque
3099 2802 3239 2858 Urbs
3268 2812 3579 2858 cunctarum

1998 2893 2233 2964 gentium
2268 2894 2490 2957 victrix,
2526 2891 2771 2947 Gothicis
2804 2891 3090 2957 triumphis
3120 2892 3255 2947 vieta
3283 2893 3581 2957 succubuit,

1998 2986 2183 3056 eisque
2221 2995 2375 3055 capta
2407 2985 2795 3054 subjugataque
2824 2982 3066 3039 servivit.
3099 2983 3230 3037 Tam
3271 2993 3446 3037 autem
3479 2986 3583 3037 Go-

2001 3082 2073 3135 thi
2106 3080 2403 3133 clemintes
2458 3079 2530 3132 ibi
2569 3080 2909 3139 exstiterunt,
2963 3086 3021 3129 ut
3070 3085 3251 3129 votum
3286 3084 3442 3128 antea
3491 3074 3586 3128 da-

306 3188 563 3233 raveruut
611 3180 900 3234 Christiani
945 3182 1218 3247 catholici,
1266 3182 1359 3237 sed
1404 3183 1563 3239 etiam
1599 3185 1649 3237 in
1679 3201 1896 3240 concor-

2000 3180 2137 3236 reut,
2167 3171 2309 3242 quod
2352 3168 2397 3223 si
2446 3169 2856 3240 ingrederentur
2888 3168 3105 3233 Urbem,
3147 3168 3449 3238 quicunque
3481 3166 3586 3220 llo-

307 3272 393 3322 dia
428 3270 811 3338 Romanoium,
861 3286 891 3325 a
933 3273 1121 3340 quibus
1152 3272 1351 3328 dudum
1404 3275 1616 3343 excepti
1660 3274 1893 3344 fuerant,

306 3374 738 3432 permanserunt.

383 3455 469 3508 ll.
512 3455 643 3509 Aira
689 3471 866 3521 cuius,
900 3472 1038 3511 anno
1082 3457 1294 3526 imperii
1333 3458 1619 3514 Theodosii
1672 3457 1896 3527 llispani

308 3561 390 3611 ιιι,
452 3545 811 3602 Athanaricus
854 3564 974 3602 cum
1025 3547 1333 3603 Theodosio
1369 3549 1458 3618 jus
1501 3549 1898 3619 amicitiamque

302 3638 629 3702 disponens,
689 3653 813 3691 mox
866 3622 1384 3707 Constantinopolim
1447 3641 1656 3710 pergit,
1716 3640 1896 3710 ibique

302 3730 494 3796 quinto
525 3729 734 3782 decimo
762 3730 849 3784 die
882 3741 1158 3800 postquam
1203 3731 1379 3787 fuerat
1406 3748 1436 3786 a
1467 3733 1771 3789 Theodosio
1800 3735 1898 3789 bo-

305 3819 620 3873 norabiliter
664 3831 949 3890 susceptus
982 3824 1205 3878 interiit.
1234 3824 1395 3879 Go.bi
1438 3841 1641 3889 auzem,
1681 3829 1897 3897 proprio

306 3926 438 3981 rege
487 3912 763 3977 defuncto,
813 3915 1137 3982 aspicientes
1188 3916 1570 3986 benignitatem
1612 3918 1896 3974 Theodosii

307 4003 673 4071 imperatoris,
708 4004 840 4059 inito
881 4007 1102 4073 laedere,
1138 4008 1381 4063 Romano
1422 4026 1481 4065 se
1511 4010 1738 4080 imperio
1788 4022 1897 4067 tra-

304 4094 558 4148 diderunt
602 4104 655 4149 et
686 4095 901 4149 luerunt
948 4114 1066 4152 cum
1100 4099 1353 4155 Romanis
1383 4118 1545 4157 xxvnt
1577 4104 1752 4159 annis.

384 4184 467 4238 l9...
512 4186 643 4241 {Era
681 4201 848 4253 coxx,
881 4203 1019 4242 anno
1058 4190 1268 4258 imperii
1295 4192 1581 4247 Theodosii
1606 4209 1678 4262 tv,
1712 4192 1894 4260 Gothi,

305 4281 660 4345 patrocinium
706 4279 935 4333 Romani
971 4282 1186 4335 hederis
1244 4294 1576 4350 recusantes,
1624 4288 1895 4343 Alaricom

305 4384 487 4437 regem
508 4368 607 4422 sibi
630 4371 979 4437 constituunt,
1013 4372 1283 4442 indignum
1308 4375 1612 4444 judicantes
1640 4379 1895 4435 Romanae

2000 3278 2281 3317 manorum
2315 3264 2365 3316 in
2410 3262 2541 3316 locis
2594 3260 2795 3315 Christi
2845 3261 3197 3325 inveniretur,
3242 3260 3295 3312 iu
3332 3259 3586 3314 vastatio-

1997 3370 2117 3408 nem
2170 3354 2324 3408 Urbis
2361 3368 2467 3406 non
2506 3354 2831 3406 mitteretur.
2866 3352 2993 3405 Post
3040 3350 3141 3404 hoc
3190 3350 3349 3417 igitur
3376 3360 3577 3413 votum,

1998 3444 2233 3515 aggressi
2264 3442 2484 3507 Urbem,
2536 3442 2785 3496 omnibus
2815 3450 2871 3496 et
2919 3456 3066 3496 mors
3111 3450 3162 3495 et
3192 3440 3473 3509 captivitas
3504 3442 3584 3492 in-

1997 3538 2143 3592 dulta
2166 3546 2269 3601 est,
2296 3536 2385 3605 qui
2413 3534 2479 3589 ad
2513 3542 2819 3589 sanctorum
2848 3533 3031 3588 limina
3067 3532 3441 3603 confugerunt.
3474 3530 3580 3588 Sed

1996 3637 2051 3681 et
2076 3626 2166 3696 qui
2191 3634 2343 3679 extra
2376 3625 2495 3679 loca
2520 3635 2816 3694 martyrum
2858 3634 3035 3689 erant,
3078 3634 3132 3679 et
3161 3639 3352 3679 nomen
3383 3623 3580 3701 Christi

1998 3726 2051 3771 et
2089 3727 2398 3771 sanctorum
2433 3716 2868 3783 nominaverunt,
2913 3724 2967 3770 et
3010 3714 3139 3784 ipsis
3179 3714 3338 3769 simili
3371 3715 3585 3769 miseri-

1997 3809 2181 3863 cordia
2232 3816 2605 3878 pepercerunt.
3493 3819 3500 3827 ’

2069 3927 2158 3983 16.
2183 3925 2240 3981 lu
2264 3927 2483 3995 reliquis
2507 3912 2821 3991 autem,etsl
2842 3923 3017 3995 praeda
3042 3923 3273 3979 hostium
3297 3925 3484 3993 patuit,
3506 3924 3587 3981 fe-

1997 4019 2171 4074 riendi
2209 4028 2385 4073 tamen
2419 4017 2725 4071 humanitas
2754 4017 3021 4070 refrenata
3054 4024 3154 4069 est.
3187 4015 3587 4089 incursantibus

1998 4122 2173 4164 autem
2192 4109 2245 4163 in
2275 4108 2362 4162 illa
2382 4108 2627 4162 vastitate
2655 4123 2748 4175 per
2764 4106 2966 4162 ’Urbem
2989 4106 3198 4173 Gothis,
3219 4108 3343 4162 dum
3368 4108 3584 4178 quidam

2002 4211 2191 4270 potens
2217 4199 2475 4269 virginem
2514 4210 2878 4252 consecratam
2906 4208 3062 4252 aetate
3092 4209 3399 4268 provectam
3432 4216 3586 4270 repe-

2002 4294 2183 4356 risset,
2209 4305 2436 4357 eamque
2453 4288 2676 4343 honeste
2694 4287 3008 4343 admoneret
3040 4298 3116 4353 ut,
3144 4291 3187 4344 si
3218 4291 3342 4357 quid
3366 4298 3501 4360 apud
3525 4308 3586 4347 se

2001 4383 2119 4435 auri
2142 4380 2453 4451 argentique
2468 4388 2633 4441 esset,
2652 4379 2906 4447 proferret
2925 4396 2939 4431 :
2957 4380 3042 4433 illa
3068 4380 3211 4435 lideli
3230 4383 3578 4448 conscientia,

304 4476 429 4515 esse
482 4461 723 4515 subditos
757 4466 1026 4533 potestati,
1068 4481 1269 4536 eosque
1309 4473 1493 4541 sequi,
1523 4488 1746 4543 quarunt
1771 4475 1881 4547 jam
1914 4511 1966 4572 υ
2000 4471 2139 4541 quod
2167 4471 2350 4525 habuit
2387 4469 2606 4540 protulit
2634 4486 2647 4536 ;
2675 4485 2905 4539 eumque
2943 4472 3030 4525 ille
3070 4486 3314 4526 vasorum
3355 4472 3583 4527 fortnam

305 4596 521 4665 Georgii
548 4598 807 4676 Friderici
837 4601 1075 4670 Heupelii
1099 4603 1527 4662 dissertationem
1554 4608 1619 4663 de
1643 4609 1883 4676 Ulphila,

304 4683 406 4740 seu
434 4670 677 4740 versione
712 4682 939 4737 quatuor
964 4676 1410 4740 evangelistarunt
1440 4678 1688 4732 Gothica.
1714 4670 1885 4735 λιιενξ

380 4735 434 4790 9.
479 4738 534 4792 In
566 4735 805 4796 Editione
847 4742 1055 4809 Grialii,
1088 4735 1361 4808 mendose,
1396 4761 1567 4801 anuus
1589 4747 1660 4801 45
1694 4751 1882 4807 Valen-

308 4810 381 4881 tis
404 4821 503 4873 pro
531 4810 773 4881 anno,”
798 4813 1120 4881 designatur.
1156 4814 1257 4867 l’ro
1287 4831 1317 4866 a
1339 4826 1473 4869 terra
1494 4834 1607 4878 sua.
1640 4821 1711 4873 al.
1741 4838 1772 4875 a
1812 4839 1889 4875 se.

306 4878 457 4954 dibus
499 4882 625 4954 suis.
670 4878 936 4954 Perezius'
962 4882 1233 4936 serihehat
1260 4883 1441 4954 Ugnis,
1476 4899 1528 4941 et
1562 4905 1654 4954 pro
1684 4893 1784 4943 alia
1815 4892 1889 4948 le-

304 4950 485 5003 ctione
524 4948 755 5013 Hunnis,
787 4952 925 5021 quod
956 4955 1120 5021 magis
1148 4948 1435 5010 comniune
1465 4948 1573 5012 est.
1619 4961 1720 5013 Pro
1750 4963 1889 5016 dele-

307 5028 481 5085 toque,
512 5023 651 5089 quod
694 5022 780 5075 alii
812 5023 1087 5087 exhibent,
1118 5026 1168 5078 in
1196 5026 1438 5080 Editioue
1466 5028 1651 5084 Grialii
1683 5040 1766 5085 est
1797 5037 1887 5085 de-

308 5092 557 5169 iectoque.
609 5091 857 5147 Perezius
889 5094 1113 5169 fortasse
1144 5096 1356 5169 volebat
1404 5098 1736 5169 disjectoque.
1786 5103 1889 5157 Pro

296 5162 698 5243 succenderunt,
746 5173 852 5217 etc.
890 5164 977 5218 alii
998 5166 1327 5232 succendunt,
1361 5177 1416 5220 ut
1462 5162 1644 5226 merito
1674 5173 1784 5243 ipse
1826 5175 1889 5227 ab

307 5235 381 5279 eis
405 5234 590 5282 vivens.
621 5242 791 5287 Anev.

388 5301 471 5371 lt).
507 5302 629 5371 filii.
658 5302 788 5357 Vide
825 5303 1157 5371 Eutrapium.

386 5368 469 5440 il.
501 5367 706 5425 lnteriit
729 5389 748 5426 :
773 5376 843 5427 al.
872 5367 1109 5440 mori—tur,
1146 5379 1315 5433 Aanv.

386 5439 726 5522 l3.-Quinto.
781 5445 1126 5522 Ita-correxit
1182 5448 1477 5515 Florezius,
1528 5453 1770 5522 quamvis
1800 5469 1887 5509 aut

313 5504 549 5591 habeant
578 5524 782 5591 quarto,
812 5516 884 5568 uti
915 5518 1073 5591 etiam
1118 5532 1264 5573 ttuut.
1309 5536 1426 5591 seq.
1464 5504 1765 5589 'pojsui'tnli
1796 5504 1891 5591 pro

313 5577 401 5637 tu,
429 5582 546 5646 quia
579 5577 648 5634 ita
679 5577 869 5664 melius
907 5588 1183 5664 anniti-rae
1222 5602 1342 5664 cum
1389 5577 1893 5664 'antiisdimpera'tov-

310 5662 431 5699 rum
451 5655 813 5720 consentiunt,
836 5655 962 5709 etin
986 5656 1161 5726 tribus
1176 5660 1297 5712 teris
1325 5655 1890 5726 sequentibus-eadem

314 5733 455 5770 rauo
480 5725 789 5807 ntuneinndi
837 5734 1100 5807 servatur.
1149 5724 1252 5781 l’ro
1297 5731 1366 5807 ad
1406 5724 1715 5799 praedandas
1743 5751 1890 5807 quas-

311 5804 529 5862 curque,
560 5794 650 5848 alii
674 5797 740 5849 ad
762 5798 1028 5858 lentandus
1052 5814 1301 5874 quasque.
1331 5794 1499 5862 Λιιίῑν.

2070 4606 2159 4662 Η.
2201 4606 2302 4659 Pro
2331 4620 2470 4659 anno
2506 4606 2596 4669 ll,
2630 4604 2718 4657 alii
2759 4603 3011 4659 exhibent
3055 4602 3142 4666 itt,
3170 4604 3245 4657 uti
3294 4620 3463 4669 nuper
3504 4606 3583 4660 di-

1995 4677 2450 4737 etum.Grotius,
2501 4692 2615 4728 cum
2665 4675 2894 4728 ducentis
2948 4676 3159 4727 armatis
3217 4674 3577 4729 Sarmatarum

1997 4749 2257 4808 millibus;
2304 4758 2355 4800 at
2402 4747 2644 4800 Labbeus
2685 4760 2806 4798 cum
2840 4744 2959 4797 Edi.
2997 4746 3180 4798 Grialii
3223 4742 3368 4799 facit.
3405 4751 3575 4800 Ann.

2068 4816 2155 4871 l5.
2188 4816 2324 4870 Afra
2376 4831 2605 4871 cum".
2644 4811 2779 4869 Vide
2828 4814 3171 4883 Procopium,
3222 4814 3576 4884 Jornandetn,

1996 4888 2382 4950 Marcellinum,
2417 4887 2634 4950 Paulum
2668 4884 2983 4939 Diaconum.

2066 4957 2202 5012 Ibid.
2228 4960 2281 5011 ιιι
2316 4957 2562 5010 Etlitione
2606 4955 2810 5019 Grialii,
2842 4971 2979 5009 anno
3024 4955 3228 5023 imperii
3255 4965 3303 5009 et
3344 4956 3575 5011 Arcadii.

1996 5029 2243 5083 Fortasse
2276 5030 2460 5081 Editur
2483 5027 2668 5087 voluit,
2719 5041 2855 5079 anno
2890 5025 3108 5079 Honorii
3138 5036 3186 5078 et
3236 5028 3464 5092 Arcadii,
3519 5037 3577 5081 ut

1994 5100 2085 5153 alii
2112 5100 2325 5153 habent.
2361 5097 2553 5150 Verum
2586 5094 2862 5149 Florezius
2911 5096 3189 5167 legendum
3226 5097 3412 5163 probat
3440 5116 3583 5151 anno.

1993 5170 2195 5239 imperii
2226 5168 2466 5233 Honorii,
2497 5167 2676 5220 deleto
2704 5168 2918 5239 Arcadii
2971 5167 3186 5239 nomine
3236 5178 3344 5239 tum
3393 5170 3445 5222 ιιι
3474 5170 3577 5226 hac

1994 5234 2125 5306 mra,
2158 5249 2265 5292 tum
2297 5240 2350 5291 in
2386 5240 2593 5291 duabus
2623 5238 2972 5305 sequentibus
3001 5234 3109 5290 448
3150 5247 3205 5292 et
3232 5235 3359 5299 454.
3412 5239 3578 5305 siqni-

1994 5309 2116 5364 dem
2148 5309 2406 5363 Arcadius
2424 5309 2532 5375 jam
2555 5307 2783 5369 obierat,
2812 5316 2866 5361 et
2894 5306 3148 5363 tredecim
3176 5317 3378 5361 tantutu
3408 5320 3582 5362 annos

1994 5396 2115 5435 cum
2145 5380 2378 5453 Honorio
2401 5386 2739 5453 regnaverat,
2774 5385 2832 5431 ut
2856 5393 2920 5432 ex
2968 5377 3155 5432 lsitlori
3198 5377 3579 5453 Chronicopa-

1995 5459 2090 5504 tet.
2126 5450 2407 5514 Lihrarii,*
2430 5460 2487 5502 ut
2537 5448 2761 5502 credere
2793 5464 2887 5513 par
2915 5458 3022 5512 est,
3052 5463 3115 5500 ex
3154 5448 3582 5512 precedentibus

1993 5523 2118 5575 reris
2147 5520 2359 5575 Arcadii
2390 5533 2583 5573 nomen
2615 5532 2739 5572 cum
2768 5518 3006 5588 Honorio
3030 5517 3440 5588 coniunxerunt.
3470 5523 3579 5571 t’ro

1993 5593 2111 5659 imp.
2130 5601 2205 5656 tu,
2231 5591 2368 5660 igne,
2392 5588 2600 5661 gladiis,
2619 5588 2861 5642 Labbens
2884 5587 3224 5661 tuinusbeue
3250 5589 3439 5659 impetu
3472 5607 3583 5642 nta-

1992 5657 2109 5733 gna:
2123 5657 2311 5725 cludis;
2334 5657 2430 5730 pro
2455 5660 2824 5733 (tamquamut,
2843 5659 2932 5733 alii
2953 5657 3389 5733 Christianorum.
3406 5665 3577 5715 Alter.

2068 5733 2154 5787 l6.
2196 5729 2414 5785 Sacram
2469 5730 2711 5785 hostium.
2768 5729 3034 5797 Labhcus,
3075 5745 3223 5784 ωσι-α
3252 5731 3402 5799 hosti,
3433 5734 3575 5803 quod

1997 5804 2224 5861 lorta.se
2274 5804 2487 5859 melius.
2524 5807 2690 5857 Aser.
