4004 6144
240 300 375 355 I065

1272 313 1584 371 HISTORIA
1630 317 1717 372 DE
1760 318 2054 379 REGIBUS
2093 324 2494 389 COTIIURUM.

3366 355 3498 408 Militi

232 427 257 463 .t
275 410 502 475 Litorio,
528 411 780 467 Ruirtanre
797 413 1000 469 militia:
1013 416 1169 482 duce,
1194 419 1396 476 llunnis
1417 426 1819 495 auxiliantibus,
1853 431 1898 490 Δ
1928 430 2145 488 ditatem
2169 439 2494 504 possideant.
2512 444 2661 499 Adeo
2679 457 2852 502 autem
2879 451 2989 506 lnec
3005 470 3137 523 gens
3156 459 3371 515 horrida
3391 476 3494 528 ρει.

232 504 496 528 -ι¹Ι·...--ι..-
550 503 566 528 Ι
594 504 778 528 τηρ-ιε..-
800 515 973 528 -.-ι,...
1054 509 1078 528 Α
1108 525 1162 528 ._._
1210 526 1230 528 _
1276 513 1287 523 ο
2181 523 2197 528 -

232 504 515 572 etfugatur.
546 503 781 557 Litorius
798 515 976 561 autem
1001 548 1017 572 ,
1047 509 1173 563 dum
1209 513 1439 579 primum
1484 530 1573 570 res
1596 531 1818 586 prospe-

232 608 318 647 ras
346 592 606 647 adverSus
634 593 839 650 Gothos
878 598 1165 666 gessisset,
1199 602 1377 658 denuo
1404 604 1707 661 daemonum
1745 608 1819 663 si-

229 684 350 753 gnis
387 684 801 753 aruspicumque
849 694 1123 757 responsis
1151 691 1435 762 deceptus.
1470 696 1669 752 bellum
1696 713 1818 754 cum

227 775 423 831 Gothis
455 777 825 845 imprudenter
862 780 1010 847 iniit,
1044 784 1349 861 amissoque
1379 787 1625 844 Romano
1663 806 1820 846 exer-

229 868 340 921 citu
364 908 379 932 ,
413 868 794 923 miserabiliter
821 885 1103 940 superatus
1132 876 1351 931 interiit.
1379 878 1631 951 Fecitque
1664 882 1821 938 intel-

230 959 321 1028 ligi
366 970 624 1028 quantunt
672 961 764 1015 illa
791 978 910 1031 qua:
947 978 1067 1018 cum
1110 967 1300 1022 eodem
1330 972 1488 1038 periit
1531 973 1818 1029 multitudo

229 1049 489 1117 prodesse
517 1053 780 1119 potuerit,
804 1052 851 1106 si
882 1054 983 1108 fide
1008 1057 1184 1124 potius
1215 1075 1374 1129 quam
1394 1060 1680 1120 fallacibus
1706 1066 1819 1122 dac-

227 1140 534 1193 moniorntn
574 1145 803 1196 ostentis
843 1145 917 1198 ttti
960 1147 1255 1203 maluisset.

296 1230 390 1285 25.
431 1232 706 1287 Exstincto
730 1237 888 1301 igitur
908 1235 1131 1301 Litorio,
1151 1255 1278 1303 pace
1298 1240 1496 1297 deinde
1508 1243 1817 1302 Theudere-

223 1320 327 1374 dus
344 1338 464 1375 cum
482 1322 735 1378 Rmnauis
750 1325 900 1390 inita,
915 1326 1088 1382 denuo
1099 1328 1355 1386 adversus
1369 1332 1608 1398 Hunnus,
1627 1337 1817 1392 Gallia-

220 1432 345 1471 rum
363 1418 665 1485 provincias
695 1434 838 1472 satva
860 1420 1200 1488 populatione
1221 1428 1517 1492 vastantes,
1541 1437 1703 1498 atque
1725 1445 1817 1483 ur-

219 1506 324 1561 bes
346 1506 602 1573 plurimas
622 1520 945 1571 «vertentes,
965 1511 1017 1565 in
1034 1512 1631 1587 campisCatalaunicis,
1663 1521 1816 1574 auxi-

218 1598 389 1652 liante
403 1600 581 1663 Aetio,
606 1600 742 1655 duce
764 1602 1026 1671 Romano,
1041 1616 1229 1673 aperto
1247 1607 1412 1663 Marte
1423 1611 1684 1678 conﬂixit,
1712 1612 1816 1667 ibi-

216 1704 326 1757 que
343 1690 632 1757 praeliaudo
651 1691 823 1746 victor
834 1694 1100 1748 occubuit.
1122 1693 1281 1751 Gothi
1298 1706 1497 1767 autent,
1525 1700 1819 1758 dimicante

1926 528 1983 574 ut
2022 536 2143 577 cum
2173 523 2368 583 famem
2408 530 2461 585 iu
2501 532 2640 589 bello
2669 535 2828 591 fuerit
2876 557 3051 609 passa,
3104 563 3289 605 venam
3321 523 3501 622 tangat

1923 613 2067 680 equi,
2094 622 2149 668 et
2166 616 2243 670 sic
2266 621 2512 675 excludat
2533 623 2725 680 hausto
2753 633 3017 700 sanguine
3046 635 3266 694 famem.

1993 704 2081 758 50.
2107 704 2235 761 [Era
2254 724 2411 780 cnxc,
2439 728 2581 769 anno
2600 718 2770 786 primo
2794 722 3002 791 imperii
3033 726 3498 798 Marcianiﬂ‘uris-

1929 796 2179 861 mundus,
2234 801 2375 857 filius
2406 804 2744 864 Theuderedi
2768 855 2783 880 ,
2827 819 3136 881 provehitur
3177 823 3242 874 ad
3276 796 3497 893 regnum

1921 896 2065 937 anno
2093 901 2217 941 uno.
2252 889 2506 956 Quidum
2539 894 2593 949 in
2620 897 2750 966 ipsis
2772 904 2919 969 regni
2950 917 3033 958 sui
3057 910 3298 964 exordiis
3322 889 3500 971 feratis

1920 987 1984 1026 ac
2013 978 2205 1033 noxius
2222 980 2435 1037 hostilia
2465 987 2767 1057 inspiraret,
2787 1002 2839 1047 et
2867 996 3029 1050 multa
3055 1011 3239 1069 ageret
3263 1004 3501 1060 ittsnlett-

1922 1065 2048 1131 tius,
2065 1082 2097 1121 a
2110 1068 2448 1129 Theoderico
2463 1087 2520 1131 et
2538 1076 2847 1151 Frigdarico
2876 1065 3130 1142 fratribus
3157 1102 3239 1145 est
3261 1097 3496 1153 occisus.

1992 1156 2083 1210 31.
2118 1158 2247 1215 Era
2275 1179 2450 1229 CDXCI,
2471 1182 2614 1224 anno
2644 1186 2681 1225 tt
2713 1173 2833 1242 imp'
2855 1177 2918 1229 rii
2948 1178 3217 1245 Marciani,
3244 1183 3495 1241 Theude-

1921 1248 2084 1318 ricus,
2118 1264 2236 1320 post
2266 1256 2554 1313 fraternam
2585 1276 2791 1328 necem,
2823 1267 2874 1320 iu
2910 1284 3130 1339 regnum
3174 1280 3488 1344 succedens,

1919 1342 2203 1411 imperavit
2230 1346 2386 1403 annis
2436 1366 2551 1417 xm,
2599 1355 2688 1421 qui
2740 1372 2835 1424 pro
2880 1373 2945 1412 eo
3001 1361 3141 1428 quod
3187 1342 3495 1432 imperaturi

1918 1432 2077 1487 Avito
2094 1437 2646 1510 sumendiimperialis
2674 1444 2866 1514 fastigii
2901 1465 3020 1505 cum
3043 1451 3207 1508 Gallis
3235 1458 3495 1513 auxilium

1919 1524 2257 1591 praebuisset,
2278 1528 2346 1581 ab
2373 1529 2657 1597 Aquitania
2687 1537 2740 1588 in
2767 1534 3076 1604 HiSpaniam
3098 1581 3114 1605 ,
3147 1558 3268 1597 eum
3292 1546 3495 1616 ingenti

1917 1614 2256 1674 multitudine
2285 1622 2576 1688 exercitus,
2609 1635 2661 1679 et
2693 1641 2815 1681 cum
2842 1629 3053 1686 licentia
3077 1635 3317 1702 ejusdem
3348 1614 3493 1694 Aviti

1920 1708 2283 1777 imperatoris,
2314 1714 2633 1784 ingreditur,
2658 1733 2799 1775 anno
2841 1723 2990 1791 regni
3022 1730 3231 1795 quinto.
3254 1729 3350 1783 Cui
3370 1746 3495 1785 eunt

215 1778 644 1845 Tlturistnundo,
659 1780 995 1839 Theuderedi
1020 1787 1301 1855 regislilio,
1317 1788 1453 1844 adeo
1476 1789 1813 1848 fortitercon-
1842 1780 1890 1841 Β
1920 1816 2112 1872 magna
2146 1806 2298 1874 copia
2338 1822 2430 1861 rex
2471 1811 2765 1867 Suevorum
2798 1814 3140 1875 Iiecehiarius
3180 1836 3492 1892 occurrens,

214 1871 393 1940 gressi
433 1881 575 1936 sunt,
612 1885 669 1927 ut
700 1876 838 1929 inter
870 1878 1095 1945 primum
1123 1880 1363 1946 praelium
1406 1891 1459 1936 et
1482 1893 1810 1952 postremum

216 1971 462 2017 trecenta
505 1964 617 2020 fere
650 1966 818 2021 millia
859 1967 1134 2025 hominum
1173 1971 1223 2024 in
1261 1986 1328 2027 eo
1360 1977 1657 2032 certamine
1685 1994 1810 2048 pro-

209 2064 264 2105 st
277 2068 329 2106 ra
340 2063 544 2108 rentur.

289 2142 381 2198 26.
408 2144 563 2197 Multa
588 2148 777 2201 eodem
803 2156 1044 2218 tempore
1069 2152 1190 2206 caeli
1222 2161 1277 2208 et
1310 2161 1467 2210 terra:
1495 2158 1643 2228 signa
1674 2174 1809 2228 prae-

207 2245 519 2300 ceSserunt,
545 2251 768 2304 quorum
791 2241 1043 2310 prodigiis
1062 2252 1167 2297 tant
1197 2245 1413 2300 crudele
1431 2248 1626 2302 bellum
1649 2250 1809 2319 signi-

210 2327 496 2379 livarclur.
520 2326 677 2393 Nam,
708 2329 939 2383 assiduis
977 2336 1375 2390 terrmmotibus
1400 2336 1577 2405 factis,
1597 2356 1625 2393 a
1658 2352 1808 2409 parte

204 2418 452 2472 Orientis
469 2420 590 2473 luna
621 2419 823 2475 fuscata
844 2432 954 2490 est,
977 2440 1004 2476 a
1029 2427 1157 2480 solis
1180 2440 1372 2482 occasu
1395 2431 1547 2484 stella
1570 2443 1806 2487 cometes

204 2509 484 2578 apparuit,
502 2522 661 2582 atque
684 2513 882 2581 ingenti
910 2519 1274 2586 magnitudine
1302 2520 1609 2590 aliquandiu
1634 2524 1801 2578 fulsit.

204 2600 299 2653 Ab
318 2602 592 2669 Aquilonis
617 2604 765 2674 plaga
792 2607 987 2661 caelum
1014 2611 1231 2676 rubens,
1252 2612 1392 2667 sicut
1416 2614 1551 2682 ignis
1568 2627 1657 2670 aut
1680 2632 1805 2672 san-

202 2693 332 2762 guis
352 2691 598 2747 eﬁ‘ectum
614 2703 715 2758 est,
737 2697 1009 2763 permistis
1026 2715 1118 2768 per
1142 2702 1351 2770 igneum
1376 2704 1627 2761 ruborem
1648 2709 1803 2765 lineis

201 2782 529 2838 clarioribus
549 2786 599 2839 in
627 2787 859 2854 speciem
883 2789 1155 2847 hastarum
1189 2795 1517 2851 rutilantium
1545 2799 1805 2855 deforma-

202 2875 303 2929 tis.
324 2873 437 2929 Nec
472 2877 666 2931 mirum
712 2887 770 2931 ut
802 2891 906 2934 tam
943 2881 1143 2949 ingenti
1172 2899 1435 2942 caesorum
1457 2900 1637 2960 strage
1667 2893 1803 2947 divi-

201 2965 361 3021 nitus
390 2978 497 3021 tam
540 2970 703 3024 multa
736 2971 1007 3041 signorum
1036 2974 1497 3035 demonstraretur
1539 2984 1796 3039 ostensio.

279 3058 375 3112 27.
407 3058 584 3114 Hunni
635 3071 838 3127 autem,
866 3080 1033 3133 usque
1076 3067 1141 3120 ad
1191 3070 1609 3127 internecionem
1665 3089 1797 3143 pene

194 3151 335 3204 caesi
367 3165 489 3205 cum
520 3167 647 3223 rege
670 3156 822 3225 117
851 3132 1172 3225 squtliila,
1203 3162 1409 3216 relictis
1440 3132 1794 3231 Galliis,'lta-
1825 3132 1871 3195 δ

196 3241 336 3296 liam
362 3244 693 3314 perfugiunt,
716 3248 1006 3316 aliquantis
1031 3251 1337 3307 civitatibus
1356 3253 1596 3323 irruptis.
1620 3258 1717 3325 Qui
1739 3268 1794 3314 et

194 3331 277 3386 ibi
312 3332 507 3401 partim
540 3334 679 3388 fame
706 3377 720 3399 ,
754 3338 944 3405 partim
972 3340 1282 3397 creIeStihus
1315 3345 1480 3414 plagis
1508 3348 1745 3415 percussi
1772 3388 1789 3415 ,

98 3449 103 3454 -
194 3423 552 3480 interierunt.
594 3426 758 3482 Misso
795 3427 1017 3499 insuper
1068 3447 1097 3486 a
1146 3432 1415 3490 Marciano
1465 3436 1790 3506 imperatore

189 3515 475 3584 exercitu,
498 3516 621 3571 forti
657 3518 807 3588 plaga
838 3522 1142 3588 exeduntur,
1167 3523 1450 3594 aﬂ‘ectique
1478 3531 1702 3582 nmium
1725 3544 1788 3586 ac

190 3602 482 3669 diminuti,
516 3606 672 3660 sedes
714 3611 957 3677 preprias
989 3622 1278 3681 repetunt,
1307 3616 1374 3669 ad
1406 3631 1539 3686 quas
1568 3634 1662 3674 rex
1693 3635 1787 3674 eo-

190 3711 314 3750 rum
343 3697 535 3763 Attila,
584 3716 708 3754 mox
729 3742 744 3769 ,
787 3712 847 3756 ut
877 3709 1170 3770 remeavit,
1205 3709 1472 3764 occubuit.

260 3786 363 3841 28.
385 3789 515 3844 Post
535 3791 651 3861 ejus
675 3794 875 3846 obitum
900 3794 1213 3850 I'Iunnorum
1228 3814 1360 3866 gens
1387 3801 1603 3869 pruprio
1624 3816 1681 3857 se
1703 3803 1784 3856 in-

186 3897 363 3950 super
382 3881 591 3935 excidio
614 3881 932 3937 devastavit.
963 3886 1261 3957 Statimque
1288 3888 1426 3944 inter
1441 3891 1576 3946 filios
1588 3892 1700 3960 ejus
1716 3893 1783 3947 de

184 3973 491 4027 obtinendo
514 3986 682 4041 regno
712 3988 899 4043 magna
919 3982 1247 4031 suntexorta
1277 3981 1778 4053 certaminu.Atque

186 4064 266 4117 ita
291 4062 493 4128 llunni,
513 4064 601 4131 qui
629 4071 705 4117 tot
724 4064 964 4120 cladibus
980 4076 1136 4121 antea
1161 4065 1407 4124 diminuti
1424 4071 1652 4137 fuerant,
1669 4089 1777 4127 rur-

182 4167 313 4207 sum
353 4154 549 4205 mutuis
588 4167 708 4207 sese
737 4153 927 4222 gladiis
954 4156 1325 4212 conciderunt.
1349 4157 1407 4212 In
1432 4161 1625 4229 quibus
1646 4162 1776 4217 illud

181 4245 391 4299 mirum
406 4254 509 4312 est,
525 4256 600 4310 ut,
620 4247 746 4299 dum
760 4261 919 4301 omne
934 4250 1175 4316 praelium
1192 4250 1573 4309 detrimentum
1587 4254 1781 4309 habeat

181 4336 548 4406 populorum,
588 4336 677 4391 isti
714 4337 831 4393 vice
857 4355 1007 4394 versa
1047 4342 1291 4399 cadendo
1327 4344 1625 4412 proficiant.
1670 4348 1775 4403 Sed

1914 1888 2237 1947 duodecimo
2265 1896 2333 1948 ab
2359 1896 2719 1956 Asturicensis
2751 1904 2898 1959 urbis
2930 1907 3199 1974 milliaria,
3232 1914 3371 1982 apud
3395 1888 3495 1969 (In;

1915 1982 2058 2037 vium
2088 1986 2176 2052 qui
2212 1986 2442 2045 Urbicus
2473 1995 2773 2061 appellatur
2798 2038 2812 2062 ,
2851 1998 2983 2053 inito
3014 2018 3133 2056 mox
3164 2009 3492 2073 certamine,

1912 2088 2195 2143 superatus
2221 2089 2331 2149 est,
2357 2083 2511 2137 caesis
2528 2084 2825 2142 Suevorum
2857 2093 3015 2162 118
3044 2095 3366 2164 agminibus,
3393 2100 3492 2152 ali-

1910 2166 2123 2233 quantis
2141 2172 2330 2237 captis,
2352 2172 2701 2247 plurimisque
2731 2178 2946 2250 fugatis.
2967 2184 3084 2253 Ipse
3096 2197 3368 2255 postremo
3395 2205 3490 2246 rex

1913 2258 2019 2314 telo
2056 2262 2272 2317 saucius
2311 2263 2462 2333 fugit,
2508 2271 2863 2341 praesidioque
2900 2291 3118 2331 suorum
3162 2293 3372 2348 carens,
3421 2285 3491 2339 ad

1919 2349 2098 2405 locum
2140 2354 2423 2413 Portucale
2452 2362 2690 2429 capitur,
2714 2365 2930 2434 regique
2968 2367 3302 2427 Theoderico
3342 2374 3492 2430 vivus

1908 2441 2150 2500 oﬂ'ertur.

1978 2532 2069 2587 52.
2098 2535 2217 2604 Quo
2248 2552 2549 2613 perempto,
2573 2546 2753 2604 multis
2778 2548 2868 2621 qui
2898 2550 2965 2609 de
2993 2554 3173 2626 prime
3198 2564 3490 2623 certamine

1905 2626 2285 2696 superfuerant
2314 2648 2437 2689 sese
2476 2637 2816 2697 tradentibus
2840 2684 2853 2707 ,
2894 2647 3185 2716 aliquantis
3212 2655 3489 2711 nihilomi-

1906 2735 2006 2774 nus
2052 2724 2366 2793 trucidatis,
2408 2743 2633 2799 regnum
2679 2749 2816 2803 pene
2849 2737 3177 2797 destructum
3208 2754 3332 2811 est,
3369 2750 3490 2805 fini-

1908 2820 2126 2883 tumque
2155 2815 2456 2875 Suevorum
2491 2837 2733 2892 regnum.
2762 2828 2969 2900 Reliqui
3000 2849 3180 2889 autem
3205 2838 3366 2893 Snevi
3393 2845 3485 2911 qui

1907 2917 2280 2963 remanserant
2329 2911 2381 2965 in
2432 2924 2670 2970 extrema
2723 2931 2872 2987 parte
2922 2924 3223 2992 Callaeciae,
3257 2929 3486 2988 Hassilze

1905 2995 2093 3064 filium,
2122 3003 2337 3058 nomine
2366 3004 2760 3073 Maldram,s‘:hi
2792 3027 2967 3081 regem
2989 3020 3317 3076 constituunt
3343 3040 3357 3075 :
3394 3040 3481 3079 re-

1904 3101 2063 3157 gnum
2084 3101 2367 3159 reparatur
2380 3095 2703 3154 Suevorum.
2722 3100 2916 3159 Occiso
2944 3105 3281 3178 Recchiario,
3303 3112 3485 3169 'l‘heu-

1900 3176 2113 3234 dericus
2141 3182 2208 3236 de
2228 3182 2480 3240 Callaecia
2503 3187 2569 3242 ad
2601 3189 2929 3247 Lusitaniam
2954 3198 3120 3253 vietor
3152 3203 3445 3258 succedens
3465 3245 3481 3269 ,

1902 3269 2027 3326 dum
2094 3274 2484 3333 Etneritensem
2537 3282 2721 3337 urbem
2788 3285 3084 3352 depraedari
3156 3295 3479 3364 moliretur,

1895 3374 2092 3418 sanctae
2123 3371 2374 3437 martyris
2413 3367 2632 3426 Eulalia:
2672 3377 2901 3430 ostentis
2940 3384 3258 3448 perterritus
3284 3425 3300 3449 ,
3354 3400 3478 3442 cum

1894 3454 2041 3507 omni
2074 3456 2314 3519 pretiuus
2349 3459 2589 3514 exercitu
2631 3461 2886 3531 discedit,
2932 3476 2988 3520 et
3013 3458 3217 3525 Gallias
3260 3477 3474 3542 repetit.

1964 3542 2058 3601 33.
2084 3546 2204 3600 Mox
2232 3548 2425 3604 deinde
2448 3561 2650 3620 partem
2676 3570 2832 3610 unum
2854 3560 3143 3629 exercitus,
3174 3566 3309 3619 duce
3336 3564 3477 3623 Ceu-

1898 3635 2023 3701 rila,
2053 3637 2119 3691 ad
2148 3638 2396 3694 Baeticam
2417 3644 2746 3711 provinciam
2764 3650 2942 3713 tnittit,
2966 3660 3170 3719 partem
3192 3654 3351 3710 aliam
3372 3660 3475 3714 sub

1891 3726 2173 3795 Singerico
2188 3739 2245 3785 et
2267 3730 2567 3800 Nepotiauo
2590 3738 2815 3795 ducibus
2842 3743 2906 3795 ad
2933 3744 3243 3803 Gallmciaru
3266 3750 3467 3819 dirigit,

1886 3822 1975 3890 qui
2000 3821 2207 3877 Suevos
2234 3828 2375 3893 apud
2418 3828 2620 3883 Lucum
2669 3846 2808 3885 sreva
2852 3836 3255 3903 depraedatione
3288 3852 3466 3897 vasta-

1889 3921 2096 3966 verunt.
2125 3913 2181 3968 In
2208 3915 2396 3971 Galliis
2422 3928 2598 3974 autent
2629 3923 2959 3993 Agrippinus
2989 3942 3170 3983 comes
3207 3942 3263 3986 et
3299 3933 3463 3998 civis.

1887 4002 2099 4074 Aigidto
2122 4008 2306 4063 comiti
2335 4009 2576 4067 Romano
2597 4017 2845 4085 tumulus,
2882 4028 2936 4074 ut
2963 4020 3259 4078 Gothorum
3288 4042 3464 4083 mere-

1893 4105 2044 4151 retur
2070 4099 2267 4154 auxilia
2294 4140 2309 4166 ,
2358 4101 2661 4160 Narbonant
2691 4108 2905 4163 tradidit
2947 4111 3303 4171 Theuderico.
3341 4118 3468 4174 I'ost

1889 4187 2096 4258 aliquot
2120 4188 2279 4257 legati
2307 4206 2335 4245 a
2368 4191 2755 4251 Remismundo
2782 4200 3004 4258 blasdras
3034 4204 3142 4259 filio
3172 4220 3298 4277 rege
3328 4208 3468 4265 Sue-
3500 4206 3509 4207 ⁷⁷

1885 4294 2077 4334 verum
2104 4283 2275 4350 missi,
2296 4283 2361 4337 ad
2392 4284 2787 4345 Theudericum
2809 4306 3089 4360 venerunt,
3122 4313 3304 4366 pacem
3329 4302 3466 4356 ami-

1882 4370 2173 4443 citiamque
2208 4387 2513 4444 poscentes.
2557 4378 2819 4439 Similiter
2850 4384 3219 4444 Theudericus
3255 4393 3323 4446 ad
3356 4395 3462 4449 Ite-

180 4427 418 4496 proinde
440 4436 522 4481 est
549 4430 673 4498 quia
708 4430 759 4483 in
783 4430 1123 4501 disciplinam
1152 4433 1389 4491 fidelium
1424 4438 1585 4507 positi
1627 4449 1772 4507 sunt,

2088 4427 2103 4443 _
2152 4427 2168 4430 -
2208 4427 2512 4444 rum"---
2859 4427 3219 4444 -..ν-...μην
3255 4427 3323 4446 ..υ
3356 4427 3462 4449 ..σ-

1907 4460 2247 4518 uismundum
2284 4467 2510 4523 remittit
2535 4485 2656 4524 cum
2689 4487 2958 4528 armorum
2990 4477 3295 4545 adjectione
3318 4524 3333 4543 ,
3378 4484 3462 4538 ‘vel

176 4521 329 4576 sicut
362 4522 587 4590 populus
622 4531 705 4575 est
729 4522 901 4592 gentis
930 4523 1237 4580 Persarum.

251 4610 517 4680 ‘39.Virga
545 4614 688 4665 enim
708 4612 904 4667 furoris
923 4614 1010 4668 Dei
1026 4627 1173 4682 sunt,
1188 4619 1460 4687 etquoties
1484 4621 1778 4692 indignatio

173 4706 302 4771 ejus
327 4702 588 4756 adversus
614 4703 794 4758 fideles
819 4706 1075 4773 procedit.
1098 4722 1192 4775 per
1207 4722 1302 4764 eos
1318 4708 1672 4780 flagellantur,
1695 4726 1772 4781 ut,

172 4802 375 4852 eorum
408 4796 785 4852 afﬂictionibus
809 4801 1097 4868 emendati,
1130 4817 1158 4855 a
1192 4804 1373 4859 saculi
1404 4807 1694 4876 cupiditate
1723 4820 1776 4865 et

172 4901 408 4961 chcato
430 4893 748 4961 semetipsos
769 4903 1074 4959 coerceant,
1100 4905 1153 4950 ct
1174 4897 1412 4954 caelestis
1438 4902 1589 4970 regni
1605 4901 1775 4956 haere-

244 5042 347 5117 25.
392 5041 753 5117 ξοριμίαιὶοης.
786 5045 895 5109 AL,
923 5046 1334 5117 depouulatione.
1380 5050 1548 5104 Ansv.

246 5114 349 5165 26.
392 5112 643 5192 Griahus‘,
671 5112 879 5192 effectus
905 5112 996 5192 est.
1030 5117 1159 5192 Ibid.
1190 5119 1315 5171 Tam
1343 5121 1553 5192 ingenti.
1584 5121 1767 5178 Flore-

168 5183 296 5235 zius
324 5198 447 5234 cum
482 5182 693 5256 Labbeo
720 5185 784 5256 in,
804 5193 906 5238 tum
932 5188 1142 5256 ingenti.
1178 5194 1347 5243 ABEV.

245 5252 346 5325 3?.
388 5252 629 5317 lrruptis.
664 5252 924 5317 Lahbeus,
964 5252 1277 5325 interruptis.
1314 5266 1479 5315 Anev.

246 5320 348 5375 50.
390 5326 579 5375 Omnia
610 5324 932 5389 exemplaria
962 5320 1300 5382 consentiunt
1330 5330 1381 5384 in
1408 5347 1511 5386 atra
1539 5331 1663 5394 490,
1712 5342 1768 5388 et

162 5407 325 5446 anno
349 5394 523 5466 primo
552 5393 833 5466 Marciani;
886 5405 941 5449 et
970 5398 1021 5451 id
1053 5398 1260 5454 videtur
1290 5415 1408 5454 esse
1441 5393 1668 5466 positum
1698 5419 1762 5457 ex

163 5470 365 5515 tuente
394 5461 625 5543 .Isido'ri,
658 5476 712 5543 ut
759 5474 903 5543 patet
946 5481 1011 5521 ex
1061 5470 1184 5543 aeris
1226 5461 1594 5543 sequentibus,
1620 5484 1673 5526 et
1697 5490 1761 5526 ex

164 5531 344 5585 Idacii
367 5532 635 5607 Ghronicu
664 5531 1000 5607 interpolato,
1030 5542 1113 5591 cui
1142 5542 1253 5594 ha’c
1279 5531 1596 5607 supputandi
1626 5545 1763 5597 ratio

159 5601 445 5667 congruit.
480 5602 743 5658 Caeterum
772 5601 861 5658 alii
890 5607 1046 5679 aliam
1079 5601 1475 5678 cltrunologi'am
1521 5626 1759 5679 sequun-

163 5681 301 5735 tur;
343 5687 667 5749 ex__qttorum
717 5677 977 5749 sententia
1013 5679 1310 5749 Marcianus
1340 5695 1568 5749 regnare
1598 5677 1761 5749 coepit

163 5688 301 5735 tur;
343 5688 408 5725 ex
481 5688 667 5728 uorum
717 5688 977 5737 sententia
1013 5688 1310 5732 Marcianus
1340 5695 1568 5748 regnare
1598 5688 1757 5749 coepit

160 5754 325 5795 anno
382 5688 506 5807 55?),
563 5744 646 5798 cui
700 5745 988 5813 respondet
1031 5762 1135 5801 acra
1177 5748 1303 5802 488.
1336 5748 1586 5816 Grialius,
1618 5753 1757 5821 [ilius

662 5838 923 5898 ΡΑτηοι.
973 5839 1077 5899 LX
1094 5840 1323 5902 XXIII.

1885 4569 2165 4609 munerum
2189 4598 2204 4623 ,
2245 4557 2448 4613 directa
2498 4561 2661 4616 etiam
2694 4566 2920 4634 conjuge
2944 4606 2959 4629 ,
3007 4582 3165 4635 quam
3211 4570 3456 4627 haberet.

1879 4644 2149 4702 Sallanem
2178 4665 2389 4721 quoque
2412 4652 2646 4723 legatum
2679 4657 2858 4713 denuo
2892 4658 3265 4716 Tlteudericus
3293 4665 3459 4721 mittit

1878 4737 1944 4791 ad
1974 4737 2439 4798 Remismundum.
2459 4746 2581 4813 Qui,
2615 4760 2863 4802 reversus
2884 4748 2949 4802 ad
2974 4747 3193 4818 Gallias,
3210 4753 3456 4810 Theode-

1878 4828 2045 4883 ricum
2076 4831 2143 4885 ab
2174 4830 2368 4891 Eurico
2390 4833 2559 4891 fratre
2591 4850 2688 4891 suo
2722 4839 2920 4908 reperit
2946 4840 3307 4899 interfectum.

1945 4916 2183 4975 δεηθῶ
2217 4938 2323 4988 niv,
2353 4940 2481 4980 ann.
2506 4926 2713 4995 imperii
2743 4927 2939 4985 Leonis
2956 4947 3069 4999 vm,
3088 4933 3310 4990 Euricus
3339 4942 3451 5007 pari

1874 5051 2237 5107 Thetideredis.
2271 5056 2440 5109 Ansv.

1942 5122 2029 5201 Si“.
2075 5122 2369 5201 Portucale.
2405 5126 2510 5190 AL,
2540 5124 2939 5195 Portumcalcm,
2973 5133 3058 5187 vel
3100 5132 3450 5201 Portucalrm,

1870 5194 1953 5246 vel
1990 5192 2266 5246 Portalem.
2303 5198 2471 5248 Annv.

1939 5261 2027 5341 39..
2058 5262 2313 5341 _Euqut'_q:.
2339 5265 2643 5341 flairerius,
2671 5276 2801 5325 tom.
2840 5267 2905 5323 VI
2956 5270 3102 5338 llisp.
3135 5286 3299 5335 sacr.,
3352 5290 3452 5341 ap-

1870 5335 2029 5410 pend.
2058 5334 2306 5410 7_,_edidit
2332 5335 2634 5410 Chronicon
2687 5351 2975 5410 martyrum
3000 5409 3005 5410 ί
3031 5334 3261 5395 auctoris
3288 5334 3449 5397 vett-t-

1865 5403 2107 5478 stissiuti,
2127 5404 2181 5478 in_
2196 5418 2301 5470 quo
2317 5407 2592 5478 mentiolit
2616 5403 3059 5463 sanctae'Eulalize
3079 5411 3445 5478 Ettterttansis,

1866 5488 1972 5525 non
2001 5473 2461 5551 “Barcinouensis.
2494 5474 2625 5531 Vide
2661 5492 3013 5535 comment-ar.
3066 5481 3132 5533 ad
3164 5473 3445 5551 I’rudent.,

1866 5557 2005 5618 pag;
2000 5540 2128 5618 91“.
2139 5542 2559 5618 _l’_ro_Mal_dram,
2589 5561 2663 5614 et,
2696 5564 2843 5602 num.
2875 5564 3013 5617 seq.,
3044 5551 3286 5618 Maldrte,
3323 5540 3449 5607 Εάιξ

1865 5610 2151 5691 tio’Gria‘ii
2181 5614 2339 5691 ltt_l_iet_
2364 5610 2659 5691 Mauram,
2680 5630 2735 5673 et
2760 5610 3009 5691 Mardus,
3035 5622 3125 5675 sed
3158 5610 3443 5691 preferen-

1862 5685 1988 5757 dunt
2003 5682 2209 5737 videtur
2229 5683 2505 5757 Mafdrmn,
2532 5700 2635 5742 etc.
2665 5703 2783 5743 cum
2808 5690 3072 5757 Florezin,
3094 5682 3238 5746 etita
3256 5695 3447 5749 scribi-

1864 5761 1950 5808 tur
1973 5754 2071 5809 hoc
2102 5768 2293 5809 nomen
2321 5756 2373 5809 in
2407 5757 2634 5814 Historia
2648 5759 2973 5826 Suevorum.
3001 5754 3250 5817 num.88.
3272 5768 3348 5817 Att
3392 5780 3443 5821 ν.

2944 5852 3019 5914 3'4
