4084 6160
511 298 650 354 1067

1536 302 1590 358 S.
1637 298 1882 357 ISIDORI
1927 293 2367 352 IIISPALENSIS
2408 294 2705 351 EPISCOPI

3646 298 3783 354 1068

509 418 711 471 scelere
734 432 841 487 quo
871 418 1033 473 frater
1075 418 1318 473 succedit
1348 418 1399 471 in
1432 433 1652 487 regnum
1700 434 1830 471 anu.
1875 430 1978 469 xvn
2034 415 2088 468 In
2120 422 2165 474 Α
2194 428 2274 467 sui
2329 411 2615 476 dedecore,
2658 420 2714 466 et
2754 425 2875 465 cum
2928 424 3119 481 magna
3166 424 3385 466 suorum
3430 411 3598 480 clade,
3645 418 3784 484 apud

508 524 613 577 quo
643 509 844 563 honore
866 521 1168 578 provectus,
1202 519 1255 564 et
1299 509 1546 569 crimine.
1580 511 1758 562 statim
1798 510 2001 578 legatos
2024 504 2087 557 ad

508 598 741 654 Leonem
774 601 1151 668 imperatorem
1177 598 1378 669 dirigit.
1398 600 1506 653 Nec
1538 613 1709 658 mora,
1732 607 1910 664 partes
1936 594 2090 648 Lusi-

508 690 664 744 tania:
704 705 898 760 magno
941 692 1142 759 impetu
1208 690 1566 758 depriedatur.
1619 690 1920 743 Exercitum
1969 684 2091 739 inde

505 780 665 833 alium
697 780 981 849 mittit,qui
1013 791 1220 849 captam
1245 783 1368 834 inde
1399 781 1766 850 Pampilouam
1796 790 1848 833 et
1874 779 2090 831 Czesar-

504 880 806 938 augustam,
833 872 996 926 misso
1026 871 1287 937 exercitu,
1321 872 1493 939 capit,
1526 872 1855 937 superiorem
1882 882 2091 936 quoque

505 960 816 1029 IliSpaniam
838 963 891 1016 in
910 972 1227 1031 potestatem
1252 966 1293 1032 ι
1307 965 1409 1033 19
1422 962 1705 1016 submittit.
1721 960 2091 1014 Tarraconen-

505 1050 583 1105 sis
604 1051 765 1107 etiam
800 1054 1092 1121 provinciae
1116 1042 1470 1116 nobilitatem,
1505 1069 1620 1121 quze
1661 1055 1708 1105 ei
1758 1065 2087 1119 repugnave-

506 1154 606 1208 rat,
657 1144 927 1200 exercitus
975 1147 1270 1215 irruptione
1324 1145 1536 1199 evertit.
1573 1144 1627 1197 lu
1660 1143 1859 1196 Gallias
1913 1153 2088 1195 autem

506 1250 785 1301 reversus,
807 1236 1080 1291 Arelatem
1111 1237 1294 1291 urbem
1318 1247 1374 1291 et
1415 1235 1701 1289 Massiliam
1732 1233 1977 1288 bellando
1998 1232 2093 1285 ob-

507 1325 690 1387 tinuit,
727 1342 931 1398 suoque
961 1343 1127 1398 regno
1175 1337 1427 1396 utrasque
1468 1326 1686 1394 adjecit.

573 1416 665 1475 35.
703 1420 808 1475 Iste
835 1421 1066 1489 qundam
1104 1422 1190 1475 die
1212 1463 1225 1485 ,
1256 1436 1489 1491 congreg
1510 1420 1593 1474 itis
1617 1421 1667 1474 in
1700 1420 1966 1487 colloquio
1988 1418 2094 1473 Go-

505 1511 643 1577 this,
679 1512 782 1568 tela
830 1530 948 1579 qua:
974 1528 1161 1567 omnes
1206 1513 1472 1567 habebant
1505 1515 1555 1566 in
1586 1513 1852 1579 manibus,
1884 1527 1911 1564 a
1945 1527 2038 1581 par
2062 1526 2093 1566 e

503 1602 631 1656 ferri
660 1604 741 1656 vel
774 1604 910 1669 acie,
934 1603 1033 1658 alia
1071 1604 1250 1669 viridi,
1284 1604 1384 1657 alia
1418 1621 1593 1669 roseo,
1622 1605 1721 1657 alia
1752 1618 1963 1663 eroceo,
1991 1603 2091 1657 alia

502 1688 654 1760 nigro
670 1691 851 1746 colore
881 1694 1174 1748 naturalem
1210 1694 1333 1749 ferri
1357 1697 1592 1763 speciem
1625 1694 1753 1747 vidit
1784 1694 2091 1762 aliquandiu

2196 505 2543 559 Barcinonam
2588 518 2647 556 se
2699 502 2960 565 contulit,
2995 501 3172 572 ibique
3227 511 3465 557 moratus
3507 519 3783 572 qUousque

2192 595 2352 650 etiam
2393 594 2542 663 regni
2594 592 2825 647 fascibus
2865 609 2893 647 a
2921 592 3258 648 Theoderico
3309 594 3446 662 fugae
3491 594 3782 665 ignominia

2193 687 2509 756 privaretur.

2268 779 2426 848 120
2454 777 2542 832 '58.
2572 776 2700 831 Inde
2740 777 3011 847 prolectus
3031 776 3096 830 ad
3128 775 3386 840 Africam,
3419 776 3781 832 Vandalorum

2191 869 2501 938 sull‘ragium
2527 871 2732 939 poscit,
2761 886 2866 938 quo
2886 870 2937 922 in
2965 883 3187 937 regnum
3206 876 3387 937 posset
3410 869 3782 936 restitui.Qui,

2191 962 2315 1015 dum
2335 978 2437 1015 non
2457 962 2797 1030 impetrasset
2810 960 3091 1023 ‘auxilium,
3115 976 3237 1013 mox
3251 960 3315 1012 de
3341 958 3516 1012 Africa
3545 960 3781 1023 rediens,

2190 1052 2262 1106 ob
2292 1063 2488 1105 metum
2510 1051 2831 1107 Theoderici
2853 1051 3194 1121 Aquianiani
3228 1049 3401 1117 petiit,
3438 1050 3615 1118 ibique
3639 1065 3782 1103 anno

2190 1158 2299 1197 uno
2312 1143 2656 1208 delitescens,
2675 1144 2724 1195 iu
2748 1142 3055 1205 Hist-tardam
3074 1142 3379 1201 revertitur,
3396 1151 3555 1209 atque
3568 1156 3599 1191 a
3615 1141 3782 1193 'l‘hcn-

2190 1236 2352 1291 deriei
2367 1236 2505 1305 regis
2520 1236 2652 1289 duce
2665 1234 2987 1289 duodecimo
3001 1251 3029 1287 a
3048 1234 3342 1287 Barciuona
3362 1233 3490 1287 urbe
3506 1232 3776 1299 milliario,

2191 1330 2479 1383 Commisso
2499 1327 2681 1397 prmlio
2706 1340 3012 1397 superatus,
3030 1328 3080 1380 in
3109 1325 3283 1395 fugam
3305 1328 3551 1389 Vertitur,
3568 1337 3783 1392 captus-

2191 1437 2294 1492 que
2325 1431 2472 1476 trans
2505 1423 2722 1475 [luvium
2756 1423 3064 1476 Druentium
3094 1419 3383 1473 Galliarum
3416 1421 3639 1489 interiit,
3672 1423 3779 1476 sic-

2191 1526 2295 1581 que
2327 1513 2472 1578 prius
2503 1512 2758 1567 honoreu
2780 1554 2795 1577 ,
2831 1522 3011 1581 postea
3043 1511 3204 1563 vitam
3237 1510 3439 1565 amisit.

2262 1599 2351 1655 59.
2380 1601 2509 1655 Era
2548 1617 2731 1665 nxnx,
2763 1616 2905 1655 anno
2928 1617 3019 1655 ut
3046 1602 3253 1668 imperii
3279 1601 3565 1664 Anastasii,
3598 1601 3779 1656 Theu-

2195 1691 2406 1747 dericus
2436 1692 2646 1760 Junior,
2676 1707 2795 1746 cuin
2820 1692 3133 1760 jamdudum
3166 1692 3354 1746 consul
3395 1702 3449 1746 et
3478 1709 3569 1746 rex
3605 1709 3636 1745 a
3679 1693 3781 1746 Ze-

502 1780 749 1836 habuisse
783 1793 1059 1839 mit-ataui.
1089 1784 1199 1839 Suh
1226 1788 1324 1839 hoc
1356 1801 1483 1855 rege
1504 1784 1663 1839 Gothi
1690 1786 1865 1853 legum
1894 1794 2091 1838 statuta
2122 1776 2168 1835 Β
2195 1802 2336 1841 none
2365 1787 2693 1853 imperatore
2724 1784 2908 1838 Romae
2934 1795 3145 1840 creatus
3176 1784 3783 1854 lnisset,peremptoque

504 1871 559 1925 in
605 1872 821 1940 scriptis
878 1872 1081 1930 habere
1136 1886 1447 1943 creperum,
1494 1890 1615 1929 nam
1668 1885 1824 1929 antea
1883 1881 2089 1927 tantum

502 1961 746 2015 moribus
783 1972 838 2017 et
894 1964 1284 2018 consuetudine
1325 1965 1663 2019 tenebantur.
1697 1966 1843 2021 Obiit
1889 1964 2089 2020 Arelati

499 2048 726 2105 Euricus
757 2065 873 2116 rex,
905 2062 1075 2107 morte
1099 2055 1306 2123 propria
1336 2055 1640 2111 defunctus.

567 2138 656 2195 ’56.
704 2140 835 2197 Era
888 2159 1037 2210 nxxi,
1098 2159 1222 2198 ann.
1274 2163 1302 2200 x
1346 2146 1552 2216 imperii
1592 2145 1848 2213 Zenonis,
1895 2146 2088 2201 Eurico

502 2244 738 2303 mortuo,
768 2236 1036 2307 Alaricus,
1089 2238 1229 2294 lilius
1281 2242 1418 2308 ejus,
1467 2240 1606 2308 apud
1635 2240 1956 2296 Tolosanam
1998 2257 2088 2296 ur-

495 2329 619 2385 bem
651 2332 898 2402 princeps
937 2330 1232 2386 Gothorum
1282 2332 1647 2397 constituitur,
1688 2347 1918 2403 regnans
1955 2350 2083 2387 ann.

502 2437 661 2485 mn,
725 2422 984 2477 adversus
1036 2438 1192 2492 quem
1251 2420 1505 2491 Fludujus
1559 2423 1883 2478 Francorum
1943 2424 2087 2493 prin-

494 2512 832 2581 cepsGallite
882 2527 1102 2583 regnum
1155 2513 1434 2578 allectaus,
1484 2513 1951 2583 Burgundionibus
1979 2515 2083 2570 sibi

496 2604 904 2670 auxiliantibus,
934 2604 1133 2658 bellum
1159 2615 1356 2669 movet,
1388 2606 1624 2675 lusirque
1653 2596 1949 2661 Gothorum
1991 2620 2078 2661 co-

494 2697 616 2766 piis,
642 2699 808 2766 ipsum
838 2705 1112 2764 postremo
1140 2711 1316 2765 regem
1346 2696 1488 2765 apud
1520 2697 1813 2751 l'ictavium
1856 2712 2081 2765 supera-

494 2798 603 2843 tum
656 2786 929 2842 interﬁcit.
961 2786 1330 2841 Theudoricus
1382 2799 1559 2842 autem
1614 2786 1777 2842 Italiae
1808 2804 1921 2856 rex,
1950 2789 2078 2844 dum

498 2881 774 2934 iweritum
830 2878 1015 2947 generi
1062 2878 1441 2945 comperisset,
1490 2879 1775 2934 confestim
1820 2880 1888 2935 ab
1927 2879 2076 2935 Italia

494 2970 870 3040 praticiscdur,
906 2968 1145 3024 Francos
1189 2970 1446 3038 proterit,
1484 2980 1688 3038 partem
1720 2970 1890 3041 regni,
1916 2986 2074 3041 quam

492 3075 681 3116 manus
707 3060 937 3116 hostium
960 3070 1343 3130 occupaverat,
1374 3070 1597 3129 recepit,
1643 3060 1937 3116 Getborum
1963 3061 2072 3131 juri

492 3152 741 3209 restituit.

526 3298 529 3301 γ
560 3246 649 3300 57.
681 3243 809 3300 Era
834 3258 988 3312 θην,
1028 3258 1155 3299 ann.
1190 3260 1296 3299 xvii
1328 3242 1539 3311 imperii
1583 3243 1871 3309 Anastasii,
1916 3244 2073 3298 Gisa-

488 3336 677 3408 Ieicus,
706 3338 1001 3408 superioris
1030 3340 1167 3408 regis
1196 3340 1335 3393 lilius
1386 3355 1452 3393 ex
1494 3338 1791 3392 concubina
1837 3353 1908 3391 ειη
1932 3349 2071 3406 atus,

490 3432 751 3489 Narbona:
792 3434 1044 3501 princeps
1072 3430 1323 3497 efﬁcitur,
1356 3446 1585 3500 regnans
1616 3446 1785 3484 annos
1805 3444 2071 3499 quatuor;

489 3526 632 3577 sicut
680 3537 879 3592 genere
910 3523 1228 3586 v.lissimus,
1284 3524 1355 3577 ita
1407 3522 1716 3577 infelicitate
1770 3530 1825 3575 et
1867 3521 2072 3590 ignavia

491 3632 758 3672 summus.
809 3618 1049 3684 Denique
1092 3617 1217 3671 dum
1249 3617 1434 3671 eadem
1464 3616 1655 3671 civitas
1678 3632 1707 3671 a
1748 3617 2075 3671 Gundebado

490 3709 926 3780 Burgundionum
969 3724 1091 3779 rege
1130 3708 1335 3779 direpta
1382 3709 1585 3775 luisset,
1620 3709 1724 3765 iste
1749 3724 1870 3764 cum
1907 3712 2074 3764 multo

559 3868 648 3922 54.
684 3868 818 3937 (Col.
857 3868 1109 3936 prteced.)
1141 3867 1344 3922 Partes.
1368 3869 1477 3937 Al.,
1507 3876 1721 3939 portent.
1754 3870 1879 3924 lhiil.
1913 3871 2075 3926 Nobi-

490 3942 704 4000 litatem.
725 3955 837 4010 quae
867 3941 910 3992 ei
939 3950 1333 4011 repugnaverat;
1354 3939 1446 4004 aL,
1475 3942 1697 3994 civitates
1720 3958 1831 4011 quat
1852 3946 1893 3995 ei
1922 3960 2075 4011 npu-

489 4022 782 4079 gnaverant.
814 4010 939 4082 Ibid.
975 4010 1195 4082 Evertit;
1227 4012 1321 4072 a|.,
1349 4010 1579 4080 peremit.
1603 4012 1733 4064 lhid.
1766 4010 1828 4063 In
1852 4010 2073 4082 potesta-

491 4091 590 4132 tem
631 4081 909 4145 submittit;
939 4081 1033 4145 al.,
1064 4082 1113 4132 in
1145 4091 1387 4147 potestate
1411 4098 1505 4135 sua
1555 4083 1745 4147 mittit;
1793 4081 2075 4136 ct'utram-

490 4165 586 4217 que
616 4165 709 4213 pro
734 4161 990 4217 utrosque.
1016 4153 1182 4204 Ansv.

562 4220 652 4273 55.
694 4218 801 4272 Sub
822 4220 1077 4290 Itocgregc,
1109 4229 1211 4272 etc.
1248 4220 1320 4273 De
1340 4221 1546 4290 origine
1571 4222 1703 4288 juris
1726 4222 1936 4275 Gutliici
1959 4240 2074 4279 ser-

492 4305 702 4363 monem
729 4290 883 4363 lialmi
912 4288 965 4341 in
993 4288 1452 4363 Ιξῇάοῖίθιιὶεηοθρῖ
1480 4289 1571 4352 92,
1598 4308 1741 4363 unm.
1769 4297 1800 4345 8
1819 4304 1870 4345 et
1893 4310 2069 4363 seqq.,

493 4362 579 4433 ubi
598 4360 834 4433 adverti,
863 4368 996 4433 ante
1019 4358 1266 4433 Euricum
1292 4359 1494 4433 aliquas
1525 4362 1685 4427 videri
1737 4363 1898 4416 luisse
1927 4358 2070 4433 leges

493 4428 761 4493 Guhicas,
787 4430 1031 4498 quamvis
1060 4429 1258 4495 primus
1292 4428 1513 4483 Euricus
1557 4444 1649 4484 eas
1678 4446 1798 4484 cum
1846 4428 2066 4488 aliis'iu

496 4517 656 4553 unum
687 4516 879 4561 contus
905 4498 1191 4567 redegerit.
1222 4503 1389 4552 Ant-3v.

564 4570 652 4624 36.
683 4567 966 4638 Fludujns.
1008 4566 1104 4639 al.,
1150 4566 1483 4622 Fluduildus.
1516 4567 1836 4624 Clodovazum
1865 4574 1933 4627 ait
1980 4573 2069 4628 Ai-

493 4654 706 4694 munus.
752 4640 947 4694 Ρεῐιει.
1905 4687 1916 4698 .

561 4711 700 4763 Ibid.
750 4708 885 4762 Αἶγα
912 4708 1036 4773 521,
1076 4726 1210 4763 anno
1253 4710 1338 4763 IO.
1397 4707 1471 4762 Ita
1514 4709 2069 4779 pleriquelsidoriani

493 4780 760 4837 Codices.
833 4780 975 4849 quod
1031 4780 1334 4834 IsidOrianae
1404 4780 1772 4849 Gllronologite
1837 4788 2069 4839 concinit

492 4852 770 4925 Nonnullae
800 4851 1073 4925 Editiones
1102 4852 1577 4925 matrima-signant
1621 4850 1744 4925 522,
1779 4865 1828 4906 et
1874 4854 2068 4925 Pages

493 4920 667 4975 Iinrici
697 4933 919 4973 mortem
944 4920 1201 4991 aditet-ain
1219 4920 1323 4973 525
1344 4919 1523 4985 rel'ert,
1542 4923 1679 4989 quod
1711 4925 1878 4991 magis
1902 4919 2065 4978 etiam

493 4992 734 5045 l’lorezio
779 4992 970 5058 placet.
999 4990 1101 5061 Pro
1136 4988 1385 5043 Fludvius
1419 4988 1655 5045 Lahbeiis
1689 4988 1823 5061 legit
1860 4994 2070 5047 Hludn-

492 5067 647 5133 vicus.
682 5061 783 5115 Pro
813 5062 1003 5133 generi,
1039 5058 1326 5133 Florezius,
1354 5076 1473 5115 cum
1504 5062 1708 5130 Grotio,
1741 5058 1937 5133 generis
1958 5067 2067 5131 sui;

491 5132 754 5193 Lablieus,
788 5130 956 5199 generi
985 5130 1083 5182 sui.
1120 5134 1287 5184 Anicv.

563 5202 649 5255 57.
684 5202 820 5255 Afra
862 5199 986 5255 545.
1036 5200 1207 5253 Editio
1235 5201 1433 5265 Grialii,
1472 5216 1573 5253 a’ra
1605 5202 1730 5270 5M,
1754 5205 1890 5271 qlith
1917 5220 2068 5257 nien-

489 5273 613 5325 dutn
644 5276 870 5335 videtur,
903 5284 953 5323 ut
984 5286 1049 5324 ex
1083 5271 1234 5323 annis
1281 5271 1631 5338 imperatoris,
1675 5286 1729 5326 et
1778 5273 1896 5329 aliis
1936 5276 2068 5329 locis

490 5343 674 5397 Isidori
706 5340 975 5397 Florezius
1003 5340 1222 5409 coliigit.
1254 5343 1418 5393 Amav.

558 5414 647 5467 5i.
680 5414 800 5477 Alii,
828 5424 977 5481 atque
1022 5412 1084 5463 ab
1116 5410 1349 5482 AEbbane
1368 5409 1698 5475 ’Tlieudcriri
1743 5414 1873 5482 regis
1922 5415 2063 5468 duce.

492 5485 759 5546 Masdeus,
795 5495 921 5535 tom.
981 5482 1025 5534 Χ
1087 5480 1332 5533 Historia:
1385 5481 1555 5548 Πίῳ..
1613 5498 1727 5546 pag.
1759 5480 1883 5548 5L1,
1917 5484 2067 5538 εστι-ι

490 5554 808 5608 Glii'onicatn
832 5567 1011 5620 regum
1044 5551 1459 5621 Visigutlioium.
1494 5562 1547 5603 et
1576 5551 1865 5607 Gisalicuin
1904 5558 2067 5608 refert

495 5639 744 5690 regnasse
794 5637 963 5676 annos
989 5631 1115 5680 tres.
1148 5635 1197 5672 et
1233 5637 1391 5674 mium
1424 5625 1472 5673 in
1500 5623 1718 5673 lati-lira.
1752 5625 1851 5678 Alii
1884 5625 2066 5679 dicunt,

494 5709 742 5761 regnasse
786 5708 960 5763 annos
1008 5691 1334 5760 quindecim,
1400 5691 1624 5763 fortasse
1653 5696 1770 5760 quia
1814 5693 1929 5763 ejus
1980 5711 2063 5750 re-

494 5760 651 5829 gnum
682 5760 1008 5830 eoujungunt
1032 5774 1151 5815 cum
1182 5762 1425 5831 sequenti
1451 5762 1788 5821 Theoderici.
1826 5760 1994 5820 Ansv.

2193 1876 2475 1931 Odouacro
2496 1891 2625 1944 rege
2663 1874 3138 1944 Ostrogothorum,
3184 1885 3345 1944 atque
3374 1876 3585 1930 devicto
3619 1877 3782 1930 fratre

2191 1967 2308 2037 ejus
2359 1967 2626 2021 lIonoullo
2672 1980 2725 2022 et
2780 1976 2927 2020 trans
2978 1967 3207 2021 conﬁnia
3270 1967 3493 2021 Danubii
3524 1968 3778 2036 elfogato,

2192 2076 2319 2114 xux
2352 2061 2507 2115 annis
2537 2061 2590 2114 in
2639 2060 2787 2114 Italia
2828 2069 3129 2129 regnasset,
3163 2073 3350 2113 rursus
3378 2060 3652 2115 exstincto
3682 2061 3780 2115 Gi-

2188 2151 2391 2206 saleico
2419 2165 2544 2221 rege
2567 2149 2895 2217 Gothorum,
2927 2151 3201 2221 Hispania;
3233 2167 3456 2222 regnum
3506 2168 3573 2204 xv
3623 2154 3781 2206 annis

2187 2246 2436 2309 obtinuit,
2465 2245 2604 2313 quod
2648 2254 2925 2315 superstes
2956 2244 3258 2298 Ainalarico
3308 2244 3482 2312 nepoti
3529 2259 3628 2299 suo
3655 2247 3782 2301 reli-

2187 2338 2321 2407 quit.
2374 2337 2502 2392 lnde
2543 2337 2742 2392 Italiam
2798 2346 3066 2407 repetens,
3104 2337 3413 2406 aliquandiu
3461 2338 3609 2391 omni
3655 2356 3777 2393 cum

2186 2431 2543 2501 prOSperitate
2584 2428 2850 2499 regnavit,
2881 2444 2975 2499 per
3006 2444 3165 2499 quem
3211 2430 3372 2482 etiam
3418 2429 3536 2483 urbi
3591 2429 3777 2483 Roma:

2184 2523 2416 2593 dignitas
2446 2536 2553 2575 non
2584 2536 2744 2590 parva
2770 2531 2852 2575 est
2884 2521 3148 2575 restituta.
3182 2520 3361 2574 Muros
3403 2536 3635 2589 namque
3659 2522 3777 2587 ejus

2183 2612 2285 2666 iSIe
2315 2609 2906 2682 rediiitegravit,cujus
2926 2609 3003 2664 rei
3035 2608 3209 2678 gratia
3259 2622 3288 2661 a
3322 2608 3525 2663 Senatu
3556 2609 3775 2663 inaura-

2183 2709 2289 2755 tam
2322 2710 2552 2754 statuam
2580 2702 2794 2755 meruit.

2249 2790 2345 2847 40.
2382 2790 2513 2846 Era
2562 2806 2756 2855 antv,
2803 2805 2934 2844 ann.
2990 2789 3199 2859 imperii
3260 2789 3546 2845 Justiuiani
3581 2808 3617 2857 t,
3669 2793 3776 2848 Re-

2179 2898 2367 2954 gresso
2398 2883 2450 2936 in
2482 2881 2688 2937 Italiam
2717 2883 3092 2947 Theoderico,
3134 2894 3187 2937 et
3220 2882 3413 2937 ibidem
3469 2884 3727 2941 defuncto
3754 2930 3771 2952 ,

2178 2976 2513 3031 Amalaricus
2543 2991 2709 3043 nepos
2739 2978 2855 3044 ejus
2886 2992 2918 3030 v
2946 2978 3102 3031 annis
3133 2978 3399 3048 regnavit.
3427 2979 3551 3046 Qui,
3584 2996 3707 3035 cum
3738 2999 3768 3034 a

2179 3068 2525 3124 Childeberto
2552 3070 2880 3124 Francorum
2915 3085 3039 3139 rege
3066 3070 3205 3138 apud
3250 3070 3555 3125 Narbonam
3584 3077 3770 3141 prmlio

2103 3134 2149 3197 C
2180 3171 2465 3227 Superatus
2522 3160 2728 3225 fui-set,
2779 3160 2844 3213 ad
2904 3134 3256 3213 Barcinonam
3305 3162 3547 3229 trepidus
3585 3134 3765 3232 'l'ugit,

2178 3251 2503 3319 ell'ectusque
2526 3253 2758 3304 omnium
2778 3252 3223 3320 contemptibilis,
3248 3253 3315 3306 ab
3340 3255 3582 3309 exercitu
3603 3255 3766 3326 jugu-

2182 3346 2315 3398 latus
2347 3344 2611 3398 Narbona:
2640 3346 2689 3397 in
2720 3345 2834 3398 l'oro
2865 3345 3086 3399 interiit.

2255 3438 2406 3506 121
2438 3434 2528 3490 41.
2556 3432 2683 3487 Era
2729 3450 2909 3502 nuis,
2943 3450 3084 3488 anno
3128 3435 3335 3503 imperii
3358 3436 3647 3493 Justiuiani
3689 3456 3761 3504 vi,

2180 3538 2296 3596 post
2318 3526 2675 3580 Amalaricum
2713 3524 2949 3580 Theudis
2975 3526 3026 3580 in
3058 3524 3308 3594 IIiSpania
3336 3537 3574 3593 creatus,
3599 3531 3652 3583 in
3680 3546 3764 3585 re-

2177 3633 2334 3686 gnum
2351 3618 2505 3669 annis
2519 3630 2648 3683 xvn,
2672 3616 2944 3669 mensibus
2962 3632 3011 3683 v,
3032 3618 3119 3685 qui
3144 3617 3270 3670 dum
3295 3628 3433 3672 esset
3454 3619 3761 3684 hazreticns,

2188 3723 2370 3778 pacem
2417 3718 2592 3763 tamen
2621 3709 2888 3764 concessit
2920 3708 3199 3766 Ecclesiae.
3228 3709 3377 3765 Adeo
3404 3720 3463 3764 ut
3492 3710 3761 3767 licentiam

2247 3870 2337 3925 39,
2380 3869 2675 3930 Odovacro;
2701 3865 2792 3928 al.,
2823 3864 3076 3930 Odoacre,
3106 3865 3185 3917 vel
3215 3865 3493 3930 Odoacro;
3522 3882 3679 3929 mox,
3709 3868 3763 3919 in

2176 3937 2336 3992 Italia
2362 3942 2518 3991 victor
2545 3946 2821 4007 regnasset.
2853 3938 2954 3989 Ι)ιο
2984 3946 3255 4007 superstes,
3296 3939 3434 4007 quod
3467 3952 3587 3988 cum
3622 3936 3757 3989 Gro-

2178 4012 2251 4063 tio
2279 4021 2330 4062 et
2361 4005 2612 4073 antiquis
2642 4006 2977 4060 Editionihns
3008 4005 3189 4059 Florez
3215 4022 3275 4058 us
3309 4006 3547 4066 retinnit.
3585 4006 3763 4059 Editio

2176 4080 2357 4133 (irialii
2405 4092 2455 4132 et
2511 4078 2772 4140 Labheus,
2820 4077 3251 4146 stiperstitikl’ro
3288 4076 3399 4127 urbi
3430 4076 3627 4140 Horme,
3672 4078 3762 4130 alii

2180 4151 2330 4205 Urbis
2382 4150 2543 4217 regia,
2585 4148 2668 4201 vel
2707 4144 3046 4217 regiw‘urbi.
3106 4144 3471 4198 Tlieudericns
3521 4148 3681 4198 anuis
3711 4163 3761 4200 at

2177 4223 2273 4276 fuit
2304 4220 2357 4273 in
2399 4215 2671 4287 Hispania,
2706 4215 2827 4271 inde
2857 4215 3058 4269 Italiam
3088 4216 3356 4287 repetens,
3396 4231 3489 4283 per
3529 4231 3758 4269 consor-

2176 4294 2305 4344 tium
2360 4289 2597 4355 regmvit
2644 4303 2763 4340 cum
2823 4288 3161 4349 Amalarico,
3221 4286 3310 4353 qui
3368 4296 3483 4353 post
3529 4297 3760 4339 mortem

2175 4361 2490 4415 Tlieuderiii
2517 4362 2663 4413 solus
2691 4357 2929 4426 regnavit
2959 4356 3114 4410 anuis
3135 4357 3390 4425 quinque,
3420 4367 3477 4409 ut
3512 4372 3636 4409 mox
3679 4357 3764 4409 di-

2176 4432 2332 4486 citnr.
2362 4432 2530 4483 Annv.

2097 4494 2153 4556 Ι)
2606 4497 2710 4552 564
2741 4511 2862 4551 cum
2914 4479 3055 4551 anno
3110 4497 3133 4549 1
3171 4495 3454 4550 Justiniani
3485 4497 3763 4566 tonjnngit

2180 4573 2436 4631 Isidorus,
2483 4579 2541 4623 ut
2565 4584 2626 4621 ex
2655 4569 2771 4621 aliis
2800 4583 3013 4635 quoque
3041 4568 3279 4631 ejusdem
3313 4566 3442 4635 locis
3492 4576 3759 4633 arguitur.

2175 4643 2278 4695 Alii
2311 4657 2503 4693 annum
2528 4634 3063 4706 .Iustiniaiii’primnm
3093 4638 3155 4689 ad
3181 4634 3460 4689 :nrainz’iﬁi
3491 4639 3757 4706 referunt.

2176 4712 2231 4766 In
2258 4713 2529 4779 nonnullis
2560 4704 2894 4779 Editionihus
2926 4710 3100 4760 minus
3126 4710 3257 4779 bene
3284 4704 3763 4779 legiinrreraﬁbti,

2175 4799 2308 4835 anno
2337 4775 2534 4849 imperii
2566 4778 2863 4849 ,Ιιισιὶηἰαηὶ⁸
2900 4780 3083 4845 primo.
3115 4775 3395 4849 AJndiciuin
3425 4777 3641 4849 _Grialii
3694 4778 3764 4831 de

2175 4854 2275 4907 hac
2296 4844 2532 4904 a-ra'S'ii
2556 4862 2610 4904 et
2632 4864 2772 4901 anno
2798 4850 2817 4899 l
2840 4844 3126 4901 Iustiniani
3160 4847 3324 4898 habes
3348 4844 3399 4897 in
3425 4845 3761 4909 Isidoriauis,

2173 4937 2291 4989 Cap.
2326 4924 2419 4985 56,
2455 4921 2706 4974 num.15.
2740 4918 3017 4979 Baronius,
3043 4918 3105 4969 ad
3131 4931 3325 4967 annum
3348 4915 3641 4989 53Lnum.
3675 4917 3761 4979 I2,

2174 5003 2228 5045 et
2253 4994 2457 5059 l’agius,
2494 4992 2556 5042 ad
2585 5005 2705 5044 eum
2742 4990 2935 5049 locum,
2969 4995 3132 5055 agunt
3165 4989 3231 5037 de
3252 4988 3476 5059 concilio
3497 4988 3767 5059 'I‘oletano

2173 5055 2644 5126 apud'Montanutu
2694 5059 3003 5123 epismpinu
3038 5072 3176 5108 anno
3219 5055 3407 5126 quino
3450 5057 3760 5109 Amalariei.

2174 5121 2275 5184 Pro
2313 5131 2651 5190 ϐΙιᾱι.Ι‹ὺειίο,
2683 5121 2766 5179 alii
2798 5121 3071 5180 lltlrberto.
3108 5126 3206 5177 I‘t'o
3248 5121 3525 5187 Narbona,
3574 5128 3763 5178 malim

2175 5201 2417 5255 Narbone
2449 5217 2467 5253 :
2501 5202 2600 5254 huc
2624 5210 2770 5253 certe
2804 5198 3018 5262 melius,
3043 5206 3091 5249 et
3126 5194 3258 5249 iulia
3294 5197 3545 5247 orcarrit.
3584 5202 3763 5247 Aaev.

2244 5275 2332 5326 lii.
2379 5272 2720 5325 Exstitrsseut.
2755 5270 2832 5321 sic
2865 5269 3131 5320 Labhens.
3162 5262 3337 5316 Editio
3366 5265 3571 5333 (irialii,
3597 5272 3757 5318 citati.

2171 5351 2359 5395 terunt.
2391 5345 2527 5398 Mox.
2564 5341 2750 5402 oblata,
2799 5340 2963 5399 viam;
3001 5338 3095 5403 al.,
3130 5336 3347 5405 objecta,
3381 5335 3554 5388 vicem.
3606 5337 3765 5402 Apud

2175 5413 2442 5481 Bigiiazutn
2476 5411 2801 5464 Francorum
2826 5423 2992 5481 rcges
3014 5422 3249 5481 quinque
3268 5406 3445 5481 fuisse
3461 5408 3763 5481 dicuntur;

2172 5474 2265 5536 Sed
2320 5483 2595 5536 Goriradus
2649 5482 2861 5535 Samuel
2891 5474 3404 5535 VSchurzlleischins,
3460 5474 3510 5526 in
3547 5476 3763 5541 Disput.

2174 5553 2359 5607 histOr.
2388 5557 2555 5614 ervit,
2588 5551 2776 5618 Lipstze
2811 5548 2963 5608 l6ll9,
2998 5556 3126 5599 toni.
3162 5545 3202 5606 I,
3234 5546 3371 5611 disp.
3400 5546 3454 5607 5,
3485 5548 3765 5618 utlrn._l8,

2171 5626 2396 5676 advertit
2428 5614 2802 5686 interpolatum
2835 5619 2997 5671 fuisse
3040 5619 3247 5679 locum;
3276 5629 3394 5667 nam
3429 5624 3551 5686 tunc
3581 5614 3764 5666 solum

2172 5696 2316 5746 tuere
2357 5684 2581 5759 quatuor
2628 5691 2952 5743 Francorum
3005 5702 3175 5756 reges.
3210 5688 3407 5741 Gonler
3436 5684 3764 5751 Bai'ouium,

2174 5776 2299 5818 IOIII.
2331 5762 2436 5828 V'Il,
2467 5764 2527 5815 ad
2561 5778 2682 5815 ann.
2715 5759 2835 5815 542.
2867 5763 3033 5814 Anev.
