4084 6160
390 284 525 341 1669

1426 287 1745 347 HISTORIA
1787 289 1877 344 DE
1909 285 2203 346 REGIBUS
2243 291 2646 352 (EOTIIORUM.

3522 315 3657 369 lu70

384 395 660 453 catholicis
688 394 957 465 episcopis
985 393 1136 451 daret
1174 396 1228 451 in
1259 413 1423 454 unum
1476 403 1616 470 apud
1650 403 1959 459 Toletanam
1992 400 2041 459 Δ
2071 417 2120 455 v.
2152 404 2257 461 iste
2286 407 2546 464 adversus
2584 410 2980 469 Cordubcusctn
3032 418 3213 475 urbem
3264 426 3503 491 prndium
3541 446 3653 485 mo.

384 488 573 545 urbem
600 486 908 551 convenire,
938 495 994 542 et
1031 502 1365 559 quaecunque
1404 492 1474 547 ad
1523 493 1777 549 Ecclesiae
1807 495 1969 551 disci.

383 579 587 650 plinam
640 577 941 633 necessaria
998 579 1357 647 exstitissent,
1415 584 1583 640 libere
1637 585 1971 657 licenterque

382 675 691 744 disponere.
761 674 838 731 Eo
891 686 1149 746 regnante
1177 718 1193 743 ,
1257 678 1386 735 dum
1441 680 1768 738 Francorum
1815 698 1969 753 reges

385 781 508 820 cum
560 764 787 820 inﬁnitis
828 768 998 836 copiis
1028 769 1079 823 in
1130 769 1441 836 Hispaniam
1492 774 1891 841 convenissent,
1916 785 1969 831 et

380 859 840 914 Tarraconensem
870 862 1198 928 provinciam
1229 861 1373 920 bello
1395 865 1811 935 depopularent,
1854 868 1962 924 Go-

381 951 480 1014 thi,
507 950 642 1005 duce
671 951 1016 1016 Theudisclo,
1060 954 1305 1010 obicibus
1334 956 1606 1026 Hispanias
1639 958 1963 1026 interclusis,

380 1040 710 1095 Francorum
733 1042 1031 1097 exercitum
1055 1044 1220 1099 multa
1261 1062 1381 1102 cum
1402 1046 1764 1104 admiratione
1796 1048 1964 1103 victo-

380 1132 472 1184 riae
514 1143 944 1199 prostraverunt.
978 1134 1090 1188 Dux
1138 1135 1282 1192 idem
1309 1179 1324 1203 ,
1380 1154 1538 1209 prece
1566 1149 1728 1210 atque
1758 1139 1960 1211 ingenti

380 1220 604 1286 pecunia
656 1221 759 1291 sibi
820 1225 1019 1288 oblata,
1053 1225 1195 1281 viam
1244 1227 1381 1296 fugae
1434 1228 1679 1285 hostibus
1732 1231 1962 1287 residuis

378 1313 535 1366 unius
576 1312 679 1366 diei
713 1315 993 1383 noctisque
1022 1319 1198 1385 Spatia
1254 1319 1503 1388 praebuit.
1547 1321 1753 1377 Cmtera
1783 1323 1959 1379 infeli-

374 1403 514 1455 cium
542 1405 718 1466 turba,
747 1404 832 1459 cui
865 1408 1123 1460 transitus
1146 1409 1325 1465 collati
1350 1411 1605 1480 temporis
1637 1429 1741 1468 non
1771 1428 1959 1470 occur-

376 1495 475 1560 rit,
509 1494 807 1551 Gothorum
851 1511 1129 1567 perempta
1168 1501 1368 1568 gladiio
1414 1505 1667 1559 concidit.

443 1583 533 1638 42.
549 1584 673 1641 P08t
692 1596 799 1641 tant
816 1589 987 1644 felicis
1003 1605 1312 1647 successum
1329 1595 1584 1660 victoriae,
1602 1607 1746 1651 trans
1761 1596 1952 1654 fretum

379 1677 681 1732 inconsulte
709 1678 866 1733 Gothi
896 1695 954 1735 se
975 1694 1275 1751 gesserunt.
1311 1685 1569 1756 Denique,
1593 1686 1718 1742 dum
1758 1691 1955 1744 adver-

2074 508 2223 560 vens,
2245 496 2371 553 dum
2415 500 2470 553 in
2501 510 2869 571 contemptum
2917 509 3196 566 catholicae
3226 515 3499 585 religionis
3530 522 3656 576 bea-

2073 586 2262 641 tissimi
2308 592 2562 663 martyris
2589 594 2786 650 Aciscli
2828 597 3074 666 injuriattt
3111 602 3351 667 inferret,
3389 608 3653 666 Ιιο›ῑὶιιιιιο

2070 691 2173 745 que
2226 692 2290 733 ac
2342 680 2707 750 jumentorum
2754 700 2947 743 cruore
2989 703 3195 745 sacrum
3251 698 3484 765 sepulcri
3534 702 3653 770 ejus

2072 767 2266 834 locum,
2286 781 2340 825 ιιι
2361 772 2688 843 profanator,
2711 778 2994 846 pollueret,
3016 781 3146 836 inito
3164 785 3420 841 adversus
3442 767 3652 845 Cordu-

2069 858 2259 916 benses
2274 862 2416 918 cives
2437 869 2748 934 certamine,
2766 885 2948 938 pinnas
2967 872 3174 942 dignas,
3199 880 3397 934 sanctis
3412 881 3647 938 inleren~

2070 951 2230 1019 tibus,
2255 957 2468 1011 meruit.
2490 957 2619 1013 Nam
2643 960 2766 1015 belli
2792 965 3074 1029 praesentis
3104 967 3306 1024 ultione
3339 986 3643 1039 percussus,

2065 1052 2117 1096 et
2142 1042 2308 1098 lilium
2350 1045 2419 1102 ibi
2442 1062 2563 1104 cum
2588 1052 2740 1119 cepia
2764 1056 3039 1110 exercitus
3066 1057 3402 1116 interfectum
3427 1065 3607 1119 amisit
3632 1107 3648 1131 ,
3681 1044 3690 1052 ’

2064 1139 2119 1186 et
2140 1135 2447 1191 thesaurum
2477 1153 2691 1195 omnem
2718 1156 2838 1197 cum
2862 1146 3160 1215 insignibus
3184 1150 3374 1218 opibus
3396 1154 3649 1221 perdidit.

2134 1220 2223 1277 46.
2249 1224 2368 1293 Ipse
2396 1226 2587 1294 victus,
2616 1245 2679 1287 ac
2703 1233 2997 1291 misi-rabili
3050 1248 3194 1294 metu
3228 1220 3457 1311 fugatus,
3490 1247 3651 1301 Eme-

2062 1310 2216 1365 ritam
2276 1328 2337 1369 se
2407 1320 2626 1386 recepit.
2685 1321 2958 1380 Adversus
2999 1342 3155 1396 quem
3216 1310 3499 1402 interjecto
3553 1336 3651 1392 ali-

2061 1404 2243 1470 quanti
2294 1408 2550 1476 temporis
2618 1414 2814 1482 spatio,
2866 1418 3253 1488 Atltanagiltlus
3311 1427 3647 1493 tyrannidem

2062 1494 2316 1562 regnandi
2358 1498 2645 1564 cupiditate
2689 1503 2974 1573 arripiens,
3006 1506 3130 1562 dum
3183 1514 3484 1570 exercitum
3533 1517 3650 1588 ejus

2058 1596 2245 1640 contra
2276 1604 2336 1643 se
2366 1590 2563 1660 llispali
2589 1594 2810 1649 missum
2848 1598 3041 1655 virtute
3068 1603 3281 1659 militari
3303 1617 3642 1675 prostrasset,

2059 1677 2301 1733 videntes
2328 1678 2487 1735 Gothi
2529 1686 2746 1755 proprio
2777 1703 2837 1741 se
2878 1692 3045 1746 everti
3096 1695 3323 1762 excidio,
3377 1708 3432 1752 et
3481 1702 3647 1770 magis

370 1778 463 1819 sus
486 1766 703 1833 milites,
724 1768 815 1838 qui
839 1770 1054 1838 Septem
1082 1775 1357 1841 oppidum,
1384 1754 1550 1846 pulsis
1573 1776 1784 1845 Gothis,
1808 1781 1955 1835 inva-
1986 1754 2034 1814 Β
2063 1780 2359 1825 memean
2397 1786 2467 1827 ηθ
2498 1773 2808 1844 Hispaniam
2853 1779 3052 1836 ιηῖιίιθε
3078 1782 3301 1838 Romani
3334 1788 3512 1843 θυὶῖιὶί
3562 1807 3646 1847 (ὀ-

371 1868 577 1925 serant,
605 1858 803 1915 Oceani
855 1860 986 1917 l‘reta
1028 1865 1365 1930 transissent,
1423 1868 1674 1937 idemque
1717 1881 1951 1927 castrum

371 1962 562 2017 magna
609 1949 660 2002 vi
716 1952 1023 2006 certaminis
1062 1966 1458 2026 expugnarent,
1508 1958 1826 2016 adveniente
1868 1962 1955 2018 die

370 2037 675 2105 Dominico,
707 2040 1063 2109 deposuerunt
1086 2062 1258 2112 arma,
1299 2063 1367 2101 ne
1395 2048 1537 2103 diem
1581 2065 1794 2106 sacrum
1826 2068 1955 2120 prte-

373 2129 444 2182 lio
473 2129 824 2187 lunestarent.
854 2133 963 2189 Hac
990 2136 1150 2204 igitur
1172 2137 1459 2194 occasione
1486 2153 1721 2209 reperta,
1754 2144 1951 2201 milites

366 2223 653 2288 repentino
683 2222 897 2279 incursu
927 2229 1187 2296 aggressi,
1221 2236 1515 2286 exercitum
1556 2235 1689 2289 mari
1722 2238 1952 2306 undique

368 2319 618 2381 terraque
670 2315 1004 2382 conclusum,
1036 2318 1292 2389 ignavum
1323 2332 1483 2394 atque
1513 2326 1770 2383 inermem
1815 2331 1951 2386 adeo

363 2496 531 2551 cladis
560 2499 825 2555 excidium
859 2503 1178 2570 praeteriret.

434 2588 525 2641 45.
584 2589 693 2646 Nec
747 2607 935 2662 mora,
985 2597 1242 2665 praevenit
1293 2612 1438 2654 mors
1494 2599 1674 2656 debita
1745 2604 1942 2671 princi-

365 2696 510 2749 pem.
563 2683 883 2740 Vulneratur
925 2689 1068 2743 enim
1121 2705 1151 2744 a
1196 2696 1428 2761 quodam
1487 2695 1538 2749 in
1588 2695 1805 2765 palatio,
1856 2700 1941 2767 qui

359 2774 671 2845 jamdudum
702 2779 966 2835 dementis
1016 2782 1270 2851 speciem,
1309 2794 1368 2839 ut
1416 2800 1595 2857 regem
1649 2788 1939 2857 deciperet,

360 2867 731 2924 simulaverat.
766 2870 941 2925 Finxit
989 2874 1133 2927 enim
1179 2884 1296 2931 arte
1346 2877 1628 2944 insaniam,
1684 2879 1941 2947 ρειπωι-

358 2973 464 3026 que
517 2960 845 3030 principem,
894 2977 1003 3031 quo
1048 2966 1270 3021 vulnere
1308 2967 1400 3024 ille
1430 2979 1729 3037 prostratus
1776 2984 1939 3026 occu-

360 3049 511 3114 buit,
558 3059 613 3105 et
649 3052 701 3106 vi
748 3051 907 3122 gladii
950 3055 1312 3127 indignantem
1366 3060 1597 3114 animam
1648 3062 1934 3118 exhalavit.

360 3141 555 3197 Fertur
582 3152 760 3199 autem
792 3143 933 3200 inter
957 3146 1272 3204 eﬂusionem
1319 3152 1590 3223 sanguinis
1629 3156 1938 3223 conjurasse

358 3247 428 3288 ne
473 3234 596 3304 quis
641 3236 968 3292 interﬁceret
1017 3254 1419 3309 percussorem,
1478 3243 1665 3299 dicens
1714 3258 1773 3300 se
1810 3261 1938 3301 con-

356 3340 543 3392 gruam
567 3326 745 3382 meriti
774 3329 1048 3398 recepisse
1094 3332 1529 3400 vicissitudinem,
1560 3336 1697 3405 quod
1731 3344 1785 3391 et
1825 3337 1939 3406 ipse

357 3416 596 3482 privatus
623 3416 813 3473 ducem
842 3432 997 3473 suum
1021 3421 1338 3477 sollicitatus
1360 3424 1652 3480 occiderat.

414 3508 670 3579 122M.
692 3510 818 3565 Era
845 3527 1092 3579 nuxxvr,
1117 3532 1243 3570 ann.
1271 3520 1463 3586 imper.
1485 3518 1935 3585 Justittianixxnt,

353 3601 682 3671 interempto
712 3604 913 3660 Theudi
942 3607 1298 3663 Tlteudisclus
1346 3610 1639 3679 superioris
1682 3612 1936 3681 principis

355 3694 458 3749 dux
500 3694 693 3751 Gothis
732 3700 1042 3767 prtelicitur,
1074 3715 1305 3769 regnans
1354 3717 1479 3756 ann.
1526 3718 1565 3768 ι,
1614 3718 1826 3758 menses
1857 3719 1933 3769 Ill,

354 3788 443 3855 qui
492 3787 618 3842 dttm
676 3792 1025 3859 plurimorum
1085 3802 1361 3861 potentum
1418 3796 1685 3851 connubia
1741 3799 1938 3866 prosti-

354 3880 557 3934 tutione
588 3881 793 3949 publica
831 3883 1147 3949 macularet,
1177 3895 1230 3939 et
1251 3884 1322 3937 ob
1344 3885 1456 3939 htcc
1485 3886 1777 3941 instrueret
1816 3888 1935 3941 atti-

350 3983 498 4021 mum
532 3969 597 4022 ad
633 3985 819 4025 necem
845 3973 1136 4028 multorum
1157 4013 1172 4039 ,
1199 3984 1500 4043 praventus
1526 3977 1935 4045 conjuratorum

350 4075 510 4113 manu
547 4060 753 4130 llispali
810 4063 951 4118 inter
978 4064 1164 4134 epulas
1189 4066 1483 4136 jugulatur,
1543 4069 1935 4138 confossnsque

347 4152 526 4220 gladio
562 4153 938 4221 exstinguitur.

429 4241 519 4296 45.
549 4242 679 4298 Aira
713 4261 981 4312 oLxxxvn,
1019 4247 1206 4314 imper.
1240 4247 1519 4305 Justittiani
1564 4266 1708 4321 xxtv,
1735 4254 1937 4307 exstin-

342 4344 437 4389 cto
479 4333 823 4401 Theudisclo,
848 4337 1002 4408 Agila
1030 4354 1125 4394 rex
1155 4342 1499 4398 constituitur
1529 4358 1758 4414 regnans
1804 4361 1932 4401 ann.

418 4531 505 4611 i3.
553 4530 691 4587 Mors
718 4533 923 4611 debita;
954 4536 1052 4601 al.,
1083 4554 1220 4611 more
1267 4540 1469 4595 deinde.
1504 4540 1654 4607 Quod
1698 4542 1931 4611 additur,

338 4600 993 4680 indignattlent_anitttattt,
1042 4600 1263 4662 videtur
1318 4600 1588 4680 sumptum
1644 4628 1711 4669 ex
1747 4600 1935 4669 ultimo

342 4687 506 4727 versu
538 4672 798 4729 .‘Etteidos
832 4693 846 4729 :

470 4783 681 4845 Vitaque
704 4798 813 4834 cum
836 4788 1025 4850 gemitu
1048 4785 1175 4848 fugit
1196 4788 1441 4850 indignata
1461 4791 1552 4839 sub
1573 4794 1784 4907 tlt‘mbras.

1632 4870 1751 4907 BEV.

1632 4870 1751 4908 BEV.

411 4961 504 5016 44.
546 4963 759 5016 Aenum
787 4962 1072 5017 Jttstiniani
1104 4964 1176 5019 23
1205 4982 1325 5018 cum
1354 4965 1568 5022 Laltbeo
1605 4978 1659 5023 et
1686 4971 1929 5027 Florezio

338 5032 595 5108 ascripsi;
641 5034 692 5087 in
722 5032 974 5108 Editione
999 5034 1182 5108 Grialii
1208 5051 1377 5089 annus
1412 5036 1503 5102 22,
1540 5055 1636 5104 per
1662 5055 1925 5108 errorem,

338 5115 399 5171 ut
429 5103 657 5167 videtur,
708 5103 1030 5171 assignatur.
1083 5105 1186 5159 Pro
1224 5122 1419 5160 menses
1450 5103 1551 5161 tres
1581 5111 1632 5163 in
1662 5103 1927 5169 Chronico

341 5170 741 5250 _\’isigotltoru_m
785 5170 867 5228 est
914 5191 1110 5250 tuentes
1147 5192 1256 5240 rex,
1312 5177 1417 5230 dies
1471 5178 1754 5246 tredecim;
1787 5185 1927 5250 apud

337 5241 612 5318 Labbeum
643 5245 855 5318 diverso
884 5245 1193 5318 charactere
1219 5263 1411 5318 menses
1451 5258 1661 5318 septem.
1688 5241 1859 5307 Alter.

411 5311 503 5367 45.
539 5314 633 5367 Hic
680 5315 838 5390 etiam
887 5317 937 5368 in
992 5316 1234 5390 Editio_ne
1272 5315 1471 5390 AGriaIii
1507 5311 1616 5387 'per
1662 5338 1920 5390 errorem,

334 5380 408 5435 de
434 5396 540 5451 quo
569 5399 728 5461 supra
759 5384 940 5461 ἰιιρξτιι
964 5380 1615 5461 praecedenti,_apponi'tur
1632 5407 1803 5447 annus

337 5466 439 5525 pro
468 5468 608 5508 anno
628 5452 721 5519 24,
750 5454 839 5522 qui
864 5455 919 5525 in
948 5468 1070 5509 nota
1094 5471 1190 5525 pro
1216 5452 1616 5514 varia-lectione
1641 5452 1920 5519 indicatur.

336 5523 470 5595 βιῳ
497 5524 656 5581 etiam
691 5526 830 5581 varia
862 5524 1019 5582 lectio
1073 5523 1168 5595 pro
1213 5541 1352 5593 aera;
1384 5528 1477 5582 sed
1508 5530 1645 5585 idem
1675 5548 1925 5589 numerus

336 5592 442 5648 587
478 5596 529 5650 in
563 5608 706 5671 textu
737 5610 786 5653 et
820 5600 869 5651 in
904 5592 1509 5671 ttott_expritttebatttr;_
1542 5600 1718 5667 itaque
1772 5604 1924 5671 igno-

336 5679 466 5720 rans
500 5667 759 5739 quidnam
815 5669 1009 5739 potius
1031 5668 1283 5723 Perezius
1315 5669 1568 5739 voluerit,
1600 5688 1717 5726 eam
1746 5667 1925 5729 notam

331 5738 550 5803 sustuli,
582 5755 683 5809 qua
716 5739 848 5793 nihil
875 5738 1015 5792 aliud
1044 5754 1200 5808 quam
1252 5756 1502 5797 numerus
1542 5759 1687 5809 terte,
1736 5747 1824 5814 qui
1872 5746 1924 5801 iu

1965 3109 2013 3173 C

1959 4467 2012 4527 ι)

2058 1858 2272 1915 casione
2323 1862 2652 1932 invaderent,
2682 1868 2959 1938 Agilattem
2993 1873 3243 1929 Emerita:
3299 1878 3641 1947 interliciunt,

2057 1957 2113 2003 et
2132 1949 2465 2022 Athanagildi
2496 1970 2619 2012 sese
2641 1958 2887 2026 regimini
2924 1963 3278 2022 tradiderunt.

2129 2042 2219 2097 47.
2244 2044 2370 2100 dira
2391 2062 2551 2115 oxcn,
2577 2064 2719 2106 anno
2745 2053 2940 2124 imper.
2967 2055 3251 2113 Justiniani
3285 2077 3434 2127 xxtx,
3462 2067 3643 2120 occiso

2060 2133 2303 2203 Agilane,
2338 2137 2724 2210 Atbattagildtts
2754 2160 2979 2215 regnum
3004 2150 3147 2217 quod
3176 2151 3449 2208 invaserat
3479 2159 3645 2212 tenuit

2056 2239 2180 2280 ann.
2210 2244 2318 2282 xtv.
2350 2229 2446 2284 llic
2468 2247 2586 2287 cum
2606 2233 2920 2303 jamdudum
2951 2251 3161 2309 sumpta
3190 2246 3496 2313 tyrannide,
3521 2248 3642 2317 Agi-

2013 2395 2017 2400 .
2055 2315 2229 2371 lanetn
2274 2336 2439 2388 regno
2489 2324 2699 2392 privare
2733 2338 3040 2395 conaretur,
3076 2332 3230 2403 123
3279 2335 3507 2390 militum
3537 2315 3639 2392 sibi

369 2412 791 2473 prostraverunt,
810 2417 944 2463 utne
968 2424 1101 2463 unus
1119 2410 1332 2479 quidem
1348 2427 1653 2485 superesset
1673 2434 1760 2488 qut
1791 2430 1951 2476 tanta:
1987 2406 2031 2436 ’⁵

2051 2408 2247 2461 auxilia
2294 2409 2362 2464 ab
2415 2410 2738 2481 imperatore
2777 2415 3085 2475 Iustiniano
3117 2436 3453 2492 poposcerat,
3505 2443 3641 2497 quos

2052 2509 2237 2562 postea
2258 2504 2579 2559 submovere
2604 2521 2634 2560 a
2661 2507 2856 2563 tlnibus
2883 2511 3034 2579 regni
3066 2514 3285 2569 molitus
3312 2531 3418 2570 non
3444 2520 3635 2587 p0tuit.

2051 2587 2322 2645 Adversus
2362 2608 2496 2661 quos
2526 2592 2805 2667 hucusque
2836 2599 3146 2657 conﬂictum
3188 2612 3293 2660 est.
3326 2606 3638 2676 Frequenti-

2049 2679 2148 2734 bus
2194 2691 2350 2738 antea
2381 2686 2578 2753 praeliis
2626 2689 2772 2757 caesi,
2826 2706 2965 2746 nunc
3013 2708 3141 2747 vero
3195 2695 3373 2749 multis
3428 2700 3638 2754 casibus

2051 2770 2204 2826 fracti
2235 2784 2391 2843 atque
2422 2775 2577 2829 finiti.
2629 2778 2870 2834 Decessit
2908 2792 3083 2836 autem
3117 2784 3503 2853 Athanagildus
3532 2788 3636 2843 To—

2053 2862 2145 2917 leti
2180 2867 2391 2931 prepria
2418 2880 2587 2922 tnorte
2613 2906 2630 2935 ,
2655 2881 2879 2927 vacante
2910 2887 3076 2943 regno
3114 2877 3385 2930 mensibus
3417 2893 3468 2932 v.

2116 2952 2205 3006 48.
2232 2954 2359 3009 IEra
2392 2972 2512 3024 tzcv,
2540 2976 2666 3014 ann.
2698 2962 2971 3033 Il_IﬂI[)etII
3012 2965 3204 3022 Justini
3234 2968 3476 3036 Minoris,
3518 2982 3636 3040 post

2049 3044 2152 3099 Ath
2174 3047 2458 3116 .nagildutn
2491 3049 2657 3105 Liuva
2688 3052 2934 3109 Nat-bone
2965 3055 3155 3111 Gothis
3205 3060 3511 3125 praeﬁcitur,
3558 3078 3636 3115 rc-

2043 3153 2213 3208 gnans
2239 3155 2364 3193 ann.
2399 3156 2477 3206 ttt,
2505 3143 2594 3212 qui
2625 3146 2863 3198 secundo
2892 3162 3053 3211 anno,
3087 3160 3365 3219 postquam
3404 3155 3632 3219 adeptus

2040 3238 2123 3283 est
2174 3229 2547 3302 principatum,
2598 3233 2967 3304 Leovigildum
3025 3238 3244 3292 fratrem
3298 3258 3401 3295 tton
3457 3244 3629 3297 δοιτιιιι

2040 3336 2436 3393 successorem,
2468 3327 2560 3380 sed
2590 3336 2645 3381 et
2676 3330 2986 3397 participem
3020 3333 3166 3401 regni
3197 3334 3298 3388 sibi
3330 3339 3626 3399 constituit,

2043 3413 2420 3482 Ilispanimque
2478 3416 2930 3472 administrationi
2983 3422 3247 3489 prtcfccit,
3306 3425 3419 3493 ipse
3445 3425 3629 3480 (Ξειιιιςυ

2038 3518 2205 3572 regno
2254 3513 2557 3559 contentus.
2604 3506 2800 3575 Sicque
2850 3523 3071 3578 regnum
3113 3511 3249 3565 duos
3280 3516 3442 3580 cepit,
3499 3516 3625 3569 dum

2038 3596 2182 3648 nulla
2217 3606 2453 3664 potestas
2488 3597 2693 3664 patiens
2720 3602 2988 3655 consortis
3018 3602 3104 3656 sit.
3132 3604 3265 3659 lluic
3286 3615 3463 3659 autem
3492 3623 3628 3662 unus

2038 3695 2243 3741 tantum
2273 3700 2446 3741 annus
2498 3688 2549 3741 in
2579 3688 2767 3744 ordine
2801 3698 3101 3763 temporum
3135 3704 3410 3763 reputatur
3439 3696 3481 3749 L
3507 3714 3622 3751 uva:

2038 3778 2203 3846 regis,
2238 3778 2429 3847 reliqui
2458 3779 2768 3847 Leovibildo
2799 3781 2950 3836 fratri
2980 3798 3422 3842 annumerantur.

2106 3869 2197 3923 49.
2231 3870 2361 3926 Era
2410 3888 2551 3941 DCVI,
2604 3889 2730 3928 amt.
2787 3890 2845 3929 ιιι
2899 3876 3089 3945 imper.
3139 3878 3333 3934 Justini
3386 3882 3625 3943 Minoris.

2036 3958 2379 4029 Leovigildus
2410 3960 2632 4032 adeptus
2664 3965 2931 4031 llisttania‘
2953 3978 3005 4019 et
3039 3968 3225 4023 Gallia:
3249 3972 3625 4041 prittcipattmt,

2036 4054 2296 4121 ampliare
2348 4070 2572 4124 regnum
2606 4055 2749 4110 bello
2777 4067 2830 4111 et
2859 4071 3056 4128 augere
3102 4076 3232 4128 opes
3257 4064 3460 4116 statuit.
3494 4064 3627 4120 Stu-

2036 4145 2125 4200 dio
2154 4145 2355 4225 quipr
2381 4148 2499 4216 ejus
2526 4148 2818 4215 exercitus,
2840 4152 3203 4207 concordante
3226 4152 3424 4221 favote,
3460 4158 3629 4211 victo-

2036 4237 2259 4305 riarum,
2293 4240 2457 4293 multa
2488 4240 2740 4307 praeclare
2766 4244 2985 4297 sortitus
3012 4256 3115 4298 εει.
3144 4244 3441 4302 Cantabros
3474 4264 3625 4301 nam-

2035 4345 2140 4401 que
2170 4329 2273 4385 iste
2301 4330 2548 4397 obtinuit,
2581 4329 2829 4401 Aregiam
2868 4332 2969 4388 iste
2996 4337 3158 4404 cepit,
3190 4335 3410 4393 διώξω-ιιι
3441 4339 3508 4392 ab
3557 4354 3625 4393 eo

2042 4540 2187 4585 textu
2211 4531 2521 4601 apparebat,
2545 4531 2937 4587 continebatur.
2964 4535 3017 4588 In
3049 4534 3294 4589 Editione
3317 4536 3499 4591 Grialii
3527 4540 3621 4592 dc-

2037 4602 2304 4657 sideratur
2332 4603 2536 4672 corpori
2568 4613 2687 4673 post
2716 4603 2949 4657 Asciscli.
2980 4604 3105 4669 Alii,
3138 4605 3370 4673 inferret,
3407 4610 3619 4661 ossium-

2034 4688 2152 4741 que,
2178 4689 2239 4725 ac
2258 4671 2607 4741 jumentorum
2634 4671 2843 4725 horrore
2871 4689 3093 4735 sacrum,
3128 4671 3234 4728 etc.
3266 4671 3439 4730 Alter.

2107 4742 2197 4797 46.
2229 4741 2617 4811 Hispalim.ita
2649 4742 2917 4796 Florezitts
2969 4760 3089 4797 cum
3142 4744 3380 4801 Labbco.
3444 4749 3618 4803 Editiu

2036 4810 2219 4866 Grialii
2250 4826 2303 4865 et
2333 4812 2470 4876 alim,
2504 4810 2730 4877 Hispali.
2764 4812 2934 4865 Ansv.

2103 4881 2194 4936 47.
2234 4881 2431 4944 Fracti,
2462 4890 2614 4947 atque
2651 4882 2804 4947 ﬁniti.
2836 4880 3106 4936 Flo'ezius
3133 4900 3250 4937 cum
3282 4887 3399 4939 aliis
3428 4889 3571 4940 atltlit
3602 4908 3616 4942 :

2032 4949 2216 5004 Fidem
2244 4950 2548 5004 catholicam
2596 4954 2788 5005 occulte
2836 4954 3016 5018 tenuit,
3065 4965 3111 5008 et
3144 4953 3447 5010 Christianis
3473 4960 3618 5013 valde

2029 5024 2298 5075 benevolus
2339 5022 2454 5090 fuit.
2488 5027 2657 5075 Ant-2v.

2099 5109 2489 5184 48.!EraA605,
2512 5127 2650 5184 anno
2669 5114 2890 5184 secundo
2913 5115 3134 5184 imperii,
3161 5124 3265 5170 etc.
3292 5116 3346 5171 Id
3377 5119 3615 5174 retinen-

2028 5181 2153 5255 dum
2178 5197 2311 5255 cum
2327 5182 2571 5236 Editione
2594 5181 2776 5237 Grialit
2799 5181 3027 5239 ostendit
3048 5186 3341 5251 Florezius,
3367 5190 3614 5255 quamvis

2028 5253 2147 5306 alia:
2180 5252 2450 5306 Editiones
2482 5255 2618 5307 alios
2647 5268 2898 5307 numeros
2928 5257 3217 5312 ascribant.
3260 5252 3480 5312 Liuv'atn
3513 5261 3612 5314 tri-

2028 5321 2138 5397 bus
2161 5329 2365 5397 tantum
2412 5325 2565 5397 annis
2594 5338 2850 5397 regnasse
2890 5341 2956 5397 ex
2992 5325 3199 5382 Isidoro
3225 5329 3524 5397 colligitur;
3558 5342 3614 5385 at

2029 5391 2351 5446 lticlareusis
2379 5395 2613 5463 quinque
2641 5394 2757 5462 ejus
2782 5395 2931 5463 regni
2960 5410 3130 5450 annos
3160 5391 3458 5453 enumerat.
3489 5391 3616 5455 Post

2026 5472 2290 5530 reputatur
2322 5467 2479 5516 verba
2515 5461 2682 5535 Linea?
2731 5461 2865 5535 regis
2896 5466 2946 5518 itt
2979 5466 3100 5519 aliis
3142 5466 3476 5525 Editionibus
3504 5485 3609 5525 non

2028 5541 2259 5606 exstant,
2294 5544 2350 5606 et
2377 5534 2650 5586 abundare
2700 5534 2799 5586 ait
2831 5534 3115 5606 Florezius.
3153 5538 3263 5606 Ego
3287 5540 3608 5596 crediderim

2029 5602 2306 5670 legendum
2331 5603 2449 5655 hinc
2469 5615 2658 5669 autem,
2688 5612 2848 5674 atque
2870 5604 2943 5658 ita
2956 5608 3113 5677 recte
3136 5602 3377 5677 procedit
3398 5624 3610 5665 sensus.

2029 5677 2201 5729 Ansv.

2103 5744 2190 5800 49.
2237 5742 2368 5797 ίΕτα
2399 5744 2521 5800 606.
2580 5744 2844 5813 Labbeus,
2888 5743 3029 5833 .Era
3059 5745 3193 5815 607,
3240 5749 3378 5821 quod
3428 5749 3617 5805 rationi
