  <div class='ocr_page' id='page_1' title='image "/cluster/home/n/w/nwhite01/storage/ocr_20150623/83/hvd.32044054758875/541.png"; bbox 0 0 4084 6160; ppageno 0'>
   <div class='ocr_carea' id='block_1_1' title="bbox 449 308 579 362">
    <p class='ocr_par' dir='ltr' id='par_1_1' title="bbox 449 308 579 362">
     <span class='ocr_line' id='line_1_1' title="bbox 449 308 579 362; baseline 0 0"><span class='ocrx_word' id='word_1_1' title='bbox 449 308 579 362; x_wconf 67' lang='grc'><strong>1071</strong></span> 
     </span>
    </p>
   </div>
   <div class='ocr_carea' id='block_1_2' title="bbox 446 500 2023 571">
    <p class='ocr_par' dir='ltr' id='par_1_2' title="bbox 446 500 2023 571">
     <span class='ocr_line' id='line_1_2' title="bbox 446 500 2023 571; baseline -0.008 -6"><span class='ocrx_word' id='word_1_2' title='bbox 446 514 594 565; x_wconf 78' lang='lat' dir='ltr'><strong>ritnte</strong></span> <span class='ocrx_word' id='word_1_3' title='bbox 626 508 851 563; x_wconf 75' lang='lat' dir='ltr'><strong>rebelles</strong></span> <span class='ocrx_word' id='word_1_4' title='bbox 884 504 1149 571; x_wconf 70' lang='lat' dir='ltr'><strong>lliSpania:</strong></span> <span class='ocrx_word' id='word_1_5' title='bbox 1180 500 1360 556; x_wconf 87' lang='lat' dir='ltr'><strong>urbes.</strong></span> <span class='ocrx_word' id='word_1_6' title='bbox 1392 500 1545 554; x_wconf 77' lang='lat' dir='ltr'><strong>Fudit</strong></span> <span class='ocrx_word' id='word_1_7' title='bbox 1570 518 1780 570; x_wconf 88' lang='lat' dir='ltr'><strong>quoque</strong></span> <span class='ocrx_word' id='word_1_8' title='bbox 1808 501 2023 554; x_wconf 89' lang='lat' dir='ltr'><strong>diverso</strong></span> 
     </span>
    </p>
   </div>
   <div class='ocr_carea' id='block_1_3' title="bbox 445 592 2024 670">
    <p class='ocr_par' dir='ltr' id='par_1_3' title="bbox 445 592 2024 670">
     <span class='ocr_line' id='line_1_3' title="bbox 445 592 2024 670; baseline -0.004 -19"><span class='ocrx_word' id='word_1_9' title='bbox 445 602 627 670; x_wconf 70' lang='lat' dir='ltr'><strong>pra-lio</strong></span> <span class='ocrx_word' id='word_1_10' title='bbox 654 597 866 658; x_wconf 72' lang='lat' dir='ltr'><strong>miiites,</strong></span> <span class='ocrx_word' id='word_1_11' title='bbox 899 606 950 649; x_wconf 90' lang='lat' dir='ltr'><strong>et</strong></span> <span class='ocrx_word' id='word_1_12' title='bbox 975 593 1218 663; x_wconf 61' lang='lat' dir='ltr'><strong>qr&#39;mdam</strong></span> <span class='ocrx_word' id='word_1_13' title='bbox 1243 603 1417 647; x_wconf 64' lang='lat' dir='ltr'><strong>castra</strong></span> <span class='ocrx_word' id='word_1_14' title='bbox 1446 593 1514 645; x_wconf 88' lang='lat' dir='ltr'><strong>ah</strong></span> <span class='ocrx_word' id='word_1_15' title='bbox 1544 592 1623 646; x_wconf 76' lang='lat' dir='ltr'><strong>eis</strong></span> <span class='ocrx_word' id='word_1_16' title='bbox 1655 602 1913 660; x_wconf 78' lang='lat' dir='ltr'><strong>occupata</strong></span> <span class='ocrx_word' id='word_1_17' title='bbox 1947 592 2024 645; x_wconf 90' lang='lat' dir='ltr'><strong>di-</strong></span> 
     </span>
    </p>
   </div>
   <div class='ocr_carea' id='block_1_4' title="bbox 446 687 2024 760">
    <p class='ocr_par' dir='ltr' id='par_1_4' title="bbox 446 687 2024 760">
     <span class='ocr_line' id='line_1_4' title="bbox 446 687 2024 760; baseline -0.008 -11"><span class='ocrx_word' id='word_1_18' title='bbox 446 693 689 750; x_wconf 72' lang='lat' dir='ltr'><strong>nticzindo</strong></span> <span class='ocrx_word' id='word_1_19' title='bbox 711 693 925 760; x_wconf 85' lang='lat' dir='ltr'><strong>recepit.</strong></span> <span class='ocrx_word' id='word_1_20' title='bbox 953 688 1419 756; x_wconf 68' lang='lat' dir='ltr'><strong>liermencgiliium</strong></span> <span class='ocrx_word' id='word_1_21' title='bbox 1445 687 1637 742; x_wconf 89' lang='lat' dir='ltr'><strong>deinde</strong></span> <span class='ocrx_word' id='word_1_22' title='bbox 1668 688 1831 740; x_wconf 69' lang='lat' dir='ltr'><strong>tilium</strong></span> <span class='ocrx_word' id='word_1_23' title='bbox 1862 688 2024 755; x_wconf 89' lang='lat' dir='ltr'><strong>impe-</strong></span> 
     </span>
    </p>
   </div>
   <div class='ocr_carea' id='block_1_5' title="bbox 445 776 2024 853">
    <p class='ocr_par' dir='ltr' id='par_1_5' title="bbox 445 776 2024 853">
     <span class='ocr_line' id='line_1_5' title="bbox 445 776 2024 853; baseline -0.005 -15"><span class='ocrx_word' id='word_1_24' title='bbox 445 789 537 838; x_wconf 90' lang='lat' dir='ltr'><strong>riis</strong></span> <span class='ocrx_word' id='word_1_25' title='bbox 571 784 682 838; x_wconf 87' lang='lat' dir='ltr'><strong>suis</strong></span> <span class='ocrx_word' id='word_1_26' title='bbox 710 780 1153 853; x_wconf 81' lang='lat' dir='ltr'><strong>Iyrounizatttent,</strong></span> <span class='ocrx_word' id='word_1_27' title='bbox 1204 779 1481 833; x_wconf 85' lang='lat' dir='ltr'><strong>obsessum</strong></span> <span class='ocrx_word' id='word_1_28' title='bbox 1504 778 1864 846; x_wconf 62' lang='lat' dir='ltr'><strong>exsuperaxit.</strong></span> <span class='ocrx_word' id='word_1_29' title='bbox 1897 776 2024 831; x_wconf 87' lang='lat' dir='ltr'><strong>Pos-</strong></span> 
     </span>
    </p>
   </div>
   <div class='ocr_carea' id='block_1_6' title="bbox 447 866 2023 937">
    <p class='ocr_par' dir='ltr' id='par_1_6' title="bbox 447 866 2023 937">
     <span class='ocr_line' id='line_1_6' title="bbox 447 866 2023 937; baseline -0.006 -9"><span class='ocrx_word' id='word_1_30' title='bbox 447 885 672 928; x_wconf 90' lang='lat' dir='ltr'><strong>tremutn</strong></span> <span class='ocrx_word' id='word_1_31' title='bbox 705 872 902 926; x_wconf 90' lang='lat' dir='ltr'><strong>bellum</strong></span> <span class='ocrx_word' id='word_1_32' title='bbox 934 869 1124 925; x_wconf 87' lang='lat' dir='ltr'><strong>Suevis</strong></span> <span class='ocrx_word' id='word_1_33' title='bbox 1159 870 1357 931; x_wconf 91' lang='lat' dir='ltr'><strong>intulit,</strong></span> <span class='ocrx_word' id='word_1_34' title='bbox 1391 884 1718 937; x_wconf 77' lang='lat' dir='ltr'><strong>regnumque</strong></span> <span class='ocrx_word' id='word_1_35' title='bbox 1757 883 1939 922; x_wconf 89' lang='lat' dir='ltr'><strong>eorum</strong></span> <span class='ocrx_word' id='word_1_36' title='bbox 1972 866 2023 920; x_wconf 93' lang='lat' dir='ltr'><strong>in</strong></span> 
     </span>
    </p>
   </div>
   <div class='ocr_carea' id='block_1_7' title="bbox 442 956 2024 1033">
    <p class='ocr_par' dir='ltr' id='par_1_7' title="bbox 442 956 2024 1033">
     <span class='ocr_line' id='line_1_7' title="bbox 442 956 2024 1033; baseline -0.006 -14"><span class='ocrx_word' id='word_1_37' title='bbox 442 967 558 1032; x_wconf 84' lang='lat' dir='ltr'><strong>jura</strong></span> <span class='ocrx_word' id='word_1_38' title='bbox 604 960 779 1033; x_wconf 83' lang='lat' dir='ltr'><strong>gentis</strong></span> <span class='ocrx_word' id='word_1_39' title='bbox 822 975 933 1014; x_wconf 72' lang='lat' dir='ltr'><strong>sum</strong></span> <span class='ocrx_word' id='word_1_40' title='bbox 963 960 1093 1012; x_wconf 89' lang='lat' dir='ltr'><strong>mira</strong></span> <span class='ocrx_word' id='word_1_41' title='bbox 1126 959 1399 1012; x_wconf 73' lang='lat' dir='ltr'><strong>celeritate</strong></span> <span class='ocrx_word' id='word_1_42' title='bbox 1431 959 1743 1012; x_wconf 90' lang='lat' dir='ltr'><strong>transmisit.</strong></span> <span class='ocrx_word' id='word_1_43' title='bbox 1778 956 2024 1026; x_wconf 83' lang='lat' dir='ltr'><strong>Hispania</strong></span> 
     </span>
    </p>
   </div>
   <div class='ocr_carea' id='block_1_8' title="bbox 443 1051 2024 1126">
    <p class='ocr_par' dir='ltr' id='par_1_8' title="bbox 443 1051 2024 1126">
     <span class='ocr_line' id='line_1_8' title="bbox 443 1051 2024 1126; baseline -0.004 -17"><span class='ocrx_word' id='word_1_44' title='bbox 443 1072 631 1126; x_wconf 85' lang='lat' dir='ltr'><strong>magna</strong></span> <span class='ocrx_word' id='word_1_45' title='bbox 663 1070 725 1109; x_wconf 83' lang='lat' dir='ltr'><strong>ex</strong></span> <span class='ocrx_word' id='word_1_46' title='bbox 762 1063 914 1122; x_wconf 90' lang='lat' dir='ltr'><strong>parte</strong></span> <span class='ocrx_word' id='word_1_47' title='bbox 942 1052 1159 1120; x_wconf 89' lang='lat' dir='ltr'><strong>potitus.</strong></span> <span class='ocrx_word' id='word_1_48' title='bbox 1186 1051 1314 1104; x_wconf 81' lang='lat' dir='ltr'><strong>Nam</strong></span> <span class='ocrx_word' id='word_1_49' title='bbox 1365 1060 1518 1104; x_wconf 86' lang='lat' dir='ltr'><strong>antea</strong></span> <span class='ocrx_word' id='word_1_50' title='bbox 1572 1065 1702 1119; x_wconf 83' lang='lat' dir='ltr'><strong>gens</strong></span> <span class='ocrx_word' id='word_1_51' title='bbox 1732 1051 2024 1104; x_wconf 88' lang='lat' dir='ltr'><strong>Gothorum</strong></span> 
     </span>
    </p>
   </div>
   <div class='ocr_carea' id='block_1_9' title="bbox 441 1139 2029 1214">
    <p class='ocr_par' dir='ltr' id='par_1_9' title="bbox 441 1139 2029 1214">
     <span class='ocr_line' id='line_1_9' title="bbox 441 1139 2029 1214; baseline -0.004 -14"><span class='ocrx_word' id='word_1_52' title='bbox 441 1147 679 1214; x_wconf 75' lang='lat' dir='ltr'><strong>anguetis</strong></span> <span class='ocrx_word' id='word_1_53' title='bbox 703 1144 894 1198; x_wconf 75' lang='lat' dir='ltr'><strong>finibus</strong></span> <span class='ocrx_word' id='word_1_54' title='bbox 926 1143 1249 1204; x_wconf 85' lang='lat' dir='ltr'><strong>arctabatttr,</strong></span> <span class='ocrx_word' id='word_1_55' title='bbox 1284 1139 1376 1193; x_wconf 90' lang='lat' dir='ltr'><strong>sed</strong></span> <span class='ocrx_word' id='word_1_56' title='bbox 1400 1141 1681 1194; x_wconf 77' lang='lat' dir='ltr'><strong>oliuscavit</strong></span> <span class='ocrx_word' id='word_1_57' title='bbox 1704 1141 1753 1193; x_wconf 91' lang='lat' dir='ltr'><strong>in</strong></span> <span class='ocrx_word' id='word_1_58' title='bbox 1785 1155 1850 1193; x_wconf 90' lang='lat' dir='ltr'><strong>eo</strong></span> <span class='ocrx_word' id='word_1_59' title='bbox 1878 1156 2029 1194; x_wconf 82' lang='lat' dir='ltr'><strong>error</strong></span> 
     </span>
    </p>
   </div>
   <div class='ocr_carea' id='block_1_10' title="bbox 442 1233 1447 1306">
    <p class='ocr_par' dir='ltr' id='par_1_10' title="bbox 442 1233 1447 1306">
     <span class='ocr_line' id='line_1_10' title="bbox 442 1233 1447 1306; baseline -0.009 -13"><span class='ocrx_word' id='word_1_60' title='bbox 442 1238 729 1306; x_wconf 67' lang='lat' dir='ltr'><strong>impietatis</strong></span> <span class='ocrx_word' id='word_1_61' title='bbox 772 1234 995 1304; x_wconf 86' lang='lat' dir='ltr'><strong>gloriam</strong></span> <span class='ocrx_word' id='word_1_62' title='bbox 1031 1242 1188 1286; x_wconf 66' lang='lat' dir='ltr'><strong>tanta:</strong></span> <span class='ocrx_word' id='word_1_63' title='bbox 1216 1233 1447 1285; x_wconf 85' lang='lat' dir='ltr'><strong>virtutis.</strong></span> 
     </span>
    </p>
   </div>
   <div class='ocr_carea' id='block_1_11' title="bbox 513 1321 2024 1392">
    <p class='ocr_par' dir='ltr' id='par_1_11' title="bbox 513 1321 2024 1392">
     <span class='ocr_line' id='line_1_11' title="bbox 513 1321 2024 1392; baseline -0.005 -10"><span class='ocrx_word' id='word_1_64' title='bbox 513 1330 601 1383; x_wconf 79' lang='lat'><strong>50.</strong></span> <span class='ocrx_word' id='word_1_65' title='bbox 636 1326 873 1392; x_wconf 84' lang='lat' dir='ltr'><strong>Denique</strong></span> <span class='ocrx_word' id='word_1_66' title='bbox 917 1324 1127 1378; x_wconf 66' lang='lat' dir='ltr'><strong>Arianae</strong></span> <span class='ocrx_word' id='word_1_67' title='bbox 1174 1322 1408 1390; x_wconf 66' lang='lat' dir='ltr'><strong>perﬁdia:</strong></span> <span class='ocrx_word' id='word_1_68' title='bbox 1454 1322 1634 1375; x_wconf 66' lang='lat' dir='ltr'><strong>{more</strong></span> <span class='ocrx_word' id='word_1_69' title='bbox 1674 1321 1930 1389; x_wconf 79' lang='lat' dir='ltr'><strong>repletus,</strong></span> <span class='ocrx_word' id='word_1_70' title='bbox 1975 1321 2024 1374; x_wconf 82' lang='lat' dir='ltr'><strong>in</strong></span> 
     </span>
    </p>
   </div>
   <div class='ocr_carea' id='block_1_12' title="bbox 443 1414 2027 1487">
    <p class='ocr_par' dir='ltr' id='par_1_12' title="bbox 443 1414 2027 1487">
     <span class='ocr_line' id='line_1_12' title="bbox 443 1414 2027 1487; baseline -0.014 -11"><span class='ocrx_word' id='word_1_71' title='bbox 443 1420 735 1476; x_wconf 79' lang='lat' dir='ltr'><strong>catholicos</strong></span> <span class='ocrx_word' id='word_1_72' title='bbox 756 1415 1124 1487; x_wconf 88' lang='lat' dir='ltr'><strong>persecutione</strong></span> <span class='ocrx_word' id='word_1_73' title='bbox 1149 1423 1437 1477; x_wconf 74' lang='lat' dir='ltr'><strong>COtnmota,</strong></span> <span class='ocrx_word' id='word_1_74' title='bbox 1467 1414 1720 1480; x_wconf 71' lang='lat' dir='ltr'><strong>plurimos</strong></span> <span class='ocrx_word' id='word_1_75' title='bbox 1745 1416 2027 1482; x_wconf 77' lang='lat' dir='ltr'><strong>episcnpo-</strong></span> 
     </span>
    </p>
   </div>
   <div class='ocr_carea' id='block_1_13' title="bbox 444 1500 2031 1572">
    <p class='ocr_par' dir='ltr' id='par_1_13' title="bbox 444 1500 2031 1572">
     <span class='ocr_line' id='line_1_13' title="bbox 444 1500 2031 1572; baseline -0.004 -9"><span class='ocrx_word' id='word_1_76' title='bbox 444 1525 561 1563; x_wconf 86' lang='lat' dir='ltr'><strong>rum</strong></span> <span class='ocrx_word' id='word_1_77' title='bbox 588 1508 777 1562; x_wconf 82' lang='lat' dir='ltr'><strong>exsilio</strong></span> <span class='ocrx_word' id='word_1_78' title='bbox 820 1505 1091 1572; x_wconf 80' lang='lat' dir='ltr'><strong>relegavit.</strong></span> <span class='ocrx_word' id='word_1_79' title='bbox 1137 1500 1495 1555; x_wconf 52' lang='lat' dir='ltr'><strong>I‘Jcclesiarum</strong></span> <span class='ocrx_word' id='word_1_80' title='bbox 1541 1501 1697 1572; x_wconf 61' lang='lat'><strong>124</strong></span> <span class='ocrx_word' id='word_1_81' title='bbox 1749 1503 1947 1556; x_wconf 83' lang='lat' dir='ltr'><strong>reditus</strong></span> <span class='ocrx_word' id='word_1_82' title='bbox 1976 1510 2031 1557; x_wconf 87' lang='lat' dir='ltr'><strong>et</strong></span> 
     </span>
    </p>
   </div>
   <div class='ocr_carea' id='block_1_14' title="bbox 446 1593 2030 1670">
    <p class='ocr_par' dir='ltr' id='par_1_14' title="bbox 446 1593 2030 1670">
     <span class='ocr_line' id='line_1_14' title="bbox 446 1593 2030 1670; baseline -0.004 -18"><span class='ocrx_word' id='word_1_83' title='bbox 446 1599 718 1670; x_wconf 80' lang='lat' dir='ltr'><strong>privilegia</strong></span> <span class='ocrx_word' id='word_1_84' title='bbox 752 1595 989 1657; x_wconf 79' lang='lat' dir='ltr'><strong>abstulit,</strong></span> <span class='ocrx_word' id='word_1_85' title='bbox 1019 1593 1215 1646; x_wconf 88' lang='lat' dir='ltr'><strong>multos</strong></span> <span class='ocrx_word' id='word_1_86' title='bbox 1236 1606 1446 1661; x_wconf 89' lang='lat' dir='ltr'><strong>quoque</strong></span> <span class='ocrx_word' id='word_1_87' title='bbox 1472 1593 1764 1646; x_wconf 88' lang='lat' dir='ltr'><strong>terroribus</strong></span> <span class='ocrx_word' id='word_1_88' title='bbox 1789 1593 1842 1645; x_wconf 90' lang='lat' dir='ltr'><strong>in</strong></span> <span class='ocrx_word' id='word_1_89' title='bbox 1878 1594 2030 1646; x_wconf 65' lang='lat' dir='ltr'><strong>A&#39;riat-</strong></span> 
     </span>
    </p>
   </div>
   <div class='ocr_carea' id='block_1_15' title="bbox 447 1682 2029 1757">
    <p class='ocr_par' dir='ltr' id='par_1_15' title="bbox 447 1682 2029 1757">
     <span class='ocr_line' id='line_1_15' title="bbox 447 1682 2029 1757; baseline -0.004 -13"><span class='ocrx_word' id='word_1_90' title='bbox 447 1705 568 1744; x_wconf 91' lang='lat' dir='ltr'><strong>nam</strong></span> <span class='ocrx_word' id='word_1_91' title='bbox 617 1685 971 1757; x_wconf 68' lang='lat' dir='ltr'><strong>pestilentiam</strong></span> <span class='ocrx_word' id='word_1_92' title='bbox 1026 1683 1256 1752; x_wconf 67' lang='lat' dir='ltr'><strong>impulit,</strong></span> <span class='ocrx_word' id='word_1_93' title='bbox 1309 1682 1590 1752; x_wconf 88' lang='lat' dir='ltr'><strong>plerosque</strong></span> <span class='ocrx_word' id='word_1_94' title='bbox 1622 1683 1740 1736; x_wconf 85' lang='lat' dir='ltr'><strong>sine</strong></span> <span class='ocrx_word' id='word_1_95' title='bbox 1790 1698 2029 1750; x_wconf 34' lang='lat' dir='ltr'><strong>persecu&#39;</strong></span> 
     </span>
    </p>
   </div>
   <div class='ocr_carea' id='block_1_16' title="bbox 1517 296 2695 358">
    <p class='ocr_par' dir='ltr' id='par_1_16' title="bbox 1517 296 2695 358">
     <span class='ocr_line' id='line_1_16' title="bbox 1517 296 2695 358; baseline -0.005 -1"><span class='ocrx_word' id='word_1_96' title='bbox 1517 301 1571 357; x_wconf 76' lang='grc' dir='ltr'><strong>Β.</strong></span> <span class='ocrx_word' id='word_1_97' title='bbox 1618 300 1862 358; x_wconf 72' lang='grc' dir='ltr'>ιδιῡυιιι</span> <span class='ocrx_word' id='word_1_98' title='bbox 1905 296 2352 354; x_wconf 80' lang='lat' dir='ltr'><strong>HISPALENSIS</strong></span> <span class='ocrx_word' id='word_1_99' title='bbox 2395 296 2695 355; x_wconf 79' lang='lat' dir='ltr'><strong>EPISCOPI</strong></span> 
     </span>
    </p>
   </div>
   <div class='ocr_carea' id='block_1_17' title="bbox 443 410 2088 480">
    <p class='ocr_par' dir='ltr' id='par_1_17' title="bbox 443 410 2088 480">
     <span class='ocr_line' id='line_1_17' title="bbox 443 410 2088 480; baseline -0.007 -8"><span class='ocrx_word' id='word_1_100' title='bbox 443 418 614 476; x_wconf 57' lang='grc' dir='ltr'>υιιιιιῐς</span> <span class='ocrx_word' id='word_1_101' title='bbox 641 417 849 471; x_wconf 81' lang='lat' dir='ltr'><strong>devicta</strong></span> <span class='ocrx_word' id='word_1_102' title='bbox 883 424 987 479; x_wconf 90' lang='lat' dir='ltr'><strong>est,</strong></span> <span class='ocrx_word' id='word_1_103' title='bbox 1017 420 1293 469; x_wconf 79' lang='lat' dir='ltr'><strong>cesserunt</strong></span> <span class='ocrx_word' id='word_1_104' title='bbox 1323 410 1482 465; x_wconf 86' lang='lat' dir='ltr'><strong>etiam</strong></span> <span class='ocrx_word' id='word_1_105' title='bbox 1513 414 1676 466; x_wconf 85' lang='lat' dir='ltr'><strong>armis</strong></span> <span class='ocrx_word' id='word_1_106' title='bbox 1720 412 1862 465; x_wconf 90' lang='lat' dir='ltr'><strong>illius</strong></span> <span class='ocrx_word' id='word_1_107' title='bbox 1893 412 2013 480; x_wconf 82' lang='lat' dir='ltr'><strong>plu-</strong></span> <span class='ocrx_word' id='word_1_108' title='bbox 2046 418 2088 469; x_wconf 68' lang='grc' dir='ltr'><strong>Α</strong></span> 
     </span>
    </p>
   </div>
   <div class='ocr_carea' id='block_1_18' title="bbox 3574 302 3705 354">
    <p class='ocr_par' dir='ltr' id='par_1_18' title="bbox 3574 302 3705 354">
     <span class='ocr_line' id='line_1_18' title="bbox 3574 302 3705 354; baseline 0 0"><span class='ocrx_word' id='word_1_109' title='bbox 3574 302 3705 354; x_wconf 67' lang='lat'><strong>1073</strong></span> 
     </span>
    </p>
   </div>
   <div class='ocr_carea' id='block_1_19' title="bbox 2194 410 3704 483">
    <p class='ocr_par' dir='ltr' id='par_1_19' title="bbox 2194 410 3704 483">
     <span class='ocr_line' id='line_1_19' title="bbox 2194 410 3704 483; baseline 0.001 -18"><span class='ocrx_word' id='word_1_110' title='bbox 2194 410 2280 465; x_wconf 80' lang='grc'><strong>55.</strong></span> <span class='ocrx_word' id='word_1_111' title='bbox 2306 411 2577 481; x_wconf 85' lang='lat' dir='ltr'><strong>Syuodum</strong></span> <span class='ocrx_word' id='word_1_112' title='bbox 2608 412 2798 467; x_wconf 87' lang='lat' dir='ltr'><strong>deinde</strong></span> <span class='ocrx_word' id='word_1_113' title='bbox 2819 413 3190 483; x_wconf 81' lang='lat' dir='ltr'><strong>episcoporum</strong></span> <span class='ocrx_word' id='word_1_114' title='bbox 3218 413 3283 468; x_wconf 86' lang='lat' dir='ltr'><strong>ad</strong></span> <span class='ocrx_word' id='word_1_115' title='bbox 3313 414 3462 467; x_wconf 65' lang='lat' dir='ltr'><strong>conm</strong></span> <span class='ocrx_word' id='word_1_116' title='bbox 3485 418 3704 467; x_wconf 74' lang='lat' dir='ltr'><strong>lilltalto-</strong></span> 
     </span>
    </p>
   </div>
   <div class='ocr_carea' id='block_1_20' title="bbox 2127 503 3706 572">
    <p class='ocr_par' dir='ltr' id='par_1_20' title="bbox 2127 503 3706 572">
     <span class='ocr_line' id='line_1_20' title="bbox 2127 503 3706 572; baseline 0.004 -18"><span class='ocrx_word' id='word_1_117' title='bbox 2127 517 2247 555; x_wconf 80' lang='lat' dir='ltr'><strong>ncni</strong></span> <span class='ocrx_word' id='word_1_118' title='bbox 2271 504 2481 555; x_wconf 76' lang='lat' dir='ltr'><strong>Arianae</strong></span> <span class='ocrx_word' id='word_1_119' title='bbox 2509 503 2726 558; x_wconf 81' lang='lat' dir='ltr'><strong>haeresis</strong></span> <span class='ocrx_word' id='word_1_120' title='bbox 2750 545 2765 567; x_wconf 86' lang='lat'><strong>,</strong></span> <span class='ocrx_word' id='word_1_121' title='bbox 2797 504 2864 558; x_wconf 89' lang='lat' dir='ltr'><strong>de</strong></span> <span class='ocrx_word' id='word_1_122' title='bbox 2891 504 3113 559; x_wconf 80' lang='lat' dir='ltr'><strong>diversis</strong></span> <span class='ocrx_word' id='word_1_123' title='bbox 3140 504 3356 572; x_wconf 79' lang='lat' dir='ltr'><strong>ilispaui</strong></span> <span class='ocrx_word' id='word_1_124' title='bbox 3375 522 3406 556; x_wconf 68' lang='grc' dir='ltr'>ιε</span> <span class='ocrx_word' id='word_1_125' title='bbox 3452 514 3505 558; x_wconf 84' lang='lat' dir='ltr'><strong>et</strong></span> <span class='ocrx_word' id='word_1_126' title='bbox 3524 504 3706 560; x_wconf 63' lang='lat' dir='ltr'><strong>Galli:</strong></span> 
     </span>
    </p>
   </div>
   <div class='ocr_carea' id='block_1_21' title="bbox 2127 591 3705 663">
    <p class='ocr_par' dir='ltr' id='par_1_21' title="bbox 2127 591 3705 663">
     <span class='ocr_line' id='line_1_21' title="bbox 2127 591 3705 663; baseline 0.003 -20"><span class='ocrx_word' id='word_1_127' title='bbox 2127 591 2409 657; x_wconf 71' lang='lat' dir='ltr'><strong>trovinciis</strong></span> <span class='ocrx_word' id='word_1_128' title='bbox 2426 604 2727 661; x_wconf 80' lang='lat' dir='ltr'><strong>congregat.</strong></span> <span class='ocrx_word' id='word_1_129' title='bbox 2754 594 2906 663; x_wconf 78' lang='lat'><strong>125</strong></span> <span class='ocrx_word' id='word_1_130' title='bbox 2921 593 3014 648; x_wconf 85' lang='lat' dir='ltr'><strong>Cui</strong></span> <span class='ocrx_word' id='word_1_131' title='bbox 3033 592 3262 648; x_wconf 80' lang='lat' dir='ltr'><strong>concilio</strong></span> <span class='ocrx_word' id='word_1_132' title='bbox 3280 592 3417 646; x_wconf 88' lang='lat' dir='ltr'><strong>idetn</strong></span> <span class='ocrx_word' id='word_1_133' title='bbox 3432 593 3619 661; x_wconf 74' lang='lat' dir='ltr'><strong>religio</strong></span> <span class='ocrx_word' id='word_1_134' title='bbox 3651 594 3705 647; x_wconf 81' lang='lat' dir='ltr'><strong>is-</strong></span> 
     </span>
    </p>
   </div>
   <div class='ocr_carea' id='block_1_22' title="bbox 2125 679 3707 752">
    <p class='ocr_par' dir='ltr' id='par_1_22' title="bbox 2125 679 3707 752">
     <span class='ocr_line' id='line_1_22' title="bbox 2125 679 3707 752; baseline 0.004 -20"><span class='ocrx_word' id='word_1_135' title='bbox 2125 679 2293 732; x_wconf 89' lang='lat' dir='ltr'><strong>simus</strong></span> <span class='ocrx_word' id='word_1_136' title='bbox 2308 682 2552 750; x_wconf 81' lang='lat' dir='ltr'><strong>princeps</strong></span> <span class='ocrx_word' id='word_1_137' title='bbox 2569 682 2823 750; x_wconf 80' lang='lat' dir='ltr'><strong>interfuit,</strong></span> <span class='ocrx_word' id='word_1_138' title='bbox 2848 694 3101 752; x_wconf 77' lang='lat' dir='ltr'><strong>gestaque</strong></span> <span class='ocrx_word' id='word_1_139' title='bbox 3120 683 3236 752; x_wconf 85' lang='lat' dir='ltr'><strong>ejus</strong></span> <span class='ocrx_word' id='word_1_140' title='bbox 3255 685 3535 752; x_wconf 76' lang='lat' dir='ltr'><strong>przesentia</strong></span> <span class='ocrx_word' id='word_1_141' title='bbox 3554 698 3644 737; x_wconf 82' lang='lat' dir='ltr'><strong>sua</strong></span> <span class='ocrx_word' id='word_1_142' title='bbox 3657 695 3707 739; x_wconf 88' lang='lat' dir='ltr'><strong>et</strong></span> 
     </span>
    </p>
   </div>
   <div class='ocr_carea' id='block_1_23' title="bbox 2125 768 3709 843">
    <p class='ocr_par' dir='ltr' id='par_1_23' title="bbox 2125 768 3709 843">
     <span class='ocr_line' id='line_1_23' title="bbox 2125 768 3709 843; baseline 0.006 -23"><span class='ocrx_word' id='word_1_143' title='bbox 2125 768 2517 836; x_wconf 78' lang='lat' dir='ltr'><strong>subscriptione</strong></span> <span class='ocrx_word' id='word_1_144' title='bbox 2534 770 2781 835; x_wconf 71' lang='lat' dir='ltr'><strong>firmavit,</strong></span> <span class='ocrx_word' id='word_1_145' title='bbox 2797 773 3050 826; x_wconf 86' lang='lat' dir='ltr'><strong>abdicans</strong></span> <span class='ocrx_word' id='word_1_146' title='bbox 3061 789 3181 827; x_wconf 83' lang='lat' dir='ltr'><strong>cun:</strong></span> <span class='ocrx_word' id='word_1_147' title='bbox 3201 774 3450 827; x_wconf 89' lang='lat' dir='ltr'><strong>omnibus</strong></span> <span class='ocrx_word' id='word_1_148' title='bbox 3465 776 3574 827; x_wconf 86' lang='lat' dir='ltr'><strong>suis</strong></span> <span class='ocrx_word' id='word_1_149' title='bbox 3596 790 3709 843; x_wconf 83' lang='lat' dir='ltr'><strong>per-</strong></span> 
     </span>
    </p>
   </div>
   <div class='ocr_carea' id='block_1_24' title="bbox 2126 857 3712 932">
    <p class='ocr_par' dir='ltr' id='par_1_24' title="bbox 2126 857 3712 932">
     <span class='ocr_line' id='line_1_24' title="bbox 2126 857 3712 932; baseline 0.006 -23"><span class='ocrx_word' id='word_1_150' title='bbox 2126 857 2325 921; x_wconf 76' lang='lat' dir='ltr'><strong>ﬁdiam,</strong></span> <span class='ocrx_word' id='word_1_151' title='bbox 2347 874 2503 928; x_wconf 90' lang='lat' dir='ltr'><strong>quam</strong></span> <span class='ocrx_word' id='word_1_152' title='bbox 2524 861 2794 926; x_wconf 88' lang='lat' dir='ltr'><strong>hucusque</strong></span> <span class='ocrx_word' id='word_1_153' title='bbox 2805 862 3095 917; x_wconf 89' lang='lat' dir='ltr'><strong>Gothorum</strong></span> <span class='ocrx_word' id='word_1_154' title='bbox 3121 864 3365 932; x_wconf 79' lang='lat' dir='ltr'><strong>papulas,</strong></span> <span class='ocrx_word' id='word_1_155' title='bbox 3384 864 3712 918; x_wconf 82' lang='lat' dir='ltr'><strong>Ariodocen-</strong></span> 
     </span>
    </p>
   </div>
   <div class='ocr_carea' id='block_1_25' title="bbox 2130 948 3712 1024">
    <p class='ocr_par' dir='ltr' id='par_1_25' title="bbox 2130 948 3712 1024">
     <span class='ocr_line' id='line_1_25' title="bbox 2130 948 3712 1024; baseline 0.005 -22"><span class='ocrx_word' id='word_1_156' title='bbox 2130 958 2202 1013; x_wconf 88' lang='lat' dir='ltr'><strong>te,</strong></span> <span class='ocrx_word' id='word_1_157' title='bbox 2220 948 2496 1011; x_wconf 82' lang='lat' dir='ltr'><strong>didicerat.</strong></span> <span class='ocrx_word' id='word_1_158' title='bbox 2517 962 2571 1005; x_wconf 89' lang='lat' dir='ltr'><strong>et</strong></span> <span class='ocrx_word' id='word_1_159' title='bbox 2596 954 2887 1021; x_wconf 53' lang='lat' dir='ltr'><strong>praedicans</strong></span> <span class='ocrx_word' id='word_1_160' title='bbox 2910 958 3068 1008; x_wconf 90' lang='lat' dir='ltr'><strong>trium</strong></span> <span class='ocrx_word' id='word_1_161' title='bbox 3096 972 3140 1024; x_wconf 75' lang='grc' dir='ltr'><strong>με</strong></span> <span class='ocrx_word' id='word_1_162' title='bbox 3163 972 3441 1010; x_wconf 87' lang='lat' dir='ltr'><strong>rsottarunt</strong></span> <span class='ocrx_word' id='word_1_163' title='bbox 3458 959 3712 1012; x_wconf 82' lang='lat' dir='ltr'><strong>unitatem</strong></span> 
     </span>
    </p>
   </div>
   <div class='ocr_carea' id='block_1_26' title="bbox 2128 1044 3714 1119">
    <p class='ocr_par' dir='ltr' id='par_1_26' title="bbox 2128 1044 3714 1119">
     <span class='ocr_line' id='line_1_26' title="bbox 2128 1044 3714 1119; baseline 0.006 -24"><span class='ocrx_word' id='word_1_164' title='bbox 2128 1044 2179 1096; x_wconf 90' lang='lat' dir='ltr'><strong>in</strong></span> <span class='ocrx_word' id='word_1_165' title='bbox 2214 1044 2401 1107; x_wconf 87' lang='lat' dir='ltr'><strong>Deum,</strong></span> <span class='ocrx_word' id='word_1_166' title='bbox 2432 1044 2623 1101; x_wconf 84' lang='lat' dir='ltr'><strong>Filium</strong></span> <span class='ocrx_word' id='word_1_167' title='bbox 2665 1064 2691 1098; x_wconf 85' lang='lat' dir='ltr'><strong>a</strong></span> <span class='ocrx_word' id='word_1_168' title='bbox 2722 1049 2877 1103; x_wconf 83' lang='lat' dir='ltr'><strong>Patre</strong></span> <span class='ocrx_word' id='word_1_169' title='bbox 2904 1050 3438 1105; x_wconf 87' lang='lat' dir='ltr'><strong>consubstantialiter</strong></span> <span class='ocrx_word' id='word_1_170' title='bbox 3479 1049 3714 1119; x_wconf 72' lang='lat' dir='ltr'><strong>genitum</strong></span> 
     </span>
    </p>
   </div>
   <div class='ocr_carea' id='block_1_27' title="bbox 2128 1134 3714 1208">
    <p class='ocr_par' dir='ltr' id='par_1_27' title="bbox 2128 1134 3714 1208">
     <span class='ocr_line' id='line_1_27' title="bbox 2128 1134 3714 1208; baseline 0.004 -20"><span class='ocrx_word' id='word_1_171' title='bbox 2128 1149 2270 1199; x_wconf 86' lang='lat' dir='ltr'><strong>esse,</strong></span> <span class='ocrx_word' id='word_1_172' title='bbox 2300 1134 2561 1206; x_wconf 67' lang='lat' dir='ltr'><strong>Spiritum</strong></span> <span class='ocrx_word' id='word_1_173' title='bbox 2593 1147 2835 1192; x_wconf 86' lang='lat' dir='ltr'><strong>sanctum</strong></span> <span class='ocrx_word' id='word_1_174' title='bbox 2892 1142 3329 1208; x_wconf 81' lang='lat' dir='ltr'><strong>inseparabiliter</strong></span> <span class='ocrx_word' id='word_1_175' title='bbox 3375 1158 3417 1207; x_wconf 77' lang='lat' dir='ltr'><strong>a,</strong></span> <span class='ocrx_word' id='word_1_176' title='bbox 3440 1142 3595 1197; x_wconf 85' lang='lat' dir='ltr'><strong>Patre</strong></span> <span class='ocrx_word' id='word_1_177' title='bbox 3625 1143 3714 1196; x_wconf 80' lang='lat' dir='ltr'><strong>Fi-</strong></span> 
     </span>
    </p>
   </div>
   <div class='ocr_carea' id='block_1_28' title="bbox 2130 1226 3715 1303">
    <p class='ocr_par' dir='ltr' id='par_1_28' title="bbox 2130 1226 3715 1303">
     <span class='ocr_line' id='line_1_28' title="bbox 2130 1226 3715 1303; baseline 0.005 -24"><span class='ocrx_word' id='word_1_178' title='bbox 2130 1226 2304 1293; x_wconf 90' lang='lat' dir='ltr'><strong>lioque</strong></span> <span class='ocrx_word' id='word_1_179' title='bbox 2343 1229 2654 1295; x_wconf 87' lang='lat' dir='ltr'><strong>procedere,</strong></span> <span class='ocrx_word' id='word_1_180' title='bbox 2703 1241 2757 1284; x_wconf 90' lang='lat' dir='ltr'><strong>et</strong></span> <span class='ocrx_word' id='word_1_181' title='bbox 2788 1246 2905 1285; x_wconf 90' lang='lat' dir='ltr'><strong>esse</strong></span> <span class='ocrx_word' id='word_1_182' title='bbox 2937 1234 3215 1287; x_wconf 89' lang='lat' dir='ltr'><strong>amborum</strong></span> <span class='ocrx_word' id='word_1_183' title='bbox 3246 1248 3405 1287; x_wconf 89' lang='lat' dir='ltr'><strong>unum</strong></span> <span class='ocrx_word' id='word_1_184' title='bbox 3437 1234 3715 1303; x_wconf 85' lang='lat' dir='ltr'><strong>Spiritum,</strong></span> 
     </span>
    </p>
   </div>
   <div class='ocr_carea' id='block_1_29' title="bbox 2132 1318 2743 1377">
    <p class='ocr_par' dir='ltr' id='par_1_29' title="bbox 2132 1318 2743 1377">
     <span class='ocr_line' id='line_1_29' title="bbox 2132 1318 2743 1377; baseline 0.01 -7"><span class='ocrx_word' id='word_1_185' title='bbox 2132 1318 2270 1371; x_wconf 88' lang='lat' dir='ltr'><strong>unde</strong></span> <span class='ocrx_word' id='word_1_186' title='bbox 2322 1330 2371 1371; x_wconf 90' lang='lat' dir='ltr'><strong>ct</strong></span> <span class='ocrx_word' id='word_1_187' title='bbox 2406 1335 2567 1374; x_wconf 87' lang='lat' dir='ltr'><strong>unum</strong></span> <span class='ocrx_word' id='word_1_188' title='bbox 2598 1332 2743 1377; x_wconf 89' lang='lat' dir='ltr'><strong>sunt.</strong></span> 
     </span>
    </p>
   </div>
   <div class='ocr_carea' id='block_1_30' title="bbox 2201 1407 3718 1482">
    <p class='ocr_par' dir='ltr' id='par_1_30' title="bbox 2201 1407 3718 1482">
     <span class='ocr_line' id='line_1_30' title="bbox 2201 1407 3718 1482; baseline 0.006 -21"><span class='ocrx_word' id='word_1_189' title='bbox 2201 1407 2291 1463; x_wconf 69' lang='grc'><strong>54.</strong></span> <span class='ocrx_word' id='word_1_190' title='bbox 2353 1409 2471 1479; x_wconf 83' lang='lat' dir='ltr'><strong>Egit</strong></span> <span class='ocrx_word' id='word_1_191' title='bbox 2515 1414 2673 1464; x_wconf 90' lang='lat' dir='ltr'><strong>etiam</strong></span> <span class='ocrx_word' id='word_1_192' title='bbox 2707 1413 2938 1482; x_wconf 71' lang='lat' dir='ltr'><strong>g‘orime</strong></span> <span class='ocrx_word' id='word_1_193' title='bbox 2979 1414 3175 1469; x_wconf 84' lang='lat' dir='ltr'><strong>bellum</strong></span> <span class='ocrx_word' id='word_1_194' title='bbox 3206 1415 3462 1471; x_wconf 84' lang='lat' dir='ltr'><strong>adversus</strong></span> <span class='ocrx_word' id='word_1_195' title='bbox 3497 1416 3718 1470; x_wconf 78' lang='lat' dir='ltr'><strong>infestas</strong></span> 
     </span>
    </p>
   </div>
   <div class='ocr_carea' id='block_1_31' title="bbox 2131 1503 3718 1573">
    <p class='ocr_par' dir='ltr' id='par_1_31' title="bbox 2131 1503 3718 1573">
     <span class='ocr_line' id='line_1_31' title="bbox 2131 1503 3718 1573; baseline 0.004 -22"><span class='ocrx_word' id='word_1_196' title='bbox 2131 1510 2317 1568; x_wconf 78' lang='lat' dir='ltr'><strong>gentes</strong></span> <span class='ocrx_word' id='word_1_197' title='bbox 2351 1503 2470 1555; x_wconf 87' lang='lat' dir='ltr'><strong>lidei</strong></span> <span class='ocrx_word' id='word_1_198' title='bbox 2520 1514 2769 1573; x_wconf 88' lang='lat' dir='ltr'><strong>suscepto</strong></span> <span class='ocrx_word' id='word_1_199' title='bbox 2818 1507 3036 1559; x_wconf 79' lang='lat' dir='ltr'><strong>auxilio.</strong></span> <span class='ocrx_word' id='word_1_200' title='bbox 3097 1506 3314 1561; x_wconf 80' lang='lat' dir='ltr'><strong>Francis</strong></span> <span class='ocrx_word' id='word_1_201' title='bbox 3364 1506 3505 1561; x_wconf 88' lang='lat' dir='ltr'><strong>enim</strong></span> <span class='ocrx_word' id='word_1_202' title='bbox 3558 1521 3718 1561; x_wconf 64' lang='lat' dir='ltr'><strong>sesa-</strong></span> 
     </span>
    </p>
   </div>
   <div class='ocr_carea' id='block_1_32' title="bbox 2132 1596 3721 1669">
    <p class='ocr_par' dir='ltr' id='par_1_32' title="bbox 2132 1596 3721 1669">
     <span class='ocr_line' id='line_1_32' title="bbox 2132 1596 3721 1669; baseline 0.006 -23"><span class='ocrx_word' id='word_1_203' title='bbox 2132 1596 2276 1662; x_wconf 88' lang='lat' dir='ltr'><strong>ginta</strong></span> <span class='ocrx_word' id='word_1_204' title='bbox 2327 1596 2492 1651; x_wconf 76' lang='lat' dir='ltr'><strong>ferme</strong></span> <span class='ocrx_word' id='word_1_205' title='bbox 2534 1598 2753 1652; x_wconf 85' lang='lat' dir='ltr'><strong>millium</strong></span> <span class='ocrx_word' id='word_1_206' title='bbox 2811 1610 3132 1654; x_wconf 88' lang='lat' dir='ltr'><strong>armatorum</strong></span> <span class='ocrx_word' id='word_1_207' title='bbox 3183 1600 3350 1669; x_wconf 80' lang='lat' dir='ltr'><strong>eopiis</strong></span> <span class='ocrx_word' id='word_1_208' title='bbox 3403 1600 3603 1655; x_wconf 84' lang='lat' dir='ltr'><strong>Gallias</strong></span> <span class='ocrx_word' id='word_1_209' title='bbox 3647 1601 3721 1655; x_wconf 86' lang='lat' dir='ltr'><strong>ir-</strong></span> 
     </span>
    </p>
   </div>
   <div class='ocr_carea' id='block_1_33' title="bbox 2134 1686 3722 1758">
    <p class='ocr_par' dir='ltr' id='par_1_33' title="bbox 2134 1686 3722 1758">
     <span class='ocr_line' id='line_1_33' title="bbox 2134 1686 3722 1758; baseline 0.001 -19"><span class='ocrx_word' id='word_1_210' title='bbox 2134 1686 2431 1751; x_wconf 90' lang='lat' dir='ltr'><strong>ruentibus,</strong></span> <span class='ocrx_word' id='word_1_211' title='bbox 2485 1687 2652 1741; x_wconf 88' lang='lat' dir='ltr'><strong>misso</strong></span> <span class='ocrx_word' id='word_1_212' title='bbox 2701 1689 2922 1742; x_wconf 85' lang='lat' dir='ltr'><strong>Claudio</strong></span> <span class='ocrx_word' id='word_1_213' title='bbox 2979 1691 3114 1744; x_wconf 90' lang='lat' dir='ltr'><strong>duce</strong></span> <span class='ocrx_word' id='word_1_214' title='bbox 3164 1691 3426 1744; x_wconf 84' lang='lat' dir='ltr'><strong>adversus</strong></span> <span class='ocrx_word' id='word_1_215' title='bbox 3452 1705 3568 1757; x_wconf 87' lang='lat' dir='ltr'><strong>eos,</strong></span> <span class='ocrx_word' id='word_1_216' title='bbox 3599 1690 3722 1758; x_wconf 85' lang='lat' dir='ltr'><strong>glo-</strong></span> 
     </span>
    </p>
   </div>
   <div class='ocr_carea' id='block_1_34' title="bbox 448 1766 3721 1847">
    <p class='ocr_par' dir='ltr' id='par_1_34' title="bbox 448 1766 3721 1847">
     <span class='ocr_line' id='line_1_34' title="bbox 448 1766 3721 1847; baseline 0 -14"><span class='ocrx_word' id='word_1_217' title='bbox 448 1783 593 1835; x_wconf 89' lang='lat' dir='ltr'><strong>tione</strong></span> <span class='ocrx_word' id='word_1_218' title='bbox 639 1778 844 1833; x_wconf 83' lang='lat' dir='ltr'><strong>illectos</strong></span> <span class='ocrx_word' id='word_1_219' title='bbox 871 1791 1000 1829; x_wconf 87' lang='lat' dir='ltr'><strong>auro</strong></span> <span class='ocrx_word' id='word_1_220' title='bbox 1044 1775 1308 1842; x_wconf 82' lang='lat' dir='ltr'><strong>rebusque</strong></span> <span class='ocrx_word' id='word_1_221' title='bbox 1353 1774 1580 1841; x_wconf 81' lang='lat' dir='ltr'><strong>decepit.</strong></span> <span class='ocrx_word' id='word_1_222' title='bbox 1611 1774 1788 1829; x_wconf 85' lang='lat' dir='ltr'><strong>Ausus</strong></span> <span class='ocrx_word' id='word_1_223' title='bbox 1818 1790 2028 1844; x_wconf 89' lang='lat' dir='ltr'><strong>quoque</strong></span> <span class='ocrx_word' id='word_1_224' title='bbox 2062 1766 2105 1825; x_wconf 81' lang='grc' dir='ltr'>Β</span> <span class='ocrx_word' id='word_1_225' title='bbox 2135 1774 2277 1829; x_wconf 91' lang='lat' dir='ltr'><strong>rioso</strong></span> <span class='ocrx_word' id='word_1_226' title='bbox 2336 1777 2681 1844; x_wconf 80' lang='lat' dir='ltr'><strong>triumphavit</strong></span> <span class='ocrx_word' id='word_1_227' title='bbox 2735 1788 2951 1832; x_wconf 89' lang='lat' dir='ltr'><strong>eventu.</strong></span> <span class='ocrx_word' id='word_1_228' title='bbox 3018 1778 3168 1831; x_wconf 88' lang='lat' dir='ltr'><strong>Nulla</strong></span> <span class='ocrx_word' id='word_1_229' title='bbox 3228 1794 3457 1847; x_wconf 87' lang='lat' dir='ltr'><strong>unquam</strong></span> <span class='ocrx_word' id='word_1_230' title='bbox 3516 1779 3569 1832; x_wconf 91' lang='lat' dir='ltr'><strong>in</strong></span> <span class='ocrx_word' id='word_1_231' title='bbox 3626 1780 3721 1833; x_wconf 88' lang='lat' dir='ltr'><strong>lli-</strong></span> 
     </span>
    </p>
   </div>
   <div class='ocr_carea' id='block_1_35' title="bbox 448 1865 2032 1935">
    <p class='ocr_par' dir='ltr' id='par_1_35' title="bbox 448 1865 2032 1935">
     <span class='ocr_line' id='line_1_35' title="bbox 448 1865 2032 1935; baseline -0.002 -10"><span class='ocrx_word' id='word_1_232' title='bbox 448 1874 589 1925; x_wconf 87' lang='lat' dir='ltr'><strong>inter</strong></span> <span class='ocrx_word' id='word_1_233' title='bbox 616 1877 809 1923; x_wconf 62' lang='lat' dir='ltr'><strong>caetera</strong></span> <span class='ocrx_word' id='word_1_234' title='bbox 838 1867 1058 1920; x_wconf 65' lang='lat' dir='ltr'><strong>hmresis</strong></span> <span class='ocrx_word' id='word_1_235' title='bbox 1085 1881 1192 1918; x_wconf 71' lang='lat' dir='ltr'><strong>sua!</strong></span> <span class='ocrx_word' id='word_1_236' title='bbox 1219 1866 1459 1933; x_wconf 84' lang='lat' dir='ltr'><strong>contagia</strong></span> <span class='ocrx_word' id='word_1_237' title='bbox 1490 1865 1649 1918; x_wconf 69' lang='lat' dir='ltr'><strong>ctiam</strong></span> <span class='ocrx_word' id='word_1_238' title='bbox 1703 1867 2032 1935; x_wconf 87' lang='lat' dir='ltr'><strong>rebaptizare</strong></span> 
     </span>
    </p>
   </div>
   <div class='ocr_carea' id='block_1_36' title="bbox 449 1954 2029 2024">
    <p class='ocr_par' dir='ltr' id='par_1_36' title="bbox 449 1954 2029 2024">
     <span class='ocr_line' id='line_1_36' title="bbox 449 1954 2029 2024; baseline -0.003 -8"><span class='ocrx_word' id='word_1_239' title='bbox 449 1959 767 2024; x_wconf 63' lang='lat' dir='ltr'><strong>catholiros,</strong></span> <span class='ocrx_word' id='word_1_240' title='bbox 800 1968 850 2013; x_wconf 90' lang='lat' dir='ltr'><strong>et</strong></span> <span class='ocrx_word' id='word_1_241' title='bbox 893 1973 996 2011; x_wconf 89' lang='lat' dir='ltr'><strong>non</strong></span> <span class='ocrx_word' id='word_1_242' title='bbox 1026 1959 1195 2008; x_wconf 87' lang='lat' dir='ltr'><strong>so&#39;um</strong></span> <span class='ocrx_word' id='word_1_243' title='bbox 1237 1970 1301 2007; x_wconf 82' lang='lat' dir='ltr'><strong>ex</strong></span> <span class='ocrx_word' id='word_1_244' title='bbox 1331 1954 1505 2022; x_wconf 79' lang='lat' dir='ltr'><strong>plebe.</strong></span> <span class='ocrx_word' id='word_1_245' title='bbox 1542 1956 1635 2009; x_wconf 88' lang='lat' dir='ltr'><strong>sed</strong></span> <span class='ocrx_word' id='word_1_246' title='bbox 1664 1956 1825 2010; x_wconf 86' lang='lat' dir='ltr'><strong>etiam</strong></span> <span class='ocrx_word' id='word_1_247' title='bbox 1855 1973 1919 2011; x_wconf 83' lang='lat' dir='ltr'><strong>ex</strong></span> <span class='ocrx_word' id='word_1_248' title='bbox 1949 1973 2029 2011; x_wconf 83' lang='lat' dir='ltr'><strong>sa-</strong></span> 
     </span>
    </p>
   </div>
   <div class='ocr_carea' id='block_1_37' title="bbox 447 2046 2033 2116">
    <p class='ocr_par' dir='ltr' id='par_1_37' title="bbox 447 2046 2033 2116">
     <span class='ocr_line' id='line_1_37' title="bbox 447 2046 2033 2116; baseline -0.001 -11"><span class='ocrx_word' id='word_1_249' title='bbox 447 2050 737 2106; x_wconf 84' lang='lat' dir='ltr'><strong>cerdotalis</strong></span> <span class='ocrx_word' id='word_1_250' title='bbox 767 2047 971 2103; x_wconf 74' lang='lat' dir='ltr'><strong>ordinis</strong></span> <span class='ocrx_word' id='word_1_251' title='bbox 999 2046 1276 2116; x_wconf 73' lang='lat' dir='ltr'><strong>dignitate,</strong></span> <span class='ocrx_word' id='word_1_252' title='bbox 1310 2046 1444 2100; x_wconf 88' lang='lat' dir='ltr'><strong>sicut</strong></span> <span class='ocrx_word' id='word_1_253' title='bbox 1475 2046 1803 2102; x_wconf 55' lang='lat' dir='ltr'><strong>Vinci&#39;ntinm</strong></span> <span class='ocrx_word' id='word_1_254' title='bbox 1828 2049 2033 2104; x_wconf 62' lang='lat' dir='ltr'><strong>Ca&#39;sar-</strong></span> 
     </span>
    </p>
   </div>
   <div class='ocr_carea' id='block_1_38' title="bbox 447 2139 2033 2208">
    <p class='ocr_par' dir='ltr' id='par_1_38' title="bbox 447 2139 2033 2208">
     <span class='ocr_line' id='line_1_38' title="bbox 447 2139 2033 2208; baseline 0.001 -13"><span class='ocrx_word' id='word_1_255' title='bbox 447 2153 818 2207; x_wconf 66' lang='lat' dir='ltr'><strong>amusmnum,</strong></span> <span class='ocrx_word' id='word_1_256' title='bbox 848 2140 915 2193; x_wconf 90' lang='lat' dir='ltr'><strong>de</strong></span> <span class='ocrx_word' id='word_1_257' title='bbox 943 2141 1195 2208; x_wconf 88' lang='lat' dir='ltr'><strong>episcopo</strong></span> <span class='ocrx_word' id='word_1_258' title='bbox 1237 2149 1531 2206; x_wconf 85' lang='lat' dir='ltr'><strong>apostatam</strong></span> <span class='ocrx_word' id='word_1_259' title='bbox 1576 2139 1793 2206; x_wconf 82' lang='lat' dir='ltr'><strong>factum,</strong></span> <span class='ocrx_word' id='word_1_260' title='bbox 1824 2151 1878 2197; x_wconf 90' lang='lat' dir='ltr'><strong>ct</strong></span> <span class='ocrx_word' id='word_1_261' title='bbox 1924 2152 2033 2197; x_wconf 85' lang='lat' dir='ltr'><strong>tati-</strong></span> 
     </span>
    </p>
   </div>
   <div class='ocr_carea' id='block_1_39' title="bbox 449 2230 1551 2304">
    <p class='ocr_par' dir='ltr' id='par_1_39' title="bbox 449 2230 1551 2304">
     <span class='ocr_line' id='line_1_39' title="bbox 449 2230 1551 2304; baseline -0.003 -16"><span class='ocrx_word' id='word_1_262' title='bbox 449 2251 604 2304; x_wconf 88' lang='lat' dir='ltr'><strong>quam</strong></span> <span class='ocrx_word' id='word_1_263' title='bbox 637 2249 663 2286; x_wconf 86' lang='lat' dir='ltr'><strong>a</strong></span> <span class='ocrx_word' id='word_1_264' title='bbox 689 2233 828 2287; x_wconf 70' lang='lat' dir='ltr'><strong>etelo</strong></span> <span class='ocrx_word' id='word_1_265' title='bbox 859 2233 909 2285; x_wconf 88' lang='lat' dir='ltr'><strong>itt</strong></span> <span class='ocrx_word' id='word_1_266' title='bbox 942 2230 1205 2286; x_wconf 75' lang='lat' dir='ltr'><strong>infernum</strong></span> <span class='ocrx_word' id='word_1_267' title='bbox 1237 2230 1551 2299; x_wconf 72' lang='lat' dir='ltr'><strong>projectum.</strong></span> 
     </span>
    </p>
   </div>
   <div class='ocr_carea' id='block_1_40' title="bbox 519 2322 2029 2391">
    <p class='ocr_par' dir='ltr' id='par_1_40' title="bbox 519 2322 2029 2391">
     <span class='ocr_line' id='line_1_40' title="bbox 519 2322 2029 2391; baseline 0.001 -14"><span class='ocrx_word' id='word_1_268' title='bbox 519 2325 606 2379; x_wconf 74' lang='grc'><strong>51.</strong></span> <span class='ocrx_word' id='word_1_269' title='bbox 625 2322 837 2378; x_wconf 79' lang='lat' dir='ltr'><strong>Exstitit</strong></span> <span class='ocrx_word' id='word_1_270' title='bbox 852 2332 1028 2376; x_wconf 87' lang='lat' dir='ltr'><strong>autem</strong></span> <span class='ocrx_word' id='word_1_271' title='bbox 1048 2332 1094 2375; x_wconf 93' lang='lat' dir='ltr'><strong>et</strong></span> <span class='ocrx_word' id='word_1_272' title='bbox 1116 2322 1429 2391; x_wconf 71' lang='lat' dir='ltr'><strong>quibusdam</strong></span> <span class='ocrx_word' id='word_1_273' title='bbox 1445 2336 1662 2376; x_wconf 89' lang='lat' dir='ltr'><strong>suorum</strong></span> <span class='ocrx_word' id='word_1_274' title='bbox 1678 2324 2029 2391; x_wconf 67' lang='lat' dir='ltr'><strong>perntciOsus,</strong></span> 
     </span>
    </p>
   </div>
   <div class='ocr_carea' id='block_1_41' title="bbox 448 2411 2028 2484">
    <p class='ocr_par' dir='ltr' id='par_1_41' title="bbox 448 2411 2028 2484">
     <span class='ocr_line' id='line_1_41' title="bbox 448 2411 2028 2484; baseline -0.004 -13"><span class='ocrx_word' id='word_1_275' title='bbox 448 2432 568 2471; x_wconf 89' lang='lat' dir='ltr'><strong>nam</strong></span> <span class='ocrx_word' id='word_1_276' title='bbox 596 2428 938 2484; x_wconf 67' lang='lat' dir='ltr'><strong>quascunque</strong></span> <span class='ocrx_word' id='word_1_277' title='bbox 969 2414 1329 2467; x_wconf 78' lang='lat' dir='ltr'><strong>nobilissimos</strong></span> <span class='ocrx_word' id='word_1_278' title='bbox 1358 2427 1419 2466; x_wconf 85' lang='lat' dir='ltr'><strong>ac</strong></span> <span class='ocrx_word' id='word_1_279' title='bbox 1458 2411 1858 2480; x_wconf 65' lang='lat' dir='ltr'><strong>potentissimos</strong></span> <span class='ocrx_word' id='word_1_280' title='bbox 1881 2414 2028 2480; x_wconf 82' lang='lat' dir='ltr'><strong>vidit,</strong></span> 
     </span>
    </p>
   </div>
   <div class='ocr_carea' id='block_1_42' title="bbox 446 2505 2033 2578">
    <p class='ocr_par' dir='ltr' id='par_1_42' title="bbox 446 2505 2033 2578">
     <span class='ocr_line' id='line_1_42' title="bbox 446 2505 2033 2578; baseline -0.001 -15"><span class='ocrx_word' id='word_1_281' title='bbox 446 2519 537 2564; x_wconf 88' lang='lat' dir='ltr'><strong>aut</strong></span> <span class='ocrx_word' id='word_1_282' title='bbox 554 2508 728 2578; x_wconf 86' lang='lat' dir='ltr'><strong>capite</strong></span> <span class='ocrx_word' id='word_1_283' title='bbox 753 2507 1036 2573; x_wconf 86' lang='lat' dir='ltr'><strong>truncavit,</strong></span> <span class='ocrx_word' id='word_1_284' title='bbox 1059 2518 1168 2569; x_wconf 83' lang='lat' dir='ltr'><strong>aut,</strong></span> <span class='ocrx_word' id='word_1_285' title='bbox 1192 2505 1380 2574; x_wconf 86' lang='lat' dir='ltr'><strong>opibus</strong></span> <span class='ocrx_word' id='word_1_286' title='bbox 1393 2506 1604 2574; x_wconf 88' lang='lat' dir='ltr'><strong>ablatis,</strong></span> <span class='ocrx_word' id='word_1_287' title='bbox 1632 2509 1962 2577; x_wconf 78' lang='lat' dir='ltr'><strong>proscripsit,</strong></span> <span class='ocrx_word' id='word_1_288' title='bbox 1981 2520 2033 2563; x_wconf 88' lang='lat' dir='ltr'><strong>et</strong></span> 
     </span>
    </p>
   </div>
   <div class='ocr_carea' id='block_1_43' title="bbox 447 2598 2032 2672">
    <p class='ocr_par' dir='ltr' id='par_1_43' title="bbox 447 2598 2032 2672">
     <span class='ocr_line' id='line_1_43' title="bbox 447 2598 2032 2672; baseline -0.001 -16"><span class='ocrx_word' id='word_1_289' title='bbox 447 2601 773 2672; x_wconf 82' lang='lat' dir='ltr'><strong>proscriptos</strong></span> <span class='ocrx_word' id='word_1_290' title='bbox 800 2600 849 2652; x_wconf 85' lang='lat' dir='ltr'><strong>in</strong></span> <span class='ocrx_word' id='word_1_291' title='bbox 878 2600 1126 2655; x_wconf 81' lang='lat' dir='ltr'><strong>exsilium</strong></span> <span class='ocrx_word' id='word_1_292' title='bbox 1159 2599 1228 2651; x_wconf 88' lang='lat' dir='ltr'><strong>mi</strong></span> <span class='ocrx_word' id='word_1_293' title='bbox 1264 2599 1323 2652; x_wconf 90' lang='lat' dir='ltr'><strong>it.</strong></span> <span class='ocrx_word' id='word_1_294' title='bbox 1351 2598 1560 2652; x_wconf 86' lang='lat' dir='ltr'><strong>Fiscutn</strong></span> <span class='ocrx_word' id='word_1_295' title='bbox 1595 2614 1806 2667; x_wconf 88' lang='lat' dir='ltr'><strong>quoque</strong></span> <span class='ocrx_word' id='word_1_296' title='bbox 1831 2605 2032 2666; x_wconf 83' lang='lat' dir='ltr'><strong>primus</strong></span> 
     </span>
    </p>
   </div>
   <div class='ocr_carea' id='block_1_44' title="bbox 448 2689 2029 2757">
    <p class='ocr_par' dir='ltr' id='par_1_44' title="bbox 448 2689 2029 2757">
     <span class='ocr_line' id='line_1_44' title="bbox 448 2689 2029 2757; baseline -0.002 -11"><span class='ocrx_word' id='word_1_297' title='bbox 448 2692 548 2746; x_wconf 83' lang='lat' dir='ltr'><strong>iste</strong></span> <span class='ocrx_word' id='word_1_298' title='bbox 562 2690 925 2756; x_wconf 83' lang='lat' dir='ltr'><strong>locopletavit,</strong></span> <span class='ocrx_word' id='word_1_299' title='bbox 942 2689 1251 2757; x_wconf 85' lang='lat' dir='ltr'><strong>primusque</strong></span> <span class='ocrx_word' id='word_1_300' title='bbox 1269 2689 1514 2742; x_wconf 85' lang='lat' dir='ltr'><strong>a-rarium</strong></span> <span class='ocrx_word' id='word_1_301' title='bbox 1535 2689 1600 2744; x_wconf 91' lang='lat' dir='ltr'><strong>de</strong></span> <span class='ocrx_word' id='word_1_302' title='bbox 1625 2690 1823 2757; x_wconf 79' lang='lat' dir='ltr'><strong>rapinis</strong></span> <span class='ocrx_word' id='word_1_303' title='bbox 1837 2691 2029 2745; x_wconf 86' lang='lat' dir='ltr'><strong>civium</strong></span> 
     </span>
    </p>
   </div>
   <div class='ocr_carea' id='block_1_45' title="bbox 446 2780 2031 2851">
    <p class='ocr_par' dir='ltr' id='par_1_45' title="bbox 446 2780 2031 2851">
     <span class='ocr_line' id='line_1_45' title="bbox 446 2780 2031 2851; baseline -0.001 -14"><span class='ocrx_word' id='word_1_304' title='bbox 446 2784 785 2851; x_wconf 44' lang='lat' dir='ltr'><strong>hostiumque</strong></span> <span class='ocrx_word' id='word_1_305' title='bbox 801 2780 1064 2834; x_wconf 78' lang='lat' dir='ltr'><strong>manubiis</strong></span> <span class='ocrx_word' id='word_1_306' title='bbox 1082 2780 1218 2833; x_wconf 79' lang='lat' dir='ltr'><strong>auxit</strong></span> <span class='ocrx_word' id='word_1_307' title='bbox 1231 2780 1566 2850; x_wconf 63' lang='lat' dir='ltr'><strong>.l’ritttusque</strong></span> <span class='ocrx_word' id='word_1_308' title='bbox 1578 2782 1735 2836; x_wconf 85' lang='lat' dir='ltr'><strong>etiam</strong></span> <span class='ocrx_word' id='word_1_309' title='bbox 1756 2782 1894 2836; x_wconf 89' lang='lat' dir='ltr'><strong>inter</strong></span> <span class='ocrx_word' id='word_1_310' title='bbox 1908 2799 2031 2837; x_wconf 79' lang='lat' dir='ltr'><strong>suos</strong></span> 
     </span>
    </p>
   </div>
   <div class='ocr_carea' id='block_1_46' title="bbox 446 2870 2029 2942">
    <p class='ocr_par' dir='ltr' id='par_1_46' title="bbox 446 2870 2029 2942">
     <span class='ocr_line' id='line_1_46' title="bbox 446 2870 2029 2942; baseline -0.001 -16"><span class='ocrx_word' id='word_1_311' title='bbox 446 2872 609 2942; x_wconf 80' lang='lat' dir='ltr'><strong>regali</strong></span> <span class='ocrx_word' id='word_1_312' title='bbox 641 2879 788 2925; x_wconf 85' lang='lat' dir='ltr'><strong>veste</strong></span> <span class='ocrx_word' id='word_1_313' title='bbox 813 2879 1030 2939; x_wconf 91' lang='lat' dir='ltr'><strong>opertus</strong></span> <span class='ocrx_word' id='word_1_314' title='bbox 1060 2870 1112 2922; x_wconf 89' lang='lat' dir='ltr'><strong>in</strong></span> <span class='ocrx_word' id='word_1_315' title='bbox 1142 2871 1277 2924; x_wconf 89' lang='lat' dir='ltr'><strong>solio</strong></span> <span class='ocrx_word' id='word_1_316' title='bbox 1309 2870 1527 2925; x_wconf 88' lang='lat' dir='ltr'><strong>resedit.</strong></span> <span class='ocrx_word' id='word_1_317' title='bbox 1558 2871 1688 2925; x_wconf 84' lang='lat' dir='ltr'><strong>Nam</strong></span> <span class='ocrx_word' id='word_1_318' title='bbox 1737 2883 1859 2925; x_wconf 90' lang='lat' dir='ltr'><strong>ante</strong></span> <span class='ocrx_word' id='word_1_319' title='bbox 1887 2888 2029 2937; x_wconf 89' lang='lat' dir='ltr'><strong>eum,</strong></span> 
     </span>
    </p>
   </div>
   <div class='ocr_carea' id='block_1_47' title="bbox 445 2960 2031 3031">
    <p class='ocr_par' dir='ltr' id='par_1_47' title="bbox 445 2960 2031 3031">
     <span class='ocr_line' id='line_1_47' title="bbox 445 2960 2031 3031; baseline -0.001 -13"><span class='ocrx_word' id='word_1_320' title='bbox 445 2974 499 3018; x_wconf 89' lang='lat' dir='ltr'><strong>et</strong></span> <span class='ocrx_word' id='word_1_321' title='bbox 546 2963 754 3017; x_wconf 88' lang='lat' dir='ltr'><strong>habitus</strong></span> <span class='ocrx_word' id='word_1_322' title='bbox 792 2972 843 3016; x_wconf 91' lang='lat' dir='ltr'><strong>et</strong></span> <span class='ocrx_word' id='word_1_323' title='bbox 889 2976 1175 3014; x_wconf 57' lang='lat' dir='ltr'><strong>causes-sus</strong></span> <span class='ocrx_word' id='word_1_324' title='bbox 1222 2960 1524 3014; x_wconf 83' lang='lat' dir='ltr'><strong>communis</strong></span> <span class='ocrx_word' id='word_1_325' title='bbox 1562 2973 1618 3015; x_wconf 91' lang='lat' dir='ltr'><strong>ut</strong></span> <span class='ocrx_word' id='word_1_326' title='bbox 1652 2962 1847 3031; x_wconf 85' lang='lat' dir='ltr'><strong>pOpttlu</strong></span> <span class='ocrx_word' id='word_1_327' title='bbox 1878 2964 1945 3015; x_wconf 90' lang='lat' dir='ltr'><strong>ita</strong></span> <span class='ocrx_word' id='word_1_328' title='bbox 1979 2974 2031 3016; x_wconf 87' lang='lat' dir='ltr'><strong>et</strong></span> 
     </span>
    </p>
   </div>
   <div class='ocr_carea' id='block_1_48' title="bbox 445 3054 2025 3128">
    <p class='ocr_par' dir='ltr' id='par_1_48' title="bbox 445 3054 2025 3128">
     <span class='ocr_line' id='line_1_48' title="bbox 445 3054 2025 3128; baseline -0.004 -14"><span class='ocrx_word' id='word_1_329' title='bbox 445 3058 660 3128; x_wconf 79' lang='lat' dir='ltr'><strong>regibus</strong></span> <span class='ocrx_word' id='word_1_330' title='bbox 692 3065 832 3111; x_wconf 86' lang='lat' dir='ltr'><strong>erat.</strong></span> <span class='ocrx_word' id='word_1_331' title='bbox 865 3054 1116 3109; x_wconf 81' lang='lat' dir='ltr'><strong>Condidit</strong></span> <span class='ocrx_word' id='word_1_332' title='bbox 1147 3054 1306 3108; x_wconf 88' lang='lat' dir='ltr'><strong>etiam</strong></span> <span class='ocrx_word' id='word_1_333' title='bbox 1339 3055 1611 3109; x_wconf 88' lang='lat' dir='ltr'><strong>civitatem</strong></span> <span class='ocrx_word' id='word_1_334' title='bbox 1642 3056 1692 3109; x_wconf 93' lang='lat' dir='ltr'><strong>in</strong></span> <span class='ocrx_word' id='word_1_335' title='bbox 1717 3057 2025 3119; x_wconf 86' lang='lat' dir='ltr'><strong>Celtiberia,</strong></span> 
     </span>
    </p>
   </div>
   <div class='ocr_carea' id='block_1_49' title="bbox 2134 1866 3720 1939">
    <p class='ocr_par' dir='ltr' id='par_1_49' title="bbox 2134 1866 3720 1939">
     <span class='ocr_line' id='line_1_49' title="bbox 2134 1866 3720 1939; baseline 0.003 -19"><span class='ocrx_word' id='word_1_336' title='bbox 2134 1866 2332 1936; x_wconf 84' lang='lat' dir='ltr'><strong>spaniis</strong></span> <span class='ocrx_word' id='word_1_337' title='bbox 2362 1868 2657 1923; x_wconf 88' lang='lat' dir='ltr'><strong>Gothorum</strong></span> <span class='ocrx_word' id='word_1_338' title='bbox 2705 1871 2944 1935; x_wconf 87' lang='lat' dir='ltr'><strong>victoria,</strong></span> <span class='ocrx_word' id='word_1_339' title='bbox 2990 1872 3072 1925; x_wconf 92' lang='lat' dir='ltr'><strong>vel</strong></span> <span class='ocrx_word' id='word_1_340' title='bbox 3107 1888 3156 1925; x_wconf 86' lang='lat' dir='ltr'><strong>nt</strong></span> <span class='ocrx_word' id='word_1_341' title='bbox 3196 1872 3275 1939; x_wconf 58' lang='lat' dir='ltr'><strong>jar</strong></span> <span class='ocrx_word' id='word_1_342' title='bbox 3324 1874 3374 1924; x_wconf 90' lang='lat' dir='ltr'><strong>in</strong></span> <span class='ocrx_word' id='word_1_343' title='bbox 3418 1871 3593 1936; x_wconf 80' lang='lat' dir='ltr'><strong>bello,</strong></span> <span class='ocrx_word' id='word_1_344' title='bbox 3636 1874 3720 1927; x_wconf 86' lang='lat' dir='ltr'><strong>vel</strong></span> 
     </span>
    </p>
   </div>
   <div class='ocr_carea' id='block_1_50' title="bbox 2135 1960 3722 2030">
    <p class='ocr_par' dir='ltr' id='par_1_50' title="bbox 2135 1960 3722 2030">
     <span class='ocr_line' id='line_1_50' title="bbox 2135 1960 3722 2030; baseline 0.002 -18"><span class='ocrx_word' id='word_1_345' title='bbox 2135 1960 2323 2012; x_wconf 88' lang='lat' dir='ltr'><strong>similis</strong></span> <span class='ocrx_word' id='word_1_346' title='bbox 2368 1960 2590 2014; x_wconf 74' lang='lat' dir='ltr'><strong>exstitit.</strong></span> <span class='ocrx_word' id='word_1_347' title='bbox 2639 1960 2894 2015; x_wconf 88' lang='lat' dir='ltr'><strong>Prostrati</strong></span> <span class='ocrx_word' id='word_1_348' title='bbox 2938 1972 3061 2016; x_wconf 91' lang='lat' dir='ltr'><strong>sunt</strong></span> <span class='ocrx_word' id='word_1_349' title='bbox 3104 1965 3248 2015; x_wconf 86' lang='lat' dir='ltr'><strong>enim</strong></span> <span class='ocrx_word' id='word_1_350' title='bbox 3279 1974 3329 2015; x_wconf 88' lang='lat' dir='ltr'><strong>et</strong></span> <span class='ocrx_word' id='word_1_351' title='bbox 3368 1964 3507 2030; x_wconf 77' lang='lat' dir='ltr'><strong>capti</strong></span> <span class='ocrx_word' id='word_1_352' title='bbox 3558 1963 3722 2015; x_wconf 86' lang='lat' dir='ltr'><strong>multa</strong></span> 
     </span>
    </p>
   </div>
   <div class='ocr_carea' id='block_1_51' title="bbox 2136 2050 3722 2123">
    <p class='ocr_par' dir='ltr' id='par_1_51' title="bbox 2136 2050 3722 2123">
     <span class='ocr_line' id='line_1_51' title="bbox 2136 2050 3722 2123; baseline 0.004 -21"><span class='ocrx_word' id='word_1_353' title='bbox 2136 2050 2300 2103; x_wconf 82' lang='lat' dir='ltr'><strong>millia</strong></span> <span class='ocrx_word' id='word_1_354' title='bbox 2334 2051 2589 2120; x_wconf 88' lang='lat' dir='ltr'><strong>hostium,</strong></span> <span class='ocrx_word' id='word_1_355' title='bbox 2626 2054 2839 2106; x_wconf 87' lang='lat' dir='ltr'><strong>residua</strong></span> <span class='ocrx_word' id='word_1_356' title='bbox 2884 2069 3010 2108; x_wconf 77' lang='lat' dir='ltr'><strong>vero</strong></span> <span class='ocrx_word' id='word_1_357' title='bbox 3051 2055 3321 2108; x_wconf 81' lang='lat' dir='ltr'><strong>exercitus</strong></span> <span class='ocrx_word' id='word_1_358' title='bbox 3350 2070 3493 2123; x_wconf 85' lang='lat' dir='ltr'><strong>pars,</strong></span> <span class='ocrx_word' id='word_1_359' title='bbox 3528 2064 3722 2122; x_wconf 67' lang='lat' dir='ltr'><strong>praeter</strong></span> 
     </span>
    </p>
   </div>
   <div class='ocr_carea' id='block_1_52' title="bbox 2135 2144 3723 2216">
    <p class='ocr_par' dir='ltr' id='par_1_52' title="bbox 2135 2144 3723 2216">
     <span class='ocr_line' id='line_1_52' title="bbox 2135 2144 3723 2216; baseline 0.004 -21"><span class='ocrx_word' id='word_1_360' title='bbox 2135 2157 2285 2211; x_wconf 83' lang='lat' dir='ltr'><strong>spem</strong></span> <span class='ocrx_word' id='word_1_361' title='bbox 2318 2144 2370 2197; x_wconf 90' lang='lat' dir='ltr'><strong>iu</strong></span> <span class='ocrx_word' id='word_1_362' title='bbox 2400 2144 2572 2214; x_wconf 83' lang='lat' dir='ltr'><strong>iugarn</strong></span> <span class='ocrx_word' id='word_1_363' title='bbox 2606 2161 2781 2211; x_wconf 84' lang='lat' dir='ltr'><strong>versa,</strong></span> <span class='ocrx_word' id='word_1_364' title='bbox 2814 2146 3005 2201; x_wconf 84' lang='lat' dir='ltr'><strong>Gothis</strong></span> <span class='ocrx_word' id='word_1_365' title='bbox 3043 2157 3162 2216; x_wconf 88' lang='lat' dir='ltr'><strong>post</strong></span> <span class='ocrx_word' id='word_1_366' title='bbox 3191 2157 3396 2216; x_wconf 80' lang='lat' dir='ltr'><strong>tergum</strong></span> <span class='ocrx_word' id='word_1_367' title='bbox 3438 2148 3723 2213; x_wconf 79' lang='lat' dir='ltr'><strong>insequen-</strong></span> 
     </span>
    </p>
   </div>
   <div class='ocr_carea' id='block_1_53' title="bbox 2137 2234 3724 2307">
    <p class='ocr_par' dir='ltr' id='par_1_53' title="bbox 2137 2234 3724 2307">
     <span class='ocr_line' id='line_1_53' title="bbox 2137 2234 3724 2307; baseline 0.004 -21"><span class='ocrx_word' id='word_1_368' title='bbox 2137 2234 2299 2301; x_wconf 71' lang='lat' dir='ltr'><strong>tibus,</strong></span> <span class='ocrx_word' id='word_1_369' title='bbox 2360 2250 2527 2303; x_wconf 90' lang='lat' dir='ltr'><strong>usque</strong></span> <span class='ocrx_word' id='word_1_370' title='bbox 2571 2235 2625 2289; x_wconf 90' lang='lat' dir='ltr'><strong>in</strong></span> <span class='ocrx_word' id='word_1_371' title='bbox 2673 2238 2819 2307; x_wconf 80' lang='lat' dir='ltr'><strong>regni</strong></span> <span class='ocrx_word' id='word_1_372' title='bbox 2870 2237 2953 2292; x_wconf 88' lang='lat' dir='ltr'><strong>sui</strong></span> <span class='ocrx_word' id='word_1_373' title='bbox 3006 2237 3200 2291; x_wconf 75' lang='lat' dir='ltr'><strong>finibus</strong></span> <span class='ocrx_word' id='word_1_374' title='bbox 3255 2252 3390 2290; x_wconf 61' lang='lat' dir='ltr'><strong>caisa</strong></span> <span class='ocrx_word' id='word_1_375' title='bbox 3434 2247 3539 2292; x_wconf 89' lang='lat' dir='ltr'><strong>est.</strong></span> <span class='ocrx_word' id='word_1_376' title='bbox 3568 2238 3724 2305; x_wconf 77' lang='lat' dir='ltr'><strong>Sa-pe</strong></span> 
     </span>
    </p>
   </div>
   <div class='ocr_carea' id='block_1_54' title="bbox 2134 2330 3725 2389">
    <p class='ocr_par' dir='ltr' id='par_1_54' title="bbox 2134 2330 3725 2389">
     <span class='ocr_line' id='line_1_54' title="bbox 2134 2330 3725 2389; baseline 0.004 -7"><span class='ocrx_word' id='word_1_377' title='bbox 2134 2332 2294 2382; x_wconf 85' lang='lat' dir='ltr'><strong>etiam</strong></span> <span class='ocrx_word' id='word_1_378' title='bbox 2326 2337 2382 2383; x_wconf 87' lang='lat' dir='ltr'><strong>ct</strong></span> <span class='ocrx_word' id='word_1_379' title='bbox 2423 2330 2652 2385; x_wconf 86' lang='lat' dir='ltr'><strong>lacertos</strong></span> <span class='ocrx_word' id='word_1_380' title='bbox 2708 2344 2895 2387; x_wconf 67' lang='lat' dir='ltr'><strong>contra</strong></span> <span class='ocrx_word' id='word_1_381' title='bbox 2930 2333 3293 2387; x_wconf 82' lang='lat' dir='ltr'><strong>Romanorum</strong></span> <span class='ocrx_word' id='word_1_382' title='bbox 3329 2335 3644 2387; x_wconf 76' lang='lat' dir='ltr'><strong>itistilentias</strong></span> <span class='ocrx_word' id='word_1_383' title='bbox 3671 2344 3725 2389; x_wconf 87' lang='lat' dir='ltr'><strong>et</strong></span> 
     </span>
    </p>
   </div>
   <div class='ocr_carea' id='block_1_55' title="bbox 2137 2420 3724 2493">
    <p class='ocr_par' dir='ltr' id='par_1_55' title="bbox 2137 2420 3724 2493">
     <span class='ocr_line' id='line_1_55' title="bbox 2137 2420 3724 2493; baseline 0.003 -21"><span class='ocrx_word' id='word_1_384' title='bbox 2137 2420 2456 2487; x_wconf 73' lang='lat' dir='ltr'><strong>irruptiones</strong></span> <span class='ocrx_word' id='word_1_385' title='bbox 2487 2421 2783 2475; x_wconf 83' lang='lat' dir='ltr'><strong>Vasconum</strong></span> <span class='ocrx_word' id='word_1_386' title='bbox 2830 2421 3013 2476; x_wconf 72' lang='lat' dir='ltr'><strong>movit.</strong></span> <span class='ocrx_word' id='word_1_387' title='bbox 3051 2420 3200 2477; x_wconf 86' lang='lat' dir='ltr'><strong>Unde</strong></span> <span class='ocrx_word' id='word_1_388' title='bbox 3231 2438 3336 2476; x_wconf 90' lang='lat' dir='ltr'><strong>non</strong></span> <span class='ocrx_word' id='word_1_389' title='bbox 3366 2426 3532 2493; x_wconf 74' lang='lat' dir='ltr'><strong>magis</strong></span> <span class='ocrx_word' id='word_1_390' title='bbox 3584 2423 3724 2478; x_wconf 77' lang='lat' dir='ltr'><strong>bella</strong></span> 
     </span>
    </p>
   </div>
   <div class='ocr_carea' id='block_1_56' title="bbox 2137 2515 3726 2583">
    <p class='ocr_par' dir='ltr' id='par_1_56' title="bbox 2137 2515 3726 2583">
     <span class='ocr_line' id='line_1_56' title="bbox 2137 2515 3726 2583; baseline 0.003 -18"><span class='ocrx_word' id='word_1_391' title='bbox 2137 2520 2416 2578; x_wconf 78' lang='lat' dir='ltr'><strong>tractasse,</strong></span> <span class='ocrx_word' id='word_1_392' title='bbox 2457 2527 2614 2581; x_wconf 85' lang='lat' dir='ltr'><strong>quam</strong></span> <span class='ocrx_word' id='word_1_393' title='bbox 2672 2515 2844 2581; x_wconf 65' lang='lat' dir='ltr'><strong>potius</strong></span> <span class='ocrx_word' id='word_1_394' title='bbox 2886 2524 3121 2583; x_wconf 88' lang='lat' dir='ltr'><strong>gentem,</strong></span> <span class='ocrx_word' id='word_1_395' title='bbox 3173 2515 3325 2583; x_wconf 85' lang='lat' dir='ltr'><strong>quasi</strong></span> <span class='ocrx_word' id='word_1_396' title='bbox 3373 2516 3424 2567; x_wconf 87' lang='lat' dir='ltr'><strong>itt</strong></span> <span class='ocrx_word' id='word_1_397' title='bbox 3464 2515 3726 2583; x_wconf 65' lang='lat' dir='ltr'><strong>palaestra:</strong></span> 
     </span>
    </p>
   </div>
   <div class='ocr_carea' id='block_1_57' title="bbox 2137 2604 3482 2672">
    <p class='ocr_par' dir='ltr' id='par_1_57' title="bbox 2137 2604 3482 2672">
     <span class='ocr_line' id='line_1_57' title="bbox 2137 2604 3482 2672; baseline 0.003 -15"><span class='ocrx_word' id='word_1_398' title='bbox 2137 2604 2259 2658; x_wconf 84' lang='lat' dir='ltr'><strong>ludo</strong></span> <span class='ocrx_word' id='word_1_399' title='bbox 2282 2646 2296 2670; x_wconf 95' lang='lat'><strong>,</strong></span> <span class='ocrx_word' id='word_1_400' title='bbox 2324 2621 2418 2672; x_wconf 87' lang='lat' dir='ltr'><strong>pro</strong></span> <span class='ocrx_word' id='word_1_401' title='bbox 2449 2621 2547 2659; x_wconf 88' lang='lat' dir='ltr'><strong>uso</strong></span> <span class='ocrx_word' id='word_1_402' title='bbox 2576 2607 2890 2660; x_wconf 84' lang='lat' dir='ltr'><strong>certaminis</strong></span> <span class='ocrx_word' id='word_1_403' title='bbox 2918 2606 3127 2661; x_wconf 84' lang='lat' dir='ltr'><strong>videtur</strong></span> <span class='ocrx_word' id='word_1_404' title='bbox 3155 2607 3482 2662; x_wconf 84' lang='lat' dir='ltr'><strong>exercuisse.</strong></span> 
     </span>
    </p>
   </div>
   <div class='ocr_carea' id='block_1_58' title="bbox 2206 2693 3720 2768">
    <p class='ocr_par' dir='ltr' id='par_1_58' title="bbox 2206 2693 3720 2768">
     <span class='ocr_line' id='line_1_58' title="bbox 2206 2693 3720 2768; baseline 0.001 -19"><span class='ocrx_word' id='word_1_405' title='bbox 2206 2693 2296 2749; x_wconf 80' lang='grc'><strong>55.</strong></span> <span class='ocrx_word' id='word_1_406' title='bbox 2332 2696 2640 2750; x_wconf 87' lang='lat' dir='ltr'><strong>Provincias</strong></span> <span class='ocrx_word' id='word_1_407' title='bbox 2667 2708 2842 2751; x_wconf 88' lang='lat' dir='ltr'><strong>autem</strong></span> <span class='ocrx_word' id='word_1_408' title='bbox 2867 2712 3000 2767; x_wconf 86' lang='lat' dir='ltr'><strong>quas</strong></span> <span class='ocrx_word' id='word_1_409' title='bbox 3024 2708 3173 2767; x_wconf 90' lang='lat' dir='ltr'><strong>pater</strong></span> <span class='ocrx_word' id='word_1_410' title='bbox 3196 2699 3338 2752; x_wconf 86' lang='lat' dir='ltr'><strong>bello</strong></span> <span class='ocrx_word' id='word_1_411' title='bbox 3363 2699 3720 2768; x_wconf 78' lang='lat' dir='ltr'><strong>conquisivit,</strong></span> 
     </span>
    </p>
   </div>
   <div class='ocr_carea' id='block_1_59' title="bbox 2135 2787 3723 2858">
    <p class='ocr_par' dir='ltr' id='par_1_59' title="bbox 2135 2787 3723 2858">
     <span class='ocr_line' id='line_1_59' title="bbox 2135 2787 3723 2858; baseline 0.002 -17"><span class='ocrx_word' id='word_1_412' title='bbox 2135 2792 2237 2841; x_wconf 77' lang='lat' dir='ltr'><strong>istc</strong></span> <span class='ocrx_word' id='word_1_413' title='bbox 2254 2802 2384 2855; x_wconf 89' lang='lat' dir='ltr'><strong>pace</strong></span> <span class='ocrx_word' id='word_1_414' title='bbox 2398 2787 2751 2853; x_wconf 82' lang='lat' dir='ltr'><strong>conservavit,</strong></span> <span class='ocrx_word' id='word_1_415' title='bbox 2776 2789 3027 2858; x_wconf 71' lang='lat' dir='ltr'><strong>asquitate</strong></span> <span class='ocrx_word' id='word_1_416' title='bbox 3040 2790 3326 2858; x_wconf 86' lang='lat' dir='ltr'><strong>disposuit,</strong></span> <span class='ocrx_word' id='word_1_417' title='bbox 3354 2790 3723 2844; x_wconf 54' lang='lat' dir='ltr'><strong>moderamine</strong></span> 
     </span>
    </p>
   </div>
   <div class='ocr_carea' id='block_1_60' title="bbox 2136 2877 3722 2947">
    <p class='ocr_par' dir='ltr' id='par_1_60' title="bbox 2136 2877 3722 2947">
     <span class='ocr_line' id='line_1_60' title="bbox 2136 2877 3722 2947; baseline 0 -18"><span class='ocrx_word' id='word_1_418' title='bbox 2136 2878 2292 2929; x_wconf 78' lang='lat' dir='ltr'><strong>rexit.</strong></span> <span class='ocrx_word' id='word_1_419' title='bbox 2330 2877 2448 2930; x_wconf 86' lang='lat' dir='ltr'><strong>Fuit</strong></span> <span class='ocrx_word' id='word_1_420' title='bbox 2480 2886 2655 2931; x_wconf 84' lang='lat' dir='ltr'><strong>autem</strong></span> <span class='ocrx_word' id='word_1_421' title='bbox 2693 2877 2946 2944; x_wconf 85' lang='lat' dir='ltr'><strong>placidus,</strong></span> <span class='ocrx_word' id='word_1_422' title='bbox 2981 2878 3142 2945; x_wconf 89' lang='lat' dir='ltr'><strong>mitis,</strong></span> <span class='ocrx_word' id='word_1_423' title='bbox 3178 2878 3401 2947; x_wconf 72' lang='lat' dir='ltr'><strong>egregia:</strong></span> <span class='ocrx_word' id='word_1_424' title='bbox 3437 2878 3722 2943; x_wconf 73' lang='lat' dir='ltr'><strong>bonitatis;</strong></span> 
     </span>
    </p>
   </div>
   <div class='ocr_carea' id='block_1_61' title="bbox 2139 2969 3725 3040">
    <p class='ocr_par' dir='ltr' id='par_1_61' title="bbox 2139 2969 3725 3040">
     <span class='ocr_line' id='line_1_61' title="bbox 2139 2969 3725 3040; baseline 0.001 -17"><span class='ocrx_word' id='word_1_425' title='bbox 2139 2979 2443 3039; x_wconf 85' lang='lat' dir='ltr'><strong>tantamque</strong></span> <span class='ocrx_word' id='word_1_426' title='bbox 2476 2970 2529 3023; x_wconf 92' lang='lat' dir='ltr'><strong>in</strong></span> <span class='ocrx_word' id='word_1_427' title='bbox 2560 2972 2700 3024; x_wconf 92' lang='lat' dir='ltr'><strong>vultu</strong></span> <span class='ocrx_word' id='word_1_428' title='bbox 2732 2972 2955 3040; x_wconf 84' lang='lat' dir='ltr'><strong>gratiam</strong></span> <span class='ocrx_word' id='word_1_429' title='bbox 2989 2969 3189 3032; x_wconf 87' lang='lat' dir='ltr'><strong>habuit,</strong></span> <span class='ocrx_word' id='word_1_430' title='bbox 3221 2982 3275 3025; x_wconf 90' lang='lat' dir='ltr'><strong>et</strong></span> <span class='ocrx_word' id='word_1_431' title='bbox 3305 2981 3500 3025; x_wconf 84' lang='lat' dir='ltr'><strong>tantam</strong></span> <span class='ocrx_word' id='word_1_432' title='bbox 3527 2973 3579 3025; x_wconf 91' lang='lat' dir='ltr'><strong>in</strong></span> <span class='ocrx_word' id='word_1_433' title='bbox 3609 2972 3725 3025; x_wconf 89' lang='lat' dir='ltr'><strong>aui-</strong></span> 
     </span>
    </p>
   </div>
   <div class='ocr_carea' id='block_1_62' title="bbox 2136 3059 3725 3129">
    <p class='ocr_par' dir='ltr' id='par_1_62' title="bbox 2136 3059 3725 3129">
     <span class='ocr_line' id='line_1_62' title="bbox 2136 3059 3725 3129; baseline 0.001 -17"><span class='ocrx_word' id='word_1_434' title='bbox 2136 3075 2223 3112; x_wconf 91' lang='lat' dir='ltr'><strong>mo</strong></span> <span class='ocrx_word' id='word_1_435' title='bbox 2279 3061 2657 3128; x_wconf 80' lang='lat' dir='ltr'><strong>benignitatem</strong></span> <span class='ocrx_word' id='word_1_436' title='bbox 2703 3060 2886 3129; x_wconf 79' lang='lat' dir='ltr'><strong>geSsit,</strong></span> <span class='ocrx_word' id='word_1_437' title='bbox 2939 3070 2996 3113; x_wconf 91' lang='lat' dir='ltr'><strong>ut</strong></span> <span class='ocrx_word' id='word_1_438' title='bbox 3043 3059 3278 3112; x_wconf 85' lang='lat' dir='ltr'><strong>omnium</strong></span> <span class='ocrx_word' id='word_1_439' title='bbox 3328 3060 3594 3114; x_wconf 74' lang='lat' dir='ltr'><strong>mentibus</strong></span> <span class='ocrx_word' id='word_1_440' title='bbox 3645 3062 3725 3113; x_wconf 85' lang='lat' dir='ltr'><strong>itt-</strong></span> 
     </span>
    </p>
   </div>
   <div class='ocr_carea' id='block_1_63' title="bbox 448 3124 3722 3218">
    <p class='ocr_par' dir='ltr' id='par_1_63' title="bbox 448 3124 3722 3218">
     <span class='ocr_line' id='line_1_63' title="bbox 448 3124 3722 3218; baseline 0.001 -17"><span class='ocrx_word' id='word_1_441' title='bbox 448 3163 603 3218; x_wconf 87' lang='lat' dir='ltr'><strong>quam</strong></span> <span class='ocrx_word' id='word_1_442' title='bbox 653 3162 719 3201; x_wconf 86' lang='lat' dir='ltr'><strong>ex</strong></span> <span class='ocrx_word' id='word_1_443' title='bbox 774 3144 991 3200; x_wconf 86' lang='lat' dir='ltr'><strong>nomine</strong></span> <span class='ocrx_word' id='word_1_444' title='bbox 1047 3144 1136 3197; x_wconf 81' lang='lat' dir='ltr'><strong>ﬁlii</strong></span> <span class='ocrx_word' id='word_1_445' title='bbox 1164 3160 1181 3209; x_wconf 84' lang='lat'><strong>;</strong></span> <span class='ocrx_word' id='word_1_446' title='bbox 1235 3144 1346 3198; x_wconf 80' lang='lat' dir='ltr'><strong>Rcc</strong></span> <span class='ocrx_word' id='word_1_447' title='bbox 1369 3146 1545 3212; x_wconf 68' lang='lat' dir='ltr'><strong>ipolim</strong></span> <span class='ocrx_word' id='word_1_448' title='bbox 1605 3146 1916 3200; x_wconf 89' lang='lat' dir='ltr'><strong>nominavit.</strong></span> <span class='ocrx_word' id='word_1_449' title='bbox 1973 3148 2027 3200; x_wconf 92' lang='lat' dir='ltr'><strong>ln</strong></span> <span class='ocrx_word' id='word_1_450' title='bbox 2058 3124 2105 3186; x_wconf 79' lang='lat' dir='ltr'>C</span> <span class='ocrx_word' id='word_1_451' title='bbox 2135 3152 2326 3213; x_wconf 81' lang='lat' dir='ltr'><strong>tinens,</strong></span> <span class='ocrx_word' id='word_1_452' title='bbox 2349 3154 2506 3205; x_wconf 85' lang='lat' dir='ltr'><strong>etiam</strong></span> <span class='ocrx_word' id='word_1_453' title='bbox 2532 3151 2698 3204; x_wconf 83' lang='lat' dir='ltr'><strong>malos</strong></span> <span class='ocrx_word' id='word_1_454' title='bbox 2718 3152 2783 3203; x_wconf 88' lang='lat' dir='ltr'><strong>ad</strong></span> <span class='ocrx_word' id='word_1_455' title='bbox 2810 3151 3055 3204; x_wconf 72' lang='lat' dir='ltr'><strong>aﬂet-tnm</strong></span> <span class='ocrx_word' id='word_1_456' title='bbox 3077 3152 3277 3203; x_wconf 80' lang='lat' dir='ltr'><strong>amoris</strong></span> <span class='ocrx_word' id='word_1_457' title='bbox 3302 3151 3380 3205; x_wconf 87' lang='lat' dir='ltr'><strong>sui</strong></span> <span class='ocrx_word' id='word_1_458' title='bbox 3404 3152 3722 3207; x_wconf 80' lang='lat' dir='ltr'><strong>attraheret.</strong></span> 
     </span>
    </p>
   </div>
   <div class='ocr_carea' id='block_1_64' title="bbox 449 3236 2035 3310">
    <p class='ocr_par' dir='ltr' id='par_1_64' title="bbox 449 3236 2035 3310">
     <span class='ocr_line' id='line_1_64' title="bbox 449 3236 2035 3310; baseline -0.002 -16"><span class='ocrx_word' id='word_1_459' title='bbox 449 3239 654 3310; x_wconf 86' lang='lat' dir='ltr'><strong>legibus</strong></span> <span class='ocrx_word' id='word_1_460' title='bbox 702 3253 913 3307; x_wconf 80' lang='lat' dir='ltr'><strong>quoque</strong></span> <span class='ocrx_word' id='word_1_461' title='bbox 969 3251 1029 3290; x_wconf 89' lang='lat' dir='ltr'><strong>ea</strong></span> <span class='ocrx_word' id='word_1_462' title='bbox 1080 3252 1199 3305; x_wconf 75' lang='lat' dir='ltr'><strong>qua:</strong></span> <span class='ocrx_word' id='word_1_463' title='bbox 1248 3237 1315 3290; x_wconf 88' lang='lat' dir='ltr'><strong>ab</strong></span> <span class='ocrx_word' id='word_1_464' title='bbox 1362 3236 1553 3291; x_wconf 85' lang='lat' dir='ltr'><strong>Enrico</strong></span> <span class='ocrx_word' id='word_1_465' title='bbox 1601 3237 1872 3292; x_wconf 86' lang='lat' dir='ltr'><strong>incondite</strong></span> <span class='ocrx_word' id='word_1_466' title='bbox 1913 3253 2035 3292; x_wconf 88' lang='lat' dir='ltr'><strong>con-</strong></span> 
     </span>
    </p>
   </div>
   <div class='ocr_carea' id='block_1_65' title="bbox 447 3326 2033 3397">
    <p class='ocr_par' dir='ltr' id='par_1_65' title="bbox 447 3326 2033 3397">
     <span class='ocr_line' id='line_1_65' title="bbox 447 3326 2033 3397; baseline -0.003 -12"><span class='ocrx_word' id='word_1_467' title='bbox 447 3332 632 3386; x_wconf 83' lang='lat' dir='ltr'><strong>stituta</strong></span> <span class='ocrx_word' id='word_1_468' title='bbox 667 3330 1006 3393; x_wconf 85' lang='lat' dir='ltr'><strong>videbantur,</strong></span> <span class='ocrx_word' id='word_1_469' title='bbox 1038 3331 1294 3391; x_wconf 79' lang='lat' dir='ltr'><strong>correxit,</strong></span> <span class='ocrx_word' id='word_1_470' title='bbox 1332 3326 1590 3396; x_wconf 90' lang='lat' dir='ltr'><strong>plurimas</strong></span> <span class='ocrx_word' id='word_1_471' title='bbox 1639 3327 1781 3397; x_wconf 68' lang='lat' dir='ltr'><strong>lege&lt;</strong></span> <span class='ocrx_word' id='word_1_472' title='bbox 1825 3338 2033 3397; x_wconf 63' lang='lat' dir='ltr'><strong>praeter-</strong></span> 
     </span>
    </p>
   </div>
   <div class='ocr_carea' id='block_1_66' title="bbox 448 3420 2035 3490">
    <p class='ocr_par' dir='ltr' id='par_1_66' title="bbox 448 3420 2035 3490">
     <span class='ocr_line' id='line_1_66' title="bbox 448 3420 2035 3490; baseline -0.002 -12"><span class='ocrx_word' id='word_1_473' title='bbox 448 3426 638 3478; x_wconf 86' lang='lat' dir='ltr'><strong>missas</strong></span> <span class='ocrx_word' id='word_1_474' title='bbox 667 3422 941 3490; x_wconf 84' lang='lat' dir='ltr'><strong>adjiciens,</strong></span> <span class='ocrx_word' id='word_1_475' title='bbox 972 3420 1251 3489; x_wconf 78' lang='lat' dir='ltr'><strong>plerasque</strong></span> <span class='ocrx_word' id='word_1_476' title='bbox 1278 3422 1578 3488; x_wconf 83' lang='lat' dir='ltr'><strong>superﬂuas</strong></span> <span class='ocrx_word' id='word_1_477' title='bbox 1610 3420 1886 3476; x_wconf 81' lang='lat' dir='ltr'><strong>auferens.</strong></span> <span class='ocrx_word' id='word_1_478' title='bbox 1931 3420 2035 3475; x_wconf 84' lang='lat' dir='ltr'><strong>Re-</strong></span> 
     </span>
    </p>
   </div>
   <div class='ocr_carea' id='block_1_67' title="bbox 448 3511 2035 3587">
    <p class='ocr_par' dir='ltr' id='par_1_67' title="bbox 448 3511 2035 3587">
     <span class='ocr_line' id='line_1_67' title="bbox 448 3511 2035 3587; baseline -0.001 -16"><span class='ocrx_word' id='word_1_479' title='bbox 448 3520 633 3587; x_wconf 89' lang='lat' dir='ltr'><strong>gnavit</strong></span> <span class='ocrx_word' id='word_1_480' title='bbox 685 3528 861 3570; x_wconf 87' lang='lat' dir='ltr'><strong>autem</strong></span> <span class='ocrx_word' id='word_1_481' title='bbox 910 3530 1035 3568; x_wconf 85' lang='lat' dir='ltr'><strong>ann.</strong></span> <span class='ocrx_word' id='word_1_482' title='bbox 1088 3529 1236 3577; x_wconf 75' lang='lat' dir='ltr'><strong>xvut,</strong></span> <span class='ocrx_word' id='word_1_483' title='bbox 1281 3511 1564 3567; x_wconf 78' lang='lat' dir='ltr'><strong>defunctus</strong></span> <span class='ocrx_word' id='word_1_484' title='bbox 1613 3515 1824 3583; x_wconf 92' lang='lat' dir='ltr'><strong>propria</strong></span> <span class='ocrx_word' id='word_1_485' title='bbox 1862 3526 2035 3570; x_wconf 86' lang='lat' dir='ltr'><strong>morte</strong></span> 
     </span>
    </p>
   </div>
   <div class='ocr_carea' id='block_1_68' title="bbox 450 3610 644 3665">
    <p class='ocr_par' dir='ltr' id='par_1_68' title="bbox 450 3610 644 3665">
     <span class='ocr_line' id='line_1_68' title="bbox 450 3610 644 3665; baseline -0.021 0"><span class='ocrx_word' id='word_1_486' title='bbox 450 3610 644 3665; x_wconf 69' lang='lat' dir='ltr'><strong>Tuleti.</strong></span> 
     </span>
    </p>
   </div>
   <div class='ocr_carea' id='block_1_69' title="bbox 517 3695 2038 3764">
    <p class='ocr_par' dir='ltr' id='par_1_69' title="bbox 517 3695 2038 3764">
     <span class='ocr_line' id='line_1_69' title="bbox 517 3695 2038 3764; baseline -0.006 -6"><span class='ocrx_word' id='word_1_487' title='bbox 517 3703 609 3758; x_wconf 71' lang='lat'><strong>52.</strong></span> <span class='ocrx_word' id='word_1_488' title='bbox 644 3699 769 3756; x_wconf 63' lang='lat' dir='ltr'><strong>Era</strong></span> <span class='ocrx_word' id='word_1_489' title='bbox 812 3711 1020 3762; x_wconf 77' lang='lat' dir='ltr'><strong>ncxxtv,</strong></span> <span class='ocrx_word' id='word_1_490' title='bbox 1068 3711 1194 3749; x_wconf 89' lang='lat' dir='ltr'><strong>ann.</strong></span> <span class='ocrx_word' id='word_1_491' title='bbox 1222 3711 1281 3751; x_wconf 91' lang='grc' dir='ltr'><strong>ιιι</strong></span> <span class='ocrx_word' id='word_1_492' title='bbox 1325 3697 1516 3764; x_wconf 82' lang='lat' dir='ltr'><strong>imper.</strong></span> <span class='ocrx_word' id='word_1_493' title='bbox 1547 3695 1809 3761; x_wconf 79' lang='lat' dir='ltr'><strong>Mauricii,</strong></span> <span class='ocrx_word' id='word_1_494' title='bbox 1850 3696 2038 3752; x_wconf 83' lang='lat' dir='ltr'><strong>Leovi-</strong></span> 
     </span>
    </p>
   </div>
   <div class='ocr_carea' id='block_1_70' title="bbox 450 3786 2038 3865">
    <p class='ocr_par' dir='ltr' id='par_1_70' title="bbox 450 3786 2038 3865">
     <span class='ocr_line' id='line_1_70' title="bbox 450 3786 2038 3865; baseline -0.002 -19"><span class='ocrx_word' id='word_1_495' title='bbox 450 3794 592 3865; x_wconf 89' lang='lat' dir='ltr'><strong>gildo</strong></span> <span class='ocrx_word' id='word_1_496' title='bbox 628 3790 899 3855; x_wconf 70' lang='lat' dir='ltr'><strong>defuncto,</strong></span> <span class='ocrx_word' id='word_1_497' title='bbox 933 3787 1070 3843; x_wconf 78' lang='lat' dir='ltr'><strong>[ilius</strong></span> <span class='ocrx_word' id='word_1_498' title='bbox 1113 3788 1228 3855; x_wconf 88' lang='lat' dir='ltr'><strong>ejus</strong></span> <span class='ocrx_word' id='word_1_499' title='bbox 1270 3786 1571 3842; x_wconf 63' lang='lat' dir='ltr'><strong>liecaredus</strong></span> <span class='ocrx_word' id='word_1_500' title='bbox 1606 3802 1770 3857; x_wconf 76' lang='lat' dir='ltr'><strong>regno</strong></span> <span class='ocrx_word' id='word_1_501' title='bbox 1811 3799 1892 3843; x_wconf 85' lang='lat' dir='ltr'><strong>est</strong></span> <span class='ocrx_word' id='word_1_502' title='bbox 1948 3803 2038 3843; x_wconf 91' lang='lat' dir='ltr'><strong>co-</strong></span> 
     </span>
    </p>
   </div>
   <div class='ocr_carea' id='block_1_71' title="bbox 454 3877 2038 3948">
    <p class='ocr_par' dir='ltr' id='par_1_71' title="bbox 454 3877 2038 3948">
     <span class='ocr_line' id='line_1_71' title="bbox 454 3877 2038 3948; baseline -0.004 -10"><span class='ocrx_word' id='word_1_503' title='bbox 454 3892 694 3947; x_wconf 88' lang='lat' dir='ltr'><strong>ronatus,</strong></span> <span class='ocrx_word' id='word_1_504' title='bbox 738 3882 881 3936; x_wconf 90' lang='lat' dir='ltr'><strong>cultu</strong></span> <span class='ocrx_word' id='word_1_505' title='bbox 939 3878 1191 3948; x_wconf 65' lang='lat' dir='ltr'><strong>praeditus</strong></span> <span class='ocrx_word' id='word_1_506' title='bbox 1222 3877 1509 3947; x_wconf 66' lang='lat' dir='ltr'><strong>religionis,</strong></span> <span class='ocrx_word' id='word_1_507' title='bbox 1553 3888 1606 3933; x_wconf 92' lang='lat' dir='ltr'><strong>et</strong></span> <span class='ocrx_word' id='word_1_508' title='bbox 1636 3879 1871 3947; x_wconf 86' lang='lat' dir='ltr'><strong>paternis</strong></span> <span class='ocrx_word' id='word_1_509' title='bbox 1922 3893 2038 3932; x_wconf 87' lang='lat' dir='ltr'><strong>mo-</strong></span> 
     </span>
    </p>
   </div>
   <div class='ocr_carea' id='block_1_72' title="bbox 454 3968 2042 4041">
    <p class='ocr_par' dir='ltr' id='par_1_72' title="bbox 454 3968 2042 4041">
     <span class='ocr_line' id='line_1_72' title="bbox 454 3968 2042 4041; baseline -0.001 -16"><span class='ocrx_word' id='word_1_510' title='bbox 454 3974 598 4026; x_wconf 86' lang='lat' dir='ltr'><strong>ribus</strong></span> <span class='ocrx_word' id='word_1_511' title='bbox 629 3974 784 4040; x_wconf 87' lang='lat' dir='ltr'><strong>longe</strong></span> <span class='ocrx_word' id='word_1_512' title='bbox 804 3969 1116 4041; x_wconf 82' lang='lat' dir='ltr'><strong>dissimilis.</strong></span> <span class='ocrx_word' id='word_1_513' title='bbox 1152 3970 1390 4038; x_wconf 86' lang='lat' dir='ltr'><strong>Namque</strong></span> <span class='ocrx_word' id='word_1_514' title='bbox 1427 3968 1519 4022; x_wconf 89' lang='lat' dir='ltr'><strong>ille</strong></span> <span class='ocrx_word' id='word_1_515' title='bbox 1566 3969 1898 4039; x_wconf 84' lang='lat' dir='ltr'><strong>irreligiosus</strong></span> <span class='ocrx_word' id='word_1_516' title='bbox 1921 4011 1935 4034; x_wconf 94' lang='lat'><strong>,</strong></span> <span class='ocrx_word' id='word_1_517' title='bbox 1987 3978 2042 4023; x_wconf 86' lang='lat' dir='ltr'><strong>et</strong></span> 
     </span>
    </p>
   </div>
   <div class='ocr_carea' id='block_1_73' title="bbox 455 4061 2037 4129">
    <p class='ocr_par' dir='ltr' id='par_1_73' title="bbox 455 4061 2037 4129">
     <span class='ocr_line' id='line_1_73' title="bbox 455 4061 2037 4129; baseline -0.003 -11"><span class='ocrx_word' id='word_1_518' title='bbox 455 4065 591 4118; x_wconf 82' lang='lat' dir='ltr'><strong>bello</strong></span> <span class='ocrx_word' id='word_1_519' title='bbox 617 4061 1063 4129; x_wconf 87' lang='lat' dir='ltr'><strong>promptissimus,</strong></span> <span class='ocrx_word' id='word_1_520' title='bbox 1089 4061 1174 4114; x_wconf 91' lang='lat' dir='ltr'><strong>hic</strong></span> <span class='ocrx_word' id='word_1_521' title='bbox 1202 4061 1303 4114; x_wconf 77' lang='lat' dir='ltr'><strong>[ide</strong></span> <span class='ocrx_word' id='word_1_522' title='bbox 1335 4061 1450 4129; x_wconf 92' lang='lat' dir='ltr'><strong>pius</strong></span> <span class='ocrx_word' id='word_1_523' title='bbox 1482 4069 1537 4115; x_wconf 88' lang='lat' dir='ltr'><strong>et</strong></span> <span class='ocrx_word' id='word_1_524' title='bbox 1568 4075 1696 4127; x_wconf 89' lang='lat' dir='ltr'><strong>pace</strong></span> <span class='ocrx_word' id='word_1_525' title='bbox 1722 4062 2037 4127; x_wconf 82' lang='lat' dir='ltr'><strong>pra-clarus;</strong></span> 
     </span>
    </p>
   </div>
   <div class='ocr_carea' id='block_1_74' title="bbox 456 4155 2042 4224">
    <p class='ocr_par' dir='ltr' id='par_1_74' title="bbox 456 4155 2042 4224">
     <span class='ocr_line' id='line_1_74' title="bbox 456 4155 2042 4224; baseline -0.001 -16"><span class='ocrx_word' id='word_1_526' title='bbox 456 4157 545 4209; x_wconf 89' lang='lat' dir='ltr'><strong>ille</strong></span> <span class='ocrx_word' id='word_1_527' title='bbox 574 4169 842 4208; x_wconf 90' lang='lat' dir='ltr'><strong>armorum</strong></span> <span class='ocrx_word' id='word_1_528' title='bbox 885 4155 1089 4207; x_wconf 86' lang='lat' dir='ltr'><strong>artibus</strong></span> <span class='ocrx_word' id='word_1_529' title='bbox 1115 4155 1287 4222; x_wconf 87' lang='lat' dir='ltr'><strong>gentis</strong></span> <span class='ocrx_word' id='word_1_530' title='bbox 1339 4155 1621 4224; x_wconf 89' lang='lat' dir='ltr'><strong>imperium</strong></span> <span class='ocrx_word' id='word_1_531' title='bbox 1653 4155 1907 4223; x_wconf 67' lang='lat' dir='ltr'><strong>dilatans,</strong></span> <span class='ocrx_word' id='word_1_532' title='bbox 1956 4156 2042 4207; x_wconf 90' lang='lat' dir='ltr'><strong>hic</strong></span> 
     </span>
    </p>
   </div>
   <div class='ocr_carea' id='block_1_75' title="bbox 456 4243 2038 4314">
    <p class='ocr_par' dir='ltr' id='par_1_75' title="bbox 456 4243 2038 4314">
     <span class='ocr_line' id='line_1_75' title="bbox 456 4243 2038 4314; baseline 0 -16"><span class='ocrx_word' id='word_1_533' title='bbox 456 4244 717 4314; x_wconf 86' lang='lat' dir='ltr'><strong>gloriosus</strong></span> <span class='ocrx_word' id='word_1_534' title='bbox 746 4243 990 4298; x_wconf 88' lang='lat' dir='ltr'><strong>eamdem</strong></span> <span class='ocrx_word' id='word_1_535' title='bbox 1024 4254 1231 4309; x_wconf 79' lang='lat' dir='ltr'><strong>gentem</strong></span> <span class='ocrx_word' id='word_1_536' title='bbox 1282 4243 1403 4297; x_wconf 85' lang='lat' dir='ltr'><strong>tidei</strong></span> <span class='ocrx_word' id='word_1_537' title='bbox 1454 4245 1691 4312; x_wconf 76' lang='lat' dir='ltr'><strong>trnphmo</strong></span> <span class='ocrx_word' id='word_1_538' title='bbox 1722 4245 2038 4299; x_wconf 87' lang='lat' dir='ltr'><strong>sublimans.</strong></span> 
     </span>
    </p>
   </div>
   <div class='ocr_carea' id='block_1_76' title="bbox 457 4334 2041 4404">
    <p class='ocr_par' dir='ltr' id='par_1_76' title="bbox 457 4334 2041 4404">
     <span class='ocr_line' id='line_1_76' title="bbox 457 4334 2041 4404; baseline 0.001 -14"><span class='ocrx_word' id='word_1_539' title='bbox 457 4337 511 4390; x_wconf 92' lang='lat' dir='ltr'><strong>In</strong></span> <span class='ocrx_word' id='word_1_540' title='bbox 544 4335 672 4404; x_wconf 86' lang='lat' dir='ltr'><strong>ipsis</strong></span> <span class='ocrx_word' id='word_1_541' title='bbox 716 4334 856 4389; x_wconf 91' lang='lat' dir='ltr'><strong>enim</strong></span> <span class='ocrx_word' id='word_1_542' title='bbox 908 4334 1050 4401; x_wconf 81' lang='lat' dir='ltr'><strong>regni</strong></span> <span class='ocrx_word' id='word_1_543' title='bbox 1102 4334 1184 4386; x_wconf 90' lang='lat' dir='ltr'><strong>sui</strong></span> <span class='ocrx_word' id='word_1_544' title='bbox 1234 4335 1467 4387; x_wconf 86' lang='lat' dir='ltr'><strong>exordiis</strong></span> <span class='ocrx_word' id='word_1_545' title='bbox 1517 4335 1835 4390; x_wconf 88' lang='lat' dir='ltr'><strong>catholicam</strong></span> <span class='ocrx_word' id='word_1_546' title='bbox 1888 4336 2041 4391; x_wconf 74' lang='lat' dir='ltr'><strong>[idem</strong></span> 
     </span>
    </p>
   </div>
   <div class='ocr_carea' id='block_1_77' title="bbox 458 4427 2040 4499">
    <p class='ocr_par' dir='ltr' id='par_1_77' title="bbox 458 4427 2040 4499">
     <span class='ocr_line' id='line_1_77' title="bbox 458 4427 2040 4499; baseline -0.001 -15"><span class='ocrx_word' id='word_1_547' title='bbox 458 4432 679 4499; x_wconf 77' lang='lat' dir='ltr'><strong>adeptos</strong></span> <span class='ocrx_word' id='word_1_548' title='bbox 710 4428 869 4484; x_wconf 86' lang='lat' dir='ltr'><strong>totius</strong></span> <span class='ocrx_word' id='word_1_549' title='bbox 909 4428 1143 4483; x_wconf 76' lang='lat' dir='ltr'><strong>Gothica:</strong></span> <span class='ocrx_word' id='word_1_550' title='bbox 1169 4427 1342 4497; x_wconf 85' lang='lat' dir='ltr'><strong>gentis</strong></span> <span class='ocrx_word' id='word_1_551' title='bbox 1367 4428 1611 4496; x_wconf 79' lang='lat' dir='ltr'><strong>populos,</strong></span> <span class='ocrx_word' id='word_1_552' title='bbox 1645 4428 1811 4483; x_wconf 91' lang='lat' dir='ltr'><strong>inoliti</strong></span> <span class='ocrx_word' id='word_1_553' title='bbox 1843 4432 2040 4484; x_wconf 87' lang='lat' dir='ltr'><strong>erroris</strong></span> 
     </span>
    </p>
   </div>
   <div class='ocr_carea' id='block_1_78' title="bbox 458 4517 1841 4581">
    <p class='ocr_par' dir='ltr' id='par_1_78' title="bbox 458 4517 1841 4581">
     <span class='ocr_line' id='line_1_78' title="bbox 458 4517 1841 4581; baseline 0 -9"><span class='ocrx_word' id='word_1_554' title='bbox 458 4521 576 4576; x_wconf 86' lang='lat' dir='ltr'><strong>labe</strong></span> <span class='ocrx_word' id='word_1_555' title='bbox 605 4520 844 4581; x_wconf 88' lang='lat' dir='ltr'><strong>deserta,</strong></span> <span class='ocrx_word' id='word_1_556' title='bbox 890 4518 955 4570; x_wconf 88' lang='lat' dir='ltr'><strong>ad</strong></span> <span class='ocrx_word' id='word_1_557' title='bbox 997 4520 1196 4570; x_wconf 83' lang='lat' dir='ltr'><strong>cu&#39;tum</strong></span> <span class='ocrx_word' id='word_1_558' title='bbox 1241 4526 1398 4571; x_wconf 64' lang='lat' dir='ltr'><strong>rectae</strong></span> <span class='ocrx_word' id='word_1_559' title='bbox 1430 4517 1551 4570; x_wconf 73' lang='lat' dir='ltr'><strong>titlei</strong></span> <span class='ocrx_word' id='word_1_560' title='bbox 1605 4529 1841 4572; x_wconf 85' lang='lat' dir='ltr'><strong>revocat.</strong></span> 
     </span>
    </p>
   </div>
   <div class='ocr_carea' id='block_1_79' title="bbox 459 4628 2033 4701">
    <p class='ocr_par' dir='ltr' id='par_1_79' title="bbox 459 4628 2033 4701">
     <span class='ocr_line' id='line_1_79' title="bbox 459 4628 2033 4701; baseline -0.002 -15"><span class='ocrx_word' id='word_1_561' title='bbox 459 4645 753 4701; x_wconf 76' lang='lat' dir='ltr'><strong>temporum</strong></span> <span class='ocrx_word' id='word_1_562' title='bbox 792 4647 895 4684; x_wconf 87' lang='lat' dir='ltr'><strong>non</strong></span> <span class='ocrx_word' id='word_1_563' title='bbox 923 4633 1183 4697; x_wconf 77' lang='lat' dir='ltr'><strong>congruit.</strong></span> <span class='ocrx_word' id='word_1_564' title='bbox 1216 4629 1428 4701; x_wconf 58' lang='lat' dir='ltr'><strong>Grotius</strong></span> <span class='ocrx_word' id='word_1_565' title='bbox 1452 4636 1505 4701; x_wconf 80' lang='lat' dir='ltr'><strong>et</strong></span> <span class='ocrx_word' id='word_1_566' title='bbox 1537 4628 1777 4701; x_wconf 64' lang='lat' dir='ltr'><strong>Lahjietts</strong></span> <span class='ocrx_word' id='word_1_567' title='bbox 1798 4673 1811 4696; x_wconf 91' lang='lat'><strong>,</strong></span> <span class='ocrx_word' id='word_1_568' title='bbox 1846 4631 2033 4699; x_wconf 81' lang='lat' dir='ltr'><strong>adepto</strong></span> 
     </span>
    </p>
   </div>
   <div class='ocr_carea' id='block_1_80' title="bbox 464 4696 2038 4769">
    <p class='ocr_par' dir='ltr' id='par_1_80' title="bbox 464 4696 2038 4769">
     <span class='ocr_line' id='line_1_80' title="bbox 464 4696 2038 4769; baseline -0.003 -11"><span class='ocrx_word' id='word_1_569' title='bbox 464 4696 728 4769; x_wconf 49' lang='lat' dir='ltr'><strong>&quot;inparue:</strong></span> <span class='ocrx_word' id='word_1_570' title='bbox 779 4701 1088 4768; x_wconf 84' lang='lat' dir='ltr'><strong>principatu.</strong></span> <span class='ocrx_word' id='word_1_571' title='bbox 1137 4700 1334 4753; x_wconf 86' lang='lat' dir='ltr'><strong>omisso</strong></span> <span class='ocrx_word' id='word_1_572' title='bbox 1382 4696 1586 4751; x_wconf 72' lang='lat' dir='ltr'><strong>Gallice.</strong></span> <span class='ocrx_word' id='word_1_573' title='bbox 1633 4698 1733 4769; x_wconf 87' lang='lat' dir='ltr'><strong>Pro</strong></span> <span class='ocrx_word' id='word_1_574' title='bbox 1794 4696 2038 4761; x_wconf 75' lang='lat' dir='ltr'><strong>prwclore</strong></span> 
     </span>
    </p>
   </div>
   <div class='ocr_carea' id='block_1_81' title="bbox 459 4768 2031 4836">
    <p class='ocr_par' dir='ltr' id='par_1_81' title="bbox 459 4768 2031 4836">
     <span class='ocr_line' id='line_1_81' title="bbox 459 4768 2031 4836; baseline -0.003 -10"><span class='ocrx_word' id='word_1_575' title='bbox 459 4768 664 4826; x_wconf 82' lang='lat' dir='ltr'><strong>sortitus</strong></span> <span class='ocrx_word' id='word_1_576' title='bbox 684 4780 774 4830; x_wconf 84' lang='lat' dir='ltr'><strong>est,</strong></span> <span class='ocrx_word' id='word_1_577' title='bbox 797 4770 1035 4822; x_wconf 49' lang='lat' dir='ltr'><strong>Lahheus</strong></span> <span class='ocrx_word' id='word_1_578' title='bbox 1058 4769 1231 4836; x_wconf 77' lang='lat' dir='ltr'><strong>prwda</strong></span> <span class='ocrx_word' id='word_1_579' title='bbox 1256 4769 1517 4821; x_wconf 72' lang='lat' dir='ltr'><strong>resortitus</strong></span> <span class='ocrx_word' id='word_1_580' title='bbox 1546 4778 1639 4821; x_wconf 85' lang='lat' dir='ltr'><strong>est.</strong></span> <span class='ocrx_word' id='word_1_581' title='bbox 1668 4768 1765 4821; x_wconf 82' lang='lat' dir='ltr'><strong>Pro</strong></span> <span class='ocrx_word' id='word_1_582' title='bbox 1791 4769 2031 4833; x_wconf 81' lang='lat' dir='ltr'><strong>Saboria,</strong></span> 
     </span>
    </p>
   </div>
   <div class='ocr_carea' id='block_1_82' title="bbox 460 4838 2035 4902">
    <p class='ocr_par' dir='ltr' id='par_1_82' title="bbox 460 4838 2035 4902">
     <span class='ocr_line' id='line_1_82' title="bbox 460 4838 2035 4902; baseline -0.003 -7"><span class='ocrx_word' id='word_1_583' title='bbox 460 4845 547 4895; x_wconf 21' lang='lat' dir='ltr'><strong>alii</strong></span> <span class='ocrx_word' id='word_1_584' title='bbox 574 4842 807 4895; x_wconf 90' lang='lat' dir='ltr'><strong>historici</strong></span> <span class='ocrx_word' id='word_1_585' title='bbox 834 4839 1118 4894; x_wconf 81' lang='lat' dir='ltr'><strong>Sabaudiu.</strong></span> <span class='ocrx_word' id='word_1_586' title='bbox 1155 4840 1444 4902; x_wconf 79' lang='lat' dir='ltr'><strong>Florezius,</strong></span> <span class='ocrx_word' id='word_1_587' title='bbox 1468 4855 1585 4891; x_wconf 90' lang='lat' dir='ltr'><strong>cum</strong></span> <span class='ocrx_word' id='word_1_588' title='bbox 1618 4838 1802 4892; x_wconf 84' lang='lat' dir='ltr'><strong>Grotio</strong></span> <span class='ocrx_word' id='word_1_589' title='bbox 1833 4859 1845 4891; x_wconf 84' lang='lat'><strong>:</strong></span> <span class='ocrx_word' id='word_1_590' title='bbox 1876 4838 2035 4891; x_wconf 82' lang='lat' dir='ltr'><strong>Fudit</strong></span> 
     </span>
    </p>
   </div>
   <div class='ocr_carea' id='block_1_83' title="bbox 460 4908 2037 4982">
    <p class='ocr_par' dir='ltr' id='par_1_83' title="bbox 460 4908 2037 4982">
     <span class='ocr_line' id='line_1_83' title="bbox 460 4908 2037 4982; baseline -0.004 -16"><span class='ocrx_word' id='word_1_591' title='bbox 460 4929 656 4982; x_wconf 83' lang='lat' dir='ltr'><strong>quoque</strong></span> <span class='ocrx_word' id='word_1_592' title='bbox 686 4911 879 4982; x_wconf 64' lang='lat' dir='ltr'><strong>drerw</strong></span> <span class='ocrx_word' id='word_1_593' title='bbox 903 4911 1076 4971; x_wconf 66' lang='grc' dir='ltr'><strong>ιινωιὶυ</strong></span> <span class='ocrx_word' id='word_1_594' title='bbox 1099 4910 1289 4961; x_wconf 70' lang='grc' dir='ltr'><strong>λιιείὶηὶ</strong></span> <span class='ocrx_word' id='word_1_595' title='bbox 1318 4911 1524 4973; x_wconf 78' lang='lat' dir='ltr'><strong>milites,</strong></span> <span class='ocrx_word' id='word_1_596' title='bbox 1561 4925 1692 4982; x_wconf 76' lang='lat' dir='ltr'><strong>quos</strong></span> <span class='ocrx_word' id='word_1_597' title='bbox 1733 4909 1775 4959; x_wconf 77' lang='grc' dir='ltr'><em>Α</em></span> <span class='ocrx_word' id='word_1_598' title='bbox 1799 4908 2037 4981; x_wconf 78' lang='lat' dir='ltr'><strong>liauugil-</strong></span> 
     </span>
    </p>
   </div>
   <div class='ocr_carea' id='block_1_84' title="bbox 460 4979 2031 5048">
    <p class='ocr_par' dir='ltr' id='par_1_84' title="bbox 460 4979 2031 5048">
     <span class='ocr_line' id='line_1_84' title="bbox 460 4979 2031 5048; baseline -0.002 -15"><span class='ocrx_word' id='word_1_599' title='bbox 460 4979 651 5035; x_wconf 31' lang='lat' dir='ltr'><strong>dus’nd</strong></span> <span class='ocrx_word' id='word_1_600' title='bbox 695 4980 941 5048; x_wconf 56' lang='lat' dir='ltr'><strong>auxilium</strong></span> <span class='ocrx_word' id='word_1_601' title='bbox 971 4988 1277 5039; x_wconf 74' lang='lat' dir='ltr'><strong>evocaverat,</strong></span> <span class='ocrx_word' id='word_1_602' title='bbox 1332 4989 1375 5030; x_wconf 70' lang='lat' dir='ltr'><strong>et</strong></span> <span class='ocrx_word' id='word_1_603' title='bbox 1422 4979 1653 5048; x_wconf 76' lang='lat' dir='ltr'><strong>qnwdam</strong></span> <span class='ocrx_word' id='word_1_604' title='bbox 1691 4991 1878 5040; x_wconf 82' lang='lat' dir='ltr'><strong>castra,</strong></span> <span class='ocrx_word' id='word_1_605' title='bbox 1925 4979 2031 5033; x_wconf 78' lang='lat' dir='ltr'><strong>etc.</strong></span> 
     </span>
    </p>
   </div>
   <div class='ocr_carea' id='block_1_85' title="bbox 461 5047 2031 5118">
    <p class='ocr_par' dir='ltr' id='par_1_85' title="bbox 461 5047 2031 5118">
     <span class='ocr_line' id='line_1_85' title="bbox 461 5047 2031 5118; baseline -0.003 -12"><span class='ocrx_word' id='word_1_606' title='bbox 461 5053 535 5107; x_wconf 82' lang='lat' dir='ltr'><strong>De</strong></span> <span class='ocrx_word' id='word_1_607' title='bbox 559 5052 724 5104; x_wconf 80' lang='lat' dir='ltr'><strong>sancti</strong></span> <span class='ocrx_word' id='word_1_608' title='bbox 754 5047 1144 5116; x_wconf 74' lang='lat' dir='ltr'><strong>Hermencgildi</strong></span> <span class='ocrx_word' id='word_1_609' title='bbox 1194 5049 1329 5101; x_wconf 79' lang='lat' dir='ltr'><strong>bello</strong></span> <span class='ocrx_word' id='word_1_610' title='bbox 1360 5058 1412 5101; x_wconf 90' lang='lat' dir='ltr'><strong>et</strong></span> <span class='ocrx_word' id='word_1_611' title='bbox 1445 5048 1710 5118; x_wconf 85' lang='lat' dir='ltr'><strong>martyrio</strong></span> <span class='ocrx_word' id='word_1_612' title='bbox 1730 5050 1903 5101; x_wconf 63' lang='lat' dir='ltr'><strong>NCtlle</strong></span> <span class='ocrx_word' id='word_1_613' title='bbox 1930 5091 1944 5112; x_wconf 93' lang='lat'><strong>,</strong></span> <span class='ocrx_word' id='word_1_614' title='bbox 1990 5050 2031 5102; x_wconf 91' lang='lat' dir='ltr'><strong>si</strong></span> 
     </span>
    </p>
   </div>
   <div class='ocr_carea' id='block_1_86' title="bbox 461 5117 2031 5189">
    <p class='ocr_par' dir='ltr' id='par_1_86' title="bbox 461 5117 2031 5189">
     <span class='ocr_line' id='line_1_86' title="bbox 461 5117 2031 5189; baseline -0.001 -16"><span class='ocrx_word' id='word_1_615' title='bbox 461 5126 652 5189; x_wconf 79' lang='lat' dir='ltr'><strong>placet,</strong></span> <span class='ocrx_word' id='word_1_616' title='bbox 686 5122 824 5175; x_wconf 85' lang='lat' dir='ltr'><strong>dicta</strong></span> <span class='ocrx_word' id='word_1_617' title='bbox 854 5122 905 5171; x_wconf 90' lang='lat' dir='ltr'><strong>in</strong></span> <span class='ocrx_word' id='word_1_618' title='bbox 938 5118 1260 5183; x_wconf 85' lang='lat' dir='ltr'><strong>lsidorianis,</strong></span> <span class='ocrx_word' id='word_1_619' title='bbox 1293 5134 1407 5186; x_wconf 83' lang='lat' dir='ltr'><strong>cap.</strong></span> <span class='ocrx_word' id='word_1_620' title='bbox 1470 5119 1557 5183; x_wconf 79' lang='lat'><strong>79,</strong></span> <span class='ocrx_word' id='word_1_621' title='bbox 1588 5117 1661 5171; x_wconf 31' lang='lat' dir='ltr'><strong>&#39;n.</strong></span> <span class='ocrx_word' id='word_1_622' title='bbox 1691 5117 1762 5170; x_wconf 77' lang='lat'><strong>25</strong></span> <span class='ocrx_word' id='word_1_623' title='bbox 1793 5128 1847 5172; x_wconf 90' lang='lat' dir='ltr'><strong>et</strong></span> <span class='ocrx_word' id='word_1_624' title='bbox 1878 5134 2031 5188; x_wconf 85' lang='lat' dir='ltr'><strong>seqq.</strong></span> 
     </span>
    </p>
   </div>
   <div class='ocr_carea' id='block_1_87' title="bbox 461 5194 629 5246">
    <p class='ocr_par' dir='ltr' id='par_1_87' title="bbox 461 5194 629 5246">
     <span class='ocr_line' id='line_1_87' title="bbox 461 5194 629 5246; baseline 0 -1"><span class='ocrx_word' id='word_1_625' title='bbox 461 5194 629 5246; x_wconf 74' lang='grc' dir='ltr'>Αιιιεν.</span> 
     </span>
    </p>
   </div>
   <div class='ocr_carea' id='block_1_88' title="bbox 531 5257 2035 5325">
    <p class='ocr_par' dir='ltr' id='par_1_88' title="bbox 531 5257 2035 5325">
     <span class='ocr_line' id='line_1_88' title="bbox 531 5257 2035 5325; baseline -0.003 -12"><span class='ocrx_word' id='word_1_626' title='bbox 531 5259 617 5313; x_wconf 80' lang='grc'><strong>51.</strong></span> <span class='ocrx_word' id='word_1_627' title='bbox 648 5258 875 5323; x_wconf 76' lang='lat' dir='ltr'><strong>Exstitit,</strong></span> <span class='ocrx_word' id='word_1_628' title='bbox 902 5267 1002 5311; x_wconf 72' lang='lat' dir='ltr'><strong>etc.</strong></span> <span class='ocrx_word' id='word_1_629' title='bbox 1037 5260 1225 5314; x_wconf 89' lang='lat' dir='ltr'><strong>Sermo</strong></span> <span class='ocrx_word' id='word_1_630' title='bbox 1252 5268 1328 5311; x_wconf 73' lang='grc' dir='ltr'><strong>εει</strong></span> <span class='ocrx_word' id='word_1_631' title='bbox 1361 5257 1426 5310; x_wconf 90' lang='lat' dir='ltr'><strong>de</strong></span> <span class='ocrx_word' id='word_1_632' title='bbox 1458 5257 1780 5325; x_wconf 80' lang='lat' dir='ltr'><strong>Lcovigildo,</strong></span> <span class='ocrx_word' id='word_1_633' title='bbox 1828 5267 1883 5310; x_wconf 90' lang='lat' dir='ltr'><strong>ut</strong></span> <span class='ocrx_word' id='word_1_634' title='bbox 1913 5274 2035 5325; x_wconf 88' lang='lat' dir='ltr'><strong>per-</strong></span> 
     </span>
    </p>
   </div>
   <div class='ocr_carea' id='block_1_89' title="bbox 459 5326 2033 5395">
    <p class='ocr_par' dir='ltr' id='par_1_89' title="bbox 459 5326 2033 5395">
     <span class='ocr_line' id='line_1_89' title="bbox 459 5326 2033 5395; baseline -0.001 -13"><span class='ocrx_word' id='word_1_635' title='bbox 459 5332 703 5393; x_wconf 89' lang='lat' dir='ltr'><strong>spicuum</strong></span> <span class='ocrx_word' id='word_1_636' title='bbox 757 5337 859 5383; x_wconf 77' lang='lat' dir='ltr'><strong>est.</strong></span> <span class='ocrx_word' id='word_1_637' title='bbox 909 5331 1114 5389; x_wconf 75' lang='lat' dir='ltr'><strong>ltiseus,</strong></span> <span class='ocrx_word' id='word_1_638' title='bbox 1166 5341 1291 5380; x_wconf 90' lang='lat' dir='ltr'><strong>tom.</strong></span> <span class='ocrx_word' id='word_1_639' title='bbox 1338 5326 1481 5379; x_wconf 74' lang='lat' dir='ltr'><strong>XXX</strong></span> <span class='ocrx_word' id='word_1_640' title='bbox 1531 5328 1679 5393; x_wconf 79' lang='lat' dir='ltr'><strong>IltSp.</strong></span> <span class='ocrx_word' id='word_1_641' title='bbox 1714 5343 1875 5388; x_wconf 84' lang='lat' dir='ltr'><strong>sacr.,</strong></span> <span class='ocrx_word' id='word_1_642' title='bbox 1914 5343 2033 5395; x_wconf 86' lang='lat' dir='ltr'><strong>pag.</strong></span> 
     </span>
    </p>
   </div>
   <div class='ocr_carea' id='block_1_90' title="bbox 464 5397 2037 5462">
    <p class='ocr_par' dir='ltr' id='par_1_90' title="bbox 464 5397 2037 5462">
     <span class='ocr_line' id='line_1_90' title="bbox 464 5397 2037 5462; baseline -0.001 -11"><span class='ocrx_word' id='word_1_643' title='bbox 464 5398 585 5462; x_wconf 68' lang='lat'><strong>130,</strong></span> <span class='ocrx_word' id='word_1_644' title='bbox 644 5401 834 5451; x_wconf 84' lang='lat' dir='ltr'><strong>merito</strong></span> <span class='ocrx_word' id='word_1_645' title='bbox 887 5400 1227 5460; x_wconf 87' lang='lat' dir='ltr'><strong>reprehendit</strong></span> <span class='ocrx_word' id='word_1_646' title='bbox 1278 5398 1614 5450; x_wconf 81' lang='lat' dir='ltr'><strong>Ambrosium</strong></span> <span class='ocrx_word' id='word_1_647' title='bbox 1671 5397 1931 5462; x_wconf 76' lang='lat' dir='ltr'><strong>Morales,</strong></span> <span class='ocrx_word' id='word_1_648' title='bbox 1982 5407 2037 5449; x_wconf 87' lang='lat' dir='ltr'><strong>et</strong></span> 
     </span>
    </p>
   </div>
   <div class='ocr_carea' id='block_1_91' title="bbox 464 5468 2037 5532">
    <p class='ocr_par' dir='ltr' id='par_1_91' title="bbox 464 5468 2037 5532">
     <span class='ocr_line' id='line_1_91' title="bbox 464 5468 2037 5532; baseline 0 -13"><span class='ocrx_word' id='word_1_649' title='bbox 464 5468 797 5521; x_wconf 81' lang='lat' dir='ltr'><strong>Franciscum</strong></span> <span class='ocrx_word' id='word_1_650' title='bbox 829 5468 895 5521; x_wconf 88' lang='lat' dir='ltr'><strong>de</strong></span> <span class='ocrx_word' id='word_1_651' title='bbox 929 5468 1143 5530; x_wconf 71' lang='lat' dir='ltr'><strong>l’adilla,</strong></span> <span class='ocrx_word' id='word_1_652' title='bbox 1187 5469 1274 5532; x_wconf 90' lang='lat' dir='ltr'><strong>qui</strong></span> <span class='ocrx_word' id='word_1_653' title='bbox 1331 5468 1378 5519; x_wconf 92' lang='lat' dir='ltr'><strong>id</strong></span> <span class='ocrx_word' id='word_1_654' title='bbox 1408 5468 1473 5521; x_wconf 88' lang='lat' dir='ltr'><strong>de</strong></span> <span class='ocrx_word' id='word_1_655' title='bbox 1508 5468 1789 5521; x_wconf 75' lang='lat' dir='ltr'><strong>Vincentio</strong></span> <span class='ocrx_word' id='word_1_656' title='bbox 1819 5470 2037 5521; x_wconf 70' lang='lat' dir='ltr'><strong>Czesar-</strong></span> 
     </span>
    </p>
   </div>
   <div class='ocr_carea' id='block_1_92' title="bbox 462 5544 1327 5605">
    <p class='ocr_par' dir='ltr' id='par_1_92' title="bbox 462 5544 1327 5605">
     <span class='ocr_line' id='line_1_92' title="bbox 462 5544 1327 5605; baseline -0.003 -15"><span class='ocrx_word' id='word_1_657' title='bbox 462 5549 756 5605; x_wconf 65' lang='lat' dir='ltr'><strong>augustano</strong></span> <span class='ocrx_word' id='word_1_658' title='bbox 785 5549 1119 5605; x_wconf 75' lang='lat' dir='ltr'><strong>acet-perant.</strong></span> <span class='ocrx_word' id='word_1_659' title='bbox 1164 5544 1195 5589; x_wconf 77' lang='grc' dir='ltr'>Α</span> <span class='ocrx_word' id='word_1_660' title='bbox 1209 5554 1327 5590; x_wconf 56' lang='grc' dir='ltr'>ιιι-μ’.</span> 
     </span>
    </p>
   </div>
   <div class='ocr_carea' id='block_1_93' title="bbox 535 5605 2032 5670">
    <p class='ocr_par' dir='ltr' id='par_1_93' title="bbox 535 5605 2032 5670">
     <span class='ocr_line' id='line_1_93' title="bbox 535 5605 2032 5670; baseline 0.001 -13"><span class='ocrx_word' id='word_1_661' title='bbox 535 5608 622 5661; x_wconf 72' lang='grc'><strong>52.</strong></span> <span class='ocrx_word' id='word_1_662' title='bbox 666 5609 810 5659; x_wconf 85' lang='lat' dir='ltr'><strong>Anno</strong></span> <span class='ocrx_word' id='word_1_663' title='bbox 842 5618 1039 5670; x_wconf 84' lang='lat' dir='ltr'><strong>quarto.</strong></span> <span class='ocrx_word' id='word_1_664' title='bbox 1076 5614 1147 5659; x_wconf 84' lang='lat' dir='ltr'><strong>tta</strong></span> <span class='ocrx_word' id='word_1_665' title='bbox 1178 5610 1407 5660; x_wconf 81' lang='lat' dir='ltr'><strong>correxit</strong></span> <span class='ocrx_word' id='word_1_666' title='bbox 1457 5605 1726 5659; x_wconf 72' lang='lat' dir='ltr'><strong>Florezins</strong></span> <span class='ocrx_word' id='word_1_667' title='bbox 1756 5623 1817 5660; x_wconf 79' lang='lat' dir='ltr'><strong>ex</strong></span> <span class='ocrx_word' id='word_1_668' title='bbox 1864 5607 1933 5658; x_wconf 63' lang='lat' dir='ltr'><strong>iiii</strong></span> <span class='ocrx_word' id='word_1_669' title='bbox 1956 5607 2032 5659; x_wconf 86' lang='lat' dir='ltr'><strong>la-</strong></span> 
     </span>
    </p>
   </div>
   <div class='ocr_carea' id='block_1_94' title="bbox 466 5676 2036 5745">
    <p class='ocr_par' dir='ltr' id='par_1_94' title="bbox 466 5676 2036 5745">
     <span class='ocr_line' id='line_1_94' title="bbox 466 5676 2036 5745; baseline 0.003 -20"><span class='ocrx_word' id='word_1_670' title='bbox 466 5678 826 5745; x_wconf 32' lang='lat' dir='ltr'><strong>rAensietaliis</strong></span> <span class='ocrx_word' id='word_1_671' title='bbox 860 5678 985 5729; x_wconf 85' lang='lat' dir='ltr'><strong>locis</strong></span> <span class='ocrx_word' id='word_1_672' title='bbox 1019 5679 1172 5745; x_wconf 78' lang='lat' dir='ltr'><strong>lt:.jtts</strong></span> <span class='ocrx_word' id='word_1_673' title='bbox 1204 5676 1471 5737; x_wconf 85' lang='lat' dir='ltr'><strong>Chronici,</strong></span> <span class='ocrx_word' id='word_1_674' title='bbox 1520 5692 1638 5729; x_wconf 87' lang='lat' dir='ltr'><strong>cum</strong></span> <span class='ocrx_word' id='word_1_675' title='bbox 1690 5678 1741 5729; x_wconf 87' lang='lat' dir='ltr'><strong>in</strong></span> <span class='ocrx_word' id='word_1_676' title='bbox 1791 5678 2036 5730; x_wconf 77' lang='lat' dir='ltr'><strong>Editiune</strong></span> 
     </span>
    </p>
   </div>
   <div class='ocr_carea' id='block_1_95' title="bbox 470 5741 2031 5815">
    <p class='ocr_par' dir='ltr' id='par_1_95' title="bbox 470 5741 2031 5815">
     <span class='ocr_line' id='line_1_95' title="bbox 470 5741 2031 5815; baseline 0.001 -21"><span class='ocrx_word' id='word_1_677' title='bbox 470 5741 655 5796; x_wconf 84' lang='lat' dir='ltr'><strong>Crialii</strong></span> <span class='ocrx_word' id='word_1_678' title='bbox 686 5744 947 5810; x_wconf 71' lang='lat' dir='ltr'><strong>legeretur</strong></span> <span class='ocrx_word' id='word_1_679' title='bbox 996 5741 1131 5798; x_wconf 67' lang='lat' dir='ltr'><strong>anno</strong></span> <span class='ocrx_word' id='word_1_680' title='bbox 1178 5758 1340 5799; x_wconf 74' lang='lat' dir='ltr'><strong>tertio.</strong></span> <span class='ocrx_word' id='word_1_681' title='bbox 1400 5748 1498 5799; x_wconf 82' lang='lat' dir='ltr'><strong>l‘ro</strong></span> <span class='ocrx_word' id='word_1_682' title='bbox 1546 5747 1705 5815; x_wconf 76' lang='lat' dir='ltr'><strong>gentis</strong></span> <span class='ocrx_word' id='word_1_683' title='bbox 1746 5747 2031 5815; x_wconf 77' lang='lat' dir='ltr'><strong>imperium,</strong></span> 
     </span>
    </p>
   </div>
   <div class='ocr_carea' id='block_1_96' title="bbox 2136 3242 3724 3311">
    <p class='ocr_par' dir='ltr' id='par_1_96' title="bbox 2136 3242 3724 3311">
     <span class='ocr_line' id='line_1_96' title="bbox 2136 3242 3724 3311; baseline 0.001 -15"><span class='ocrx_word' id='word_1_684' title='bbox 2136 3243 2283 3296; x_wconf 83' lang='lat' dir='ltr'><strong>Adeo</strong></span> <span class='ocrx_word' id='word_1_685' title='bbox 2326 3243 2581 3309; x_wconf 87' lang='lat' dir='ltr'><strong>liberalis,</strong></span> <span class='ocrx_word' id='word_1_686' title='bbox 2614 3251 2672 3297; x_wconf 91' lang='lat' dir='ltr'><strong>ut</strong></span> <span class='ocrx_word' id='word_1_687' title='bbox 2719 3258 2848 3311; x_wconf 85' lang='lat' dir='ltr'><strong>opes</strong></span> <span class='ocrx_word' id='word_1_688' title='bbox 2879 3243 3224 3310; x_wconf 85' lang='lat' dir='ltr'><strong>privatorum,</strong></span> <span class='ocrx_word' id='word_1_689' title='bbox 3262 3252 3317 3297; x_wconf 85' lang='lat' dir='ltr'><strong>et</strong></span> <span class='ocrx_word' id='word_1_690' title='bbox 3362 3242 3724 3297; x_wconf 84' lang='lat' dir='ltr'><strong>Ecclesiarum</strong></span> 
     </span>
    </p>
   </div>
   <div class='ocr_carea' id='block_1_97' title="bbox 2139 3332 3727 3402">
    <p class='ocr_par' dir='ltr' id='par_1_97' title="bbox 2139 3332 3727 3402">
     <span class='ocr_line' id='line_1_97' title="bbox 2139 3332 3727 3402; baseline 0.001 -18"><span class='ocrx_word' id='word_1_691' title='bbox 2139 3335 2354 3402; x_wconf 65' lang='lat' dir='ltr'><strong>praedii,</strong></span> <span class='ocrx_word' id='word_1_692' title='bbox 2404 3349 2519 3399; x_wconf 72' lang='lat' dir='ltr'><strong>qua:</strong></span> <span class='ocrx_word' id='word_1_693' title='bbox 2567 3342 2785 3401; x_wconf 84' lang='lat' dir='ltr'><strong>paterna</strong></span> <span class='ocrx_word' id='word_1_694' title='bbox 2828 3333 2971 3385; x_wconf 48' lang='lat' dir='ltr'><strong>labes</strong></span> <span class='ocrx_word' id='word_1_695' title='bbox 3003 3332 3133 3386; x_wconf 58' lang='lat' dir='ltr'><strong>iisco</strong></span> <span class='ocrx_word' id='word_1_696' title='bbox 3178 3333 3567 3393; x_wconf 77' lang='lat' dir='ltr'><strong>associavemt,</strong></span> <span class='ocrx_word' id='word_1_697' title='bbox 3615 3332 3727 3401; x_wconf 86' lang='lat' dir='ltr'><strong>juri</strong></span> 
     </span>
    </p>
   </div>
   <div class='ocr_carea' id='block_1_98' title="bbox 2137 3420 3727 3493">
    <p class='ocr_par' dir='ltr' id='par_1_98' title="bbox 2137 3420 3727 3493">
     <span class='ocr_line' id='line_1_98' title="bbox 2137 3420 3727 3493; baseline 0 -18"><span class='ocrx_word' id='word_1_698' title='bbox 2137 3424 2355 3493; x_wconf 90' lang='lat' dir='ltr'><strong>proprio</strong></span> <span class='ocrx_word' id='word_1_699' title='bbox 2380 3431 2732 3476; x_wconf 80' lang='lat' dir='ltr'><strong>restauraret.</strong></span> <span class='ocrx_word' id='word_1_700' title='bbox 2764 3420 2911 3475; x_wconf 81' lang='lat' dir='ltr'><strong>Adeo</strong></span> <span class='ocrx_word' id='word_1_701' title='bbox 2941 3421 3198 3486; x_wconf 85' lang='lat' dir='ltr'><strong>clemens,</strong></span> <span class='ocrx_word' id='word_1_702' title='bbox 3226 3430 3283 3474; x_wconf 92' lang='lat' dir='ltr'><strong>ut</strong></span> <span class='ocrx_word' id='word_1_703' title='bbox 3325 3421 3504 3490; x_wconf 79' lang='lat' dir='ltr'><strong>populi</strong></span> <span class='ocrx_word' id='word_1_704' title='bbox 3532 3423 3727 3477; x_wconf 83' lang='lat' dir='ltr'><strong>tributa</strong></span> 
     </span>
    </p>
   </div>
   <div class='ocr_carea' id='block_1_99' title="bbox 2137 3509 3220 3580">
    <p class='ocr_par' dir='ltr' id='par_1_99' title="bbox 2137 3509 3220 3580">
     <span class='ocr_line' id='line_1_99' title="bbox 2137 3509 3220 3580; baseline -0.002 -15"><span class='ocrx_word' id='word_1_705' title='bbox 2137 3527 2279 3579; x_wconf 70' lang='lat' dir='ltr'><strong>saepe</strong></span> <span class='ocrx_word' id='word_1_706' title='bbox 2312 3511 2648 3580; x_wconf 60' lang='lat' dir='ltr'><strong>indulgentiae</strong></span> <span class='ocrx_word' id='word_1_707' title='bbox 2679 3509 2959 3578; x_wconf 85' lang='lat' dir='ltr'><strong>largitione</strong></span> <span class='ocrx_word' id='word_1_708' title='bbox 2989 3511 3220 3563; x_wconf 74' lang='lat' dir='ltr'><strong>laxaret.</strong></span> 
     </span>
    </p>
   </div>
   <div class='ocr_carea' id='block_1_100' title="bbox 2210 3598 3729 3669">
    <p class='ocr_par' dir='ltr' id='par_1_100' title="bbox 2210 3598 3729 3669">
     <span class='ocr_line' id='line_1_100' title="bbox 2210 3598 3729 3669; baseline 0.002 -17"><span class='ocrx_word' id='word_1_709' title='bbox 2210 3598 2301 3654; x_wconf 84' lang='lat'><strong>56.</strong></span> <span class='ocrx_word' id='word_1_710' title='bbox 2322 3600 2513 3654; x_wconf 82' lang='lat' dir='ltr'><strong>Multos</strong></span> <span class='ocrx_word' id='word_1_711' title='bbox 2532 3601 2694 3654; x_wconf 88' lang='lat' dir='ltr'><strong>etiam</strong></span> <span class='ocrx_word' id='word_1_712' title='bbox 2713 3600 2904 3653; x_wconf 86' lang='lat' dir='ltr'><strong>ditavit</strong></span> <span class='ocrx_word' id='word_1_713' title='bbox 2929 3599 3110 3665; x_wconf 90' lang='lat' dir='ltr'><strong>rebus,</strong></span> <span class='ocrx_word' id='word_1_714' title='bbox 3139 3600 3399 3669; x_wconf 87' lang='lat' dir='ltr'><strong>plurimos</strong></span> <span class='ocrx_word' id='word_1_715' title='bbox 3415 3601 3729 3656; x_wconf 85' lang='lat' dir='ltr'><strong>sublituavit</strong></span> 
     </span>
    </p>
   </div>
   <div class='ocr_carea' id='block_1_101' title="bbox 2140 3688 3728 3757">
    <p class='ocr_par' dir='ltr' id='par_1_101' title="bbox 2140 3688 3728 3757">
     <span class='ocr_line' id='line_1_101' title="bbox 2140 3688 3728 3757; baseline 0.002 -15"><span class='ocrx_word' id='word_1_716' title='bbox 2140 3688 2451 3743; x_wconf 85' lang='lat' dir='ltr'><strong>honoribus.</strong></span> <span class='ocrx_word' id='word_1_717' title='bbox 2481 3690 2619 3757; x_wconf 87' lang='lat' dir='ltr'><strong>Opes</strong></span> <span class='ocrx_word' id='word_1_718' title='bbox 2649 3703 2776 3743; x_wconf 90' lang='lat' dir='ltr'><strong>suas</strong></span> <span class='ocrx_word' id='word_1_719' title='bbox 2822 3688 2873 3741; x_wconf 91' lang='lat' dir='ltr'><strong>in</strong></span> <span class='ocrx_word' id='word_1_720' title='bbox 2902 3688 3146 3755; x_wconf 88' lang='lat' dir='ltr'><strong>miseris,</strong></span> <span class='ocrx_word' id='word_1_721' title='bbox 3193 3689 3477 3744; x_wconf 84' lang='lat' dir='ltr'><strong>thesauros</strong></span> <span class='ocrx_word' id='word_1_722' title='bbox 3515 3707 3643 3745; x_wconf 85' lang='lat' dir='ltr'><strong>suos</strong></span> <span class='ocrx_word' id='word_1_723' title='bbox 3674 3693 3728 3744; x_wconf 90' lang='lat' dir='ltr'><strong>in</strong></span> 
     </span>
    </p>
   </div>
   <div class='ocr_carea' id='block_1_102' title="bbox 2138 3778 3728 3850">
    <p class='ocr_par' dir='ltr' id='par_1_102' title="bbox 2138 3778 3728 3850">
     <span class='ocr_line' id='line_1_102' title="bbox 2138 3778 3728 3850; baseline 0.003 -17"><span class='ocrx_word' id='word_1_724' title='bbox 2138 3782 2321 3850; x_wconf 86' lang='lat' dir='ltr'><strong>egenis</strong></span> <span class='ocrx_word' id='word_1_725' title='bbox 2350 3780 2669 3843; x_wconf 89' lang='lat' dir='ltr'><strong>recondens,</strong></span> <span class='ocrx_word' id='word_1_726' title='bbox 2702 3779 2879 3834; x_wconf 81' lang='lat' dir='ltr'><strong>sciens</strong></span> <span class='ocrx_word' id='word_1_727' title='bbox 2908 3780 2973 3834; x_wconf 87' lang='lat' dir='ltr'><strong>ad</strong></span> <span class='ocrx_word' id='word_1_728' title='bbox 3003 3779 3118 3836; x_wconf 60' lang='lat' dir='ltr'><strong>hac</strong></span> <span class='ocrx_word' id='word_1_729' title='bbox 3165 3781 3241 3835; x_wconf 92' lang='lat' dir='ltr'><strong>illi</strong></span> <span class='ocrx_word' id='word_1_730' title='bbox 3282 3778 3447 3836; x_wconf 79' lang='lat' dir='ltr'><strong>fuisse</strong></span> <span class='ocrx_word' id='word_1_731' title='bbox 3475 3783 3728 3837; x_wconf 84' lang='lat' dir='ltr'><strong>collatum</strong></span> 
     </span>
    </p>
   </div>
   <div class='ocr_carea' id='block_1_103' title="bbox 2142 3872 3730 3941">
    <p class='ocr_par' dir='ltr' id='par_1_103' title="bbox 2142 3872 3730 3941">
     <span class='ocr_line' id='line_1_103' title="bbox 2142 3872 3730 3941; baseline 0.002 -17"><span class='ocrx_word' id='word_1_732' title='bbox 2142 3888 2383 3941; x_wconf 87' lang='lat' dir='ltr'><strong>regnum,</strong></span> <span class='ocrx_word' id='word_1_733' title='bbox 2406 3882 2463 3927; x_wconf 90' lang='lat' dir='ltr'><strong>ut</strong></span> <span class='ocrx_word' id='word_1_734' title='bbox 2483 3885 2549 3927; x_wconf 90' lang='lat' dir='ltr'><strong>eo</strong></span> <span class='ocrx_word' id='word_1_735' title='bbox 2561 3872 2847 3925; x_wconf 86' lang='lat' dir='ltr'><strong>salubriter</strong></span> <span class='ocrx_word' id='word_1_736' title='bbox 2866 3872 3146 3937; x_wconf 75' lang='lat' dir='ltr'><strong>frueretur,</strong></span> <span class='ocrx_word' id='word_1_737' title='bbox 3168 3872 3321 3926; x_wconf 88' lang='lat' dir='ltr'><strong>bonis</strong></span> <span class='ocrx_word' id='word_1_738' title='bbox 3341 3873 3507 3927; x_wconf 90' lang='lat' dir='ltr'><strong>initiis</strong></span> <span class='ocrx_word' id='word_1_739' title='bbox 3528 3873 3730 3928; x_wconf 84' lang='lat' dir='ltr'><strong>bonum</strong></span> 
     </span>
    </p>
   </div>
   <div class='ocr_carea' id='block_1_104' title="bbox 2142 3963 3731 4032">
    <p class='ocr_par' dir='ltr' id='par_1_104' title="bbox 2142 3963 3731 4032">
     <span class='ocr_line' id='line_1_104' title="bbox 2142 3963 3731 4032; baseline 0.002 -17"><span class='ocrx_word' id='word_1_740' title='bbox 2142 3965 2298 4017; x_wconf 87' lang='lat' dir='ltr'><strong>tinem</strong></span> <span class='ocrx_word' id='word_1_741' title='bbox 2328 3964 2572 4031; x_wconf 88' lang='lat' dir='ltr'><strong>adeptus.</strong></span> <span class='ocrx_word' id='word_1_742' title='bbox 2596 3963 2781 4018; x_wconf 53' lang='lat' dir='ltr'><strong>Fiz&#39;em</strong></span> <span class='ocrx_word' id='word_1_743' title='bbox 2801 3966 2942 4016; x_wconf 91' lang='lat' dir='ltr'><strong>enim</strong></span> <span class='ocrx_word' id='word_1_744' title='bbox 2974 3972 3133 4017; x_wconf 75' lang='lat' dir='ltr'><strong>rectm</strong></span> <span class='ocrx_word' id='word_1_745' title='bbox 3162 3964 3364 4031; x_wconf 59' lang='lat' dir='ltr'><strong>gloria},</strong></span> <span class='ocrx_word' id='word_1_746' title='bbox 3398 3980 3555 4032; x_wconf 87' lang='lat' dir='ltr'><strong>quam</strong></span> <span class='ocrx_word' id='word_1_747' title='bbox 3578 3964 3731 4018; x_wconf 84' lang='lat' dir='ltr'><strong>initio</strong></span> 
     </span>
    </p>
   </div>
   <div class='ocr_carea' id='block_1_105' title="bbox 2144 4052 3730 4123">
    <p class='ocr_par' dir='ltr' id='par_1_105' title="bbox 2144 4052 3730 4123">
     <span class='ocr_line' id='line_1_105' title="bbox 2144 4052 3730 4123; baseline 0.001 -17"><span class='ocrx_word' id='word_1_748' title='bbox 2144 4054 2288 4123; x_wconf 86' lang='lat' dir='ltr'><strong>regni</strong></span> <span class='ocrx_word' id='word_1_749' title='bbox 2319 4055 2588 4122; x_wconf 86' lang='lat' dir='ltr'><strong>percepit,</strong></span> <span class='ocrx_word' id='word_1_750' title='bbox 2617 4054 2902 4107; x_wconf 76' lang='lat' dir='ltr'><strong>novissime</strong></span> <span class='ocrx_word' id='word_1_751' title='bbox 2932 4052 3140 4121; x_wconf 87' lang='lat' dir='ltr'><strong>publica</strong></span> <span class='ocrx_word' id='word_1_752' title='bbox 3164 4054 3503 4109; x_wconf 77' lang='lat' dir='ltr'><strong>confessione</strong></span> <span class='ocrx_word' id='word_1_753' title='bbox 3551 4055 3730 4123; x_wconf 68' lang='lat' dir='ltr'><strong>pani-</strong></span> 
     </span>
    </p>
   </div>
   <div class='ocr_carea' id='block_1_106' title="bbox 2144 4144 3730 4216">
    <p class='ocr_par' dir='ltr' id='par_1_106' title="bbox 2144 4144 3730 4216">
     <span class='ocr_line' id='line_1_106' title="bbox 2144 4144 3730 4216; baseline -0.001 -17"><span class='ocrx_word' id='word_1_754' title='bbox 2144 4147 2323 4201; x_wconf 77' lang='lat' dir='ltr'><strong>tentia:</strong></span> <span class='ocrx_word' id='word_1_755' title='bbox 2368 4147 2674 4199; x_wconf 81' lang='lat' dir='ltr'><strong>cumulavit.</strong></span> <span class='ocrx_word' id='word_1_756' title='bbox 2710 4145 2881 4199; x_wconf 87' lang='lat' dir='ltr'><strong>Toleti</strong></span> <span class='ocrx_word' id='word_1_757' title='bbox 2916 4144 3021 4198; x_wconf 79' lang='lat' dir='ltr'><strong>(ine</strong></span> <span class='ocrx_word' id='word_1_758' title='bbox 3072 4144 3292 4214; x_wconf 75' lang='lat' dir='ltr'><strong>pacilioo</strong></span> <span class='ocrx_word' id='word_1_759' title='bbox 3342 4146 3580 4213; x_wconf 83' lang='lat' dir='ltr'><strong>transiit,</strong></span> <span class='ocrx_word' id='word_1_760' title='bbox 3634 4146 3730 4216; x_wconf 84' lang='lat' dir='ltr'><strong>qui</strong></span> 
     </span>
    </p>
   </div>
   <div class='ocr_carea' id='block_1_107' title="bbox 2144 4239 2704 4305">
    <p class='ocr_par' dir='ltr' id='par_1_107' title="bbox 2144 4239 2704 4305">
     <span class='ocr_line' id='line_1_107' title="bbox 2144 4239 2704 4305; baseline -0.004 -14"><span class='ocrx_word' id='word_1_761' title='bbox 2144 4239 2382 4305; x_wconf 82' lang='lat' dir='ltr'><strong>regnavit</strong></span> <span class='ocrx_word' id='word_1_762' title='bbox 2411 4252 2579 4290; x_wconf 89' lang='lat' dir='ltr'><strong>annos</strong></span> <span class='ocrx_word' id='word_1_763' title='bbox 2614 4252 2704 4289; x_wconf 75' lang='lat' dir='ltr'><strong>xv.</strong></span> 
     </span>
    </p>
   </div>
   <div class='ocr_carea' id='block_1_108' title="bbox 2220 4324 3728 4398">
    <p class='ocr_par' dir='ltr' id='par_1_108' title="bbox 2220 4324 3728 4398">
     <span class='ocr_line' id='line_1_108' title="bbox 2220 4324 3728 4398; baseline 0.001 -19"><span class='ocrx_word' id='word_1_764' title='bbox 2220 4327 2377 4398; x_wconf 79' lang='lat'><strong>126</strong></span> <span class='ocrx_word' id='word_1_765' title='bbox 2414 4326 2501 4379; x_wconf 82' lang='grc'><strong>57.</strong></span> <span class='ocrx_word' id='word_1_766' title='bbox 2529 4324 2658 4378; x_wconf 66' lang='grc' dir='ltr'><strong>Ᾱῧω</strong></span> <span class='ocrx_word' id='word_1_767' title='bbox 2690 4340 2940 4391; x_wconf 75' lang='lat' dir='ltr'><strong>ncxxxtx,</strong></span> <span class='ocrx_word' id='word_1_768' title='bbox 2970 4340 3065 4379; x_wconf 92' lang='lat' dir='ltr'><strong>an.</strong></span> <span class='ocrx_word' id='word_1_769' title='bbox 3095 4324 3305 4394; x_wconf 89' lang='lat' dir='ltr'><strong>imperii</strong></span> <span class='ocrx_word' id='word_1_770' title='bbox 3340 4326 3575 4382; x_wconf 67' lang='lat' dir='ltr'><strong>Mauricii</strong></span> <span class='ocrx_word' id='word_1_771' title='bbox 3610 4344 3728 4393; x_wconf 75' lang='lat' dir='ltr'><strong>xu,</strong></span> 
     </span>
    </p>
   </div>
   <div class='ocr_carea' id='block_1_109' title="bbox 2146 4418 3728 4488">
    <p class='ocr_par' dir='ltr' id='par_1_109' title="bbox 2146 4418 3728 4488">
     <span class='ocr_line' id='line_1_109' title="bbox 2146 4418 3728 4488; baseline 0.003 -16"><span class='ocrx_word' id='word_1_772' title='bbox 2146 4429 2263 4487; x_wconf 56' lang='lat' dir='ltr'><strong>post</strong></span> <span class='ocrx_word' id='word_1_773' title='bbox 2293 4418 2619 4472; x_wconf 81' lang='lat' dir='ltr'><strong>Rccaredum</strong></span> <span class='ocrx_word' id='word_1_774' title='bbox 2646 4432 2821 4486; x_wconf 84' lang='lat' dir='ltr'><strong>regem</strong></span> <span class='ocrx_word' id='word_1_775' title='bbox 2854 4428 3039 4487; x_wconf 85' lang='lat' dir='ltr'><strong>regnat</strong></span> <span class='ocrx_word' id='word_1_776' title='bbox 3072 4418 3230 4472; x_wconf 87' lang='lat' dir='ltr'><strong>Liuva</strong></span> <span class='ocrx_word' id='word_1_777' title='bbox 3257 4419 3396 4473; x_wconf 83' lang='lat' dir='ltr'><strong>titius</strong></span> <span class='ocrx_word' id='word_1_778' title='bbox 3416 4421 3530 4488; x_wconf 90' lang='lat' dir='ltr'><strong>ejus</strong></span> <span class='ocrx_word' id='word_1_779' title='bbox 3549 4436 3635 4477; x_wconf 86' lang='lat' dir='ltr'><strong>an.</strong></span> <span class='ocrx_word' id='word_1_780' title='bbox 3665 4439 3728 4486; x_wconf 88' lang='lat' dir='ltr'><strong>tt,</strong></span> 
     </span>
    </p>
   </div>
   <div class='ocr_carea' id='block_1_110' title="bbox 2147 4508 3728 4578">
    <p class='ocr_par' dir='ltr' id='par_1_110' title="bbox 2147 4508 3728 4578">
     <span class='ocr_line' id='line_1_110' title="bbox 2147 4508 3728 4578; baseline 0.003 -17"><span class='ocrx_word' id='word_1_781' title='bbox 2147 4508 2360 4576; x_wconf 83' lang='lat' dir='ltr'><strong>ignobili</strong></span> <span class='ocrx_word' id='word_1_782' title='bbox 2404 4508 2617 4576; x_wconf 86' lang='lat' dir='ltr'><strong>quidem</strong></span> <span class='ocrx_word' id='word_1_783' title='bbox 2671 4518 2840 4562; x_wconf 87' lang='lat' dir='ltr'><strong>matre</strong></span> <span class='ocrx_word' id='word_1_784' title='bbox 2895 4511 3241 4578; x_wconf 81' lang='lat' dir='ltr'><strong>progenitus,</strong></span> <span class='ocrx_word' id='word_1_785' title='bbox 3282 4511 3377 4564; x_wconf 85' lang='lat' dir='ltr'><strong>sed</strong></span> <span class='ocrx_word' id='word_1_786' title='bbox 3418 4512 3728 4566; x_wconf 75' lang='lat' dir='ltr'><strong>Vtrttttisitt-</strong></span> 
     </span>
    </p>
   </div>
   <div class='ocr_carea' id='block_1_111' title="bbox 2139 4621 3730 4690">
    <p class='ocr_par' dir='ltr' id='par_1_111' title="bbox 2139 4621 3730 4690">
     <span class='ocr_line' id='line_1_111' title="bbox 2139 4621 3730 4690; baseline 0.002 -17"><span class='ocrx_word' id='word_1_787' title='bbox 2139 4622 2227 4675; x_wconf 88' lang='lat' dir='ltr'><strong>alii</strong></span> <span class='ocrx_word' id='word_1_788' title='bbox 2257 4632 2453 4690; x_wconf 70' lang='lat' dir='ltr'><strong>gentem</strong></span> <span class='ocrx_word' id='word_1_789' title='bbox 2482 4621 2716 4687; x_wconf 77' lang='lat' dir='ltr'><strong>imperio.</strong></span> <span class='ocrx_word' id='word_1_790' title='bbox 2751 4621 2852 4675; x_wconf 86' lang='lat' dir='ltr'><strong>Pro</strong></span> <span class='ocrx_word' id='word_1_791' title='bbox 2875 4621 3096 4680; x_wconf 78' lang='lat' dir='ltr'><strong>detersa,</strong></span> <span class='ocrx_word' id='word_1_792' title='bbox 3126 4621 3418 4685; x_wconf 81' lang='lat' dir='ltr'><strong>Florezius,</strong></span> <span class='ocrx_word' id='word_1_793' title='bbox 3452 4637 3573 4676; x_wconf 89' lang='lat' dir='ltr'><strong>cum</strong></span> <span class='ocrx_word' id='word_1_794' title='bbox 3602 4624 3730 4676; x_wconf 72' lang='lat' dir='ltr'><strong>lidi-</strong></span> 
     </span>
    </p>
   </div>
   <div class='ocr_carea' id='block_1_112' title="bbox 2143 4690 3728 4756">
    <p class='ocr_par' dir='ltr' id='par_1_112' title="bbox 2143 4690 3728 4756">
     <span class='ocr_line' id='line_1_112' title="bbox 2143 4690 3728 4756; baseline 0.001 -13"><span class='ocrx_word' id='word_1_795' title='bbox 2143 4692 2287 4745; x_wconf 90' lang='lat' dir='ltr'><strong>tione</strong></span> <span class='ocrx_word' id='word_1_796' title='bbox 2313 4690 2520 4755; x_wconf 82' lang='lat' dir='ltr'><strong>Grialii,</strong></span> <span class='ocrx_word' id='word_1_797' title='bbox 2554 4692 2773 4744; x_wconf 77' lang='lat' dir='ltr'><strong>deserta.</strong></span> <span class='ocrx_word' id='word_1_798' title='bbox 2794 4692 3009 4745; x_wconf 82' lang='lat' dir='ltr'><strong>Grotius</strong></span> <span class='ocrx_word' id='word_1_799' title='bbox 3031 4733 3045 4756; x_wconf 83' lang='lat'><strong>,</strong></span> <span class='ocrx_word' id='word_1_800' title='bbox 3064 4692 3308 4744; x_wconf 84' lang='lat' dir='ltr'><strong>Lahbeus</strong></span> <span class='ocrx_word' id='word_1_801' title='bbox 3336 4701 3389 4745; x_wconf 89' lang='lat' dir='ltr'><strong>et</strong></span> <span class='ocrx_word' id='word_1_802' title='bbox 3415 4705 3605 4745; x_wconf 87' lang='lat' dir='ltr'><strong>auctor</strong></span> <span class='ocrx_word' id='word_1_803' title='bbox 3635 4694 3728 4744; x_wconf 70' lang='lat' dir='ltr'><strong>Vi-</strong></span> 
     </span>
    </p>
   </div>
   <div class='ocr_carea' id='block_1_113' title="bbox 2141 4761 3731 4828">
    <p class='ocr_par' dir='ltr' id='par_1_113' title="bbox 2141 4761 3731 4828">
     <span class='ocr_line' id='line_1_113' title="bbox 2141 4761 3731 4828; baseline 0.003 -15"><span class='ocrx_word' id='word_1_804' title='bbox 2141 4774 2205 4813; x_wconf 73' lang='lat' dir='ltr'><strong>ta:</strong></span> <span class='ocrx_word' id='word_1_805' title='bbox 2234 4761 2403 4813; x_wconf 83' lang='lat' dir='ltr'><strong>sancti</strong></span> <span class='ocrx_word' id='word_1_806' title='bbox 2434 4761 2640 4826; x_wconf 85' lang='lat' dir='ltr'><strong>lsidori,</strong></span> <span class='ocrx_word' id='word_1_807' title='bbox 2690 4761 2828 4828; x_wconf 85' lang='lat' dir='ltr'><strong>apud</strong></span> <span class='ocrx_word' id='word_1_808' title='bbox 2884 4762 3279 4827; x_wconf 71' lang='lat' dir='ltr'><strong>liollantlianos,</strong></span> <span class='ocrx_word' id='word_1_809' title='bbox 3331 4766 3552 4817; x_wconf 78' lang='lat' dir='ltr'><strong>detersa.</strong></span> <span class='ocrx_word' id='word_1_810' title='bbox 3589 4763 3731 4817; x_wconf 65' lang='lat' dir='ltr'><strong>Vide</strong></span> 
     </span>
    </p>
   </div>
   <div class='ocr_carea' id='block_1_114' title="bbox 2140 4829 3730 4901">
    <p class='ocr_par' dir='ltr' id='par_1_114' title="bbox 2140 4829 3730 4901">
     <span class='ocr_line' id='line_1_114' title="bbox 2140 4829 3730 4901; baseline 0.001 -18"><span class='ocrx_word' id='word_1_811' title='bbox 2140 4842 2317 4884; x_wconf 89' lang='lat' dir='ltr'><strong>notam</strong></span> <span class='ocrx_word' id='word_1_812' title='bbox 2341 4832 2404 4882; x_wconf 89' lang='lat' dir='ltr'><strong>ad</strong></span> <span class='ocrx_word' id='word_1_813' title='bbox 2438 4846 2583 4901; x_wconf 71' lang='lat' dir='ltr'><strong>num.</strong></span> <span class='ocrx_word' id='word_1_814' title='bbox 2612 4832 2675 4901; x_wconf 69' lang='lat'><strong>15</strong></span> <span class='ocrx_word' id='word_1_815' title='bbox 2701 4829 2855 4896; x_wconf 80' lang='lat' dir='ltr'><strong>hujus</strong></span> <span class='ocrx_word' id='word_1_816' title='bbox 2889 4832 3017 4883; x_wconf 70' lang='lat' dir='ltr'><strong>Viue</strong></span> <span class='ocrx_word' id='word_1_817' title='bbox 3053 4836 3101 4883; x_wconf 91' lang='lat' dir='ltr'><strong>itt</strong></span> <span class='ocrx_word' id='word_1_818' title='bbox 3144 4832 3469 4898; x_wconf 86' lang='lat' dir='ltr'><strong>lsidorianis,</strong></span> <span class='ocrx_word' id='word_1_819' title='bbox 3516 4847 3730 4901; x_wconf 83' lang='lat' dir='ltr'><strong>appen-</strong></span> 
     </span>
    </p>
   </div>
   <div class='ocr_carea' id='block_1_115' title="bbox 2138 4899 2809 4966">
    <p class='ocr_par' dir='ltr' id='par_1_115' title="bbox 2138 4899 2809 4966">
     <span class='ocr_line' id='line_1_115' title="bbox 2138 4899 2809 4966; baseline -0.007 -11"><span class='ocrx_word' id='word_1_820' title='bbox 2138 4902 2257 4955; x_wconf 85' lang='lat' dir='ltr'><strong>dice</strong></span> <span class='ocrx_word' id='word_1_821' title='bbox 2284 4902 2335 4966; x_wconf 73' lang='lat'><strong>2,</strong></span> <span class='ocrx_word' id='word_1_822' title='bbox 2373 4911 2503 4954; x_wconf 90' lang='lat' dir='ltr'><strong>tom.</strong></span> <span class='ocrx_word' id='word_1_823' title='bbox 2540 4900 2603 4953; x_wconf 94' lang='lat' dir='ltr'><strong>ll.</strong></span> <span class='ocrx_word' id='word_1_824' title='bbox 2637 4899 2809 4951; x_wconf 74' lang='lat' dir='ltr'><strong>Asev.</strong></span> 
     </span>
    </p>
   </div>
   <div class='ocr_carea' id='block_1_116' title="bbox 2212 4967 3731 5037">
    <p class='ocr_par' dir='ltr' id='par_1_116' title="bbox 2212 4967 3731 5037">
     <span class='ocr_line' id='line_1_116' title="bbox 2212 4967 3731 5037; baseline -0.001 -12"><span class='ocrx_word' id='word_1_825' title='bbox 2212 4970 2299 5025; x_wconf 68' lang='lat'><strong>53.</strong></span> <span class='ocrx_word' id='word_1_826' title='bbox 2346 4969 2612 5024; x_wconf 82' lang='lat' dir='ltr'><strong>Florezius</strong></span> <span class='ocrx_word' id='word_1_827' title='bbox 2661 4986 2779 5021; x_wconf 76' lang='lat' dir='ltr'><strong>rum</strong></span> <span class='ocrx_word' id='word_1_828' title='bbox 2836 4967 3037 5029; x_wconf 84' lang='lat' dir='ltr'><strong>Grotio,</strong></span> <span class='ocrx_word' id='word_1_829' title='bbox 3080 4972 3327 5024; x_wconf 75' lang='lat' dir='ltr'><strong>unitatem</strong></span> <span class='ocrx_word' id='word_1_830' title='bbox 3364 4971 3417 5023; x_wconf 84' lang='lat' dir='ltr'><strong>in</strong></span> <span class='ocrx_word' id='word_1_831' title='bbox 3454 4969 3581 5037; x_wconf 82' lang='lat' dir='ltr'><strong>Deo,</strong></span> <span class='ocrx_word' id='word_1_832' title='bbox 3624 4967 3731 5023; x_wconf 77' lang='lat' dir='ltr'><strong>Fi-</strong></span> 
     </span>
    </p>
   </div>
   <div class='ocr_carea' id='block_1_117' title="bbox 2138 5037 3563 5103">
    <p class='ocr_par' dir='ltr' id='par_1_117' title="bbox 2138 5037 3563 5103">
     <span class='ocr_line' id='line_1_117' title="bbox 2138 5037 3563 5103; baseline -0.001 -8"><span class='ocrx_word' id='word_1_833' title='bbox 2138 5041 2285 5095; x_wconf 80' lang='lat' dir='ltr'><strong>lium.</strong></span> <span class='ocrx_word' id='word_1_834' title='bbox 2319 5040 2581 5103; x_wconf 81' lang='lat' dir='ltr'><strong>Labbeus,</strong></span> <span class='ocrx_word' id='word_1_835' title='bbox 2609 5049 2872 5102; x_wconf 67' lang='lat' dir='ltr'><strong>un&#39;tatem,</strong></span> <span class='ocrx_word' id='word_1_836' title='bbox 2912 5037 3072 5092; x_wconf 81' lang='lat' dir='ltr'><strong>Deum</strong></span> <span class='ocrx_word' id='word_1_837' title='bbox 3103 5040 3316 5093; x_wconf 75' lang='lat' dir='ltr'><strong>Filium.</strong></span> <span class='ocrx_word' id='word_1_838' title='bbox 3350 5045 3522 5095; x_wconf 59' lang='grc' dir='ltr'>Αιιειο.</span> <span class='ocrx_word' id='word_1_839' title='bbox 3556 5088 3563 5094; x_wconf 90' lang='grc'><strong>.</strong></span> 
     </span>
    </p>
   </div>
   <div class='ocr_carea' id='block_1_118' title="bbox 2209 5108 3735 5178">
    <p class='ocr_par' dir='ltr' id='par_1_118' title="bbox 2209 5108 3735 5178">
     <span class='ocr_line' id='line_1_118' title="bbox 2209 5108 3735 5178; baseline 0.001 -14"><span class='ocrx_word' id='word_1_840' title='bbox 2209 5112 2296 5165; x_wconf 69' lang='grc'><strong>54.</strong></span> <span class='ocrx_word' id='word_1_841' title='bbox 2340 5110 2461 5173; x_wconf 86' lang='lat' dir='ltr'><strong>Alii,</strong></span> <span class='ocrx_word' id='word_1_842' title='bbox 2512 5110 2632 5178; x_wconf 78' lang='lat' dir='ltr'><strong>fidei</strong></span> <span class='ocrx_word' id='word_1_843' title='bbox 2666 5119 2914 5174; x_wconf 66' lang='lat' dir='ltr'><strong>suscepta:</strong></span> <span class='ocrx_word' id='word_1_844' title='bbox 2953 5110 3169 5164; x_wconf 75' lang='lat' dir='ltr'><strong>auxilio.</strong></span> <span class='ocrx_word' id='word_1_845' title='bbox 3208 5112 3311 5165; x_wconf 84' lang='lat' dir='ltr'><strong>Pro</strong></span> <span class='ocrx_word' id='word_1_846' title='bbox 3350 5115 3521 5163; x_wconf 81' lang='lat' dir='ltr'><strong>movit.</strong></span> <span class='ocrx_word' id='word_1_847' title='bbox 3572 5108 3735 5165; x_wconf 75' lang='lat' dir='ltr'><strong>Unde</strong></span> 
     </span>
    </p>
   </div>
   <div class='ocr_carea' id='block_1_119' title="bbox 2139 5178 3733 5247">
    <p class='ocr_par' dir='ltr' id='par_1_119' title="bbox 2139 5178 3733 5247">
     <span class='ocr_line' id='line_1_119' title="bbox 2139 5178 3733 5247; baseline 0.001 -15"><span class='ocrx_word' id='word_1_848' title='bbox 2139 5180 2249 5245; x_wconf 88' lang='lat' dir='ltr'><strong>alii,</strong></span> <span class='ocrx_word' id='word_1_849' title='bbox 2282 5182 2453 5233; x_wconf 85' lang='lat' dir='ltr'><strong>movit.</strong></span> <span class='ocrx_word' id='word_1_850' title='bbox 2511 5180 2626 5234; x_wconf 83' lang='lat' dir='ltr'><strong>Ubi.</strong></span> <span class='ocrx_word' id='word_1_851' title='bbox 2677 5182 2748 5233; x_wconf 73' lang='lat' dir='ltr'><strong>Ex</strong></span> <span class='ocrx_word' id='word_1_852' title='bbox 2781 5178 2941 5232; x_wconf 86' lang='lat' dir='ltr'><strong>Floro</strong></span> <span class='ocrx_word' id='word_1_853' title='bbox 2969 5183 3176 5234; x_wconf 79' lang='lat' dir='ltr'><strong>videtur</strong></span> <span class='ocrx_word' id='word_1_854' title='bbox 3204 5192 3472 5247; x_wconf 86' lang='lat' dir='ltr'><strong>sumptum</strong></span> <span class='ocrx_word' id='word_1_855' title='bbox 3521 5196 3733 5234; x_wconf 75' lang='lat' dir='ltr'><strong>morere</strong></span> 
     </span>
    </p>
   </div>
   <div class='ocr_carea' id='block_1_120' title="bbox 2138 5248 3731 5321">
    <p class='ocr_par' dir='ltr' id='par_1_120' title="bbox 2138 5248 3731 5321">
     <span class='ocr_line' id='line_1_120' title="bbox 2138 5248 3731 5321; baseline 0.001 -18"><span class='ocrx_word' id='word_1_856' title='bbox 2138 5251 2355 5303; x_wconf 74' lang='lat' dir='ltr'><strong>lacertos</strong></span> <span class='ocrx_word' id='word_1_857' title='bbox 2385 5254 2434 5303; x_wconf 90' lang='lat' dir='ltr'><strong>in</strong></span> <span class='ocrx_word' id='word_1_858' title='bbox 2469 5250 2572 5305; x_wconf 80' lang='lat' dir='ltr'><strong>line</strong></span> <span class='ocrx_word' id='word_1_859' title='bbox 2620 5250 2909 5321; x_wconf 26' lang='lat' dir='ltr'><strong>promiiiii:</strong></span> <span class='ocrx_word' id='word_1_860' title='bbox 2953 5248 3304 5313; x_wconf 85' lang='lat' dir='ltr'><strong>Imperium...</strong></span> <span class='ocrx_word' id='word_1_861' title='bbox 3330 5252 3447 5321; x_wconf 17' lang='lat' dir='ltr'><strong>fault</strong></span> <span class='ocrx_word' id='word_1_862' title='bbox 3490 5250 3731 5321; x_wconf 78' lang='lat' dir='ltr'><strong>Trojano</strong></span> 
     </span>
    </p>
   </div>
   <div class='ocr_carea' id='block_1_121' title="bbox 2138 5320 3728 5391">
    <p class='ocr_par' dir='ltr' id='par_1_121' title="bbox 2138 5320 3728 5391">
     <span class='ocr_line' id='line_1_121' title="bbox 2138 5320 3728 5391; baseline -0.001 -19"><span class='ocrx_word' id='word_1_863' title='bbox 2138 5324 2367 5391; x_wconf 78' lang='lat' dir='ltr'><strong>principe</strong></span> <span class='ocrx_word' id='word_1_864' title='bbox 2395 5333 2552 5375; x_wconf 77' lang='lat' dir='ltr'><strong>mmet</strong></span> <span class='ocrx_word' id='word_1_865' title='bbox 2585 5322 2817 5374; x_wconf 79' lang='lat' dir='ltr'><strong>lacertos.</strong></span> <span class='ocrx_word' id='word_1_866' title='bbox 2852 5320 2954 5375; x_wconf 86' lang='lat' dir='ltr'><strong>Pro</strong></span> <span class='ocrx_word' id='word_1_867' title='bbox 2986 5322 3295 5389; x_wconf 77' lang='lat' dir='ltr'><strong>certaminis,</strong></span> <span class='ocrx_word' id='word_1_868' title='bbox 3326 5320 3570 5376; x_wconf 84' lang='lat' dir='ltr'><strong>Labbeus</strong></span> <span class='ocrx_word' id='word_1_869' title='bbox 3594 5320 3728 5372; x_wconf 64' lang='lat' dir='ltr'><strong>nti-</strong></span> 
     </span>
    </p>
   </div>
   <div class='ocr_carea' id='block_1_122' title="bbox 2138 5393 2518 5445">
    <p class='ocr_par' dir='ltr' id='par_1_122' title="bbox 2138 5393 2518 5445">
     <span class='ocr_line' id='line_1_122' title="bbox 2138 5393 2518 5445; baseline 0.005 -2"><span class='ocrx_word' id='word_1_870' title='bbox 2138 5393 2317 5445; x_wconf 82' lang='lat' dir='ltr'><strong>litatis.</strong></span> <span class='ocrx_word' id='word_1_871' title='bbox 2349 5394 2518 5445; x_wconf 73' lang='lat' dir='ltr'><strong>Anev.</strong></span> 
     </span>
    </p>
   </div>
   <div class='ocr_carea' id='block_1_123' title="bbox 2211 5458 3731 5527">
    <p class='ocr_par' dir='ltr' id='par_1_123' title="bbox 2211 5458 3731 5527">
     <span class='ocr_line' id='line_1_123' title="bbox 2211 5458 3731 5527; baseline -0.001 -14"><span class='ocrx_word' id='word_1_872' title='bbox 2211 5460 2300 5517; x_wconf 70' lang='grc'><strong>55.</strong></span> <span class='ocrx_word' id='word_1_873' title='bbox 2346 5461 2623 5515; x_wconf 83' lang='lat' dir='ltr'><strong>Florczius</strong></span> <span class='ocrx_word' id='word_1_874' title='bbox 2646 5461 2897 5514; x_wconf 89' lang='lat' dir='ltr'><strong>nonnulla</strong></span> <span class='ocrx_word' id='word_1_875' title='bbox 2928 5461 3148 5525; x_wconf 81' lang='lat' dir='ltr'><strong>addidit,</strong></span> <span class='ocrx_word' id='word_1_876' title='bbox 3176 5477 3291 5527; x_wconf 66' lang='lat' dir='ltr'><strong>quin</strong></span> <span class='ocrx_word' id='word_1_877' title='bbox 3322 5461 3567 5514; x_wconf 81' lang='lat' dir='ltr'><strong>Labbeus</strong></span> <span class='ocrx_word' id='word_1_878' title='bbox 3590 5458 3731 5513; x_wconf 78' lang='lat' dir='ltr'><strong>eba-</strong></span> 
     </span>
    </p>
   </div>
   <div class='ocr_carea' id='block_1_124' title="bbox 2139 5530 3730 5601">
    <p class='ocr_par' dir='ltr' id='par_1_124' title="bbox 2139 5530 3730 5601">
     <span class='ocr_line' id='line_1_124' title="bbox 2139 5530 3730 5601; baseline -0.003 -14"><span class='ocrx_word' id='word_1_879' title='bbox 2139 5546 2344 5587; x_wconf 82' lang='lat' dir='ltr'><strong>ractcre</strong></span> <span class='ocrx_word' id='word_1_880' title='bbox 2374 5534 2585 5585; x_wconf 53' lang='lat' dir='ltr'><strong>diversi»</strong></span> <span class='ocrx_word' id='word_1_881' title='bbox 2614 5533 2780 5585; x_wconf 88' lang='lat' dir='ltr'><strong>edidit</strong></span> <span class='ocrx_word' id='word_1_882' title='bbox 2814 5551 2825 5581; x_wconf 87' lang='lat'><strong>:</strong></span> <span class='ocrx_word' id='word_1_883' title='bbox 2866 5532 3032 5585; x_wconf 65' lang='lat' dir='ltr'><strong>Rexit.</strong></span> <span class='ocrx_word' id='word_1_884' title='bbox 3071 5530 3126 5583; x_wconf 76' lang='grc'><strong>,11</strong></span> <span class='ocrx_word' id='word_1_885' title='bbox 3134 5533 3225 5584; x_wconf 74' lang='lat' dir='ltr'><strong>ulti</strong></span> <span class='ocrx_word' id='word_1_886' title='bbox 3252 5546 3449 5601; x_wconf 79' lang='lat' dir='ltr'><strong>quoque</strong></span> <span class='ocrx_word' id='word_1_887' title='bbox 3476 5530 3730 5582; x_wconf 70' lang='lat' dir='ltr'><strong>adversus</strong></span> 
     </span>
    </p>
   </div>
   <div class='ocr_carea' id='block_1_125' title="bbox 2139 5603 3727 5672">
    <p class='ocr_par' dir='ltr' id='par_1_125' title="bbox 2139 5603 3727 5672">
     <span class='ocr_line' id='line_1_125' title="bbox 2139 5603 3727 5672; baseline -0.006 -16"><span class='ocrx_word' id='word_1_888' title='bbox 2139 5621 2251 5657; x_wconf 81' lang='lat' dir='ltr'><strong>eum</strong></span> <span class='ocrx_word' id='word_1_889' title='bbox 2307 5604 2628 5672; x_wconf 67' lang='lat' dir='ltr'><strong>tyrannidrm</strong></span> <span class='ocrx_word' id='word_1_890' title='bbox 2684 5617 2943 5655; x_wconf 77' lang='lat' dir='ltr'><strong>assumere</strong></span> <span class='ocrx_word' id='word_1_891' title='bbox 2998 5603 3290 5670; x_wconf 75' lang='lat' dir='ltr'><strong>cupientes,</strong></span> <span class='ocrx_word' id='word_1_892' title='bbox 3352 5604 3527 5654; x_wconf 76' lang='lat' dir='ltr'><strong>detecti</strong></span> <span class='ocrx_word' id='word_1_893' title='bbox 3576 5609 3727 5665; x_wconf 61' lang='lat' dir='ltr'><strong>eam,</strong></span> 
     </span>
    </p>
   </div>
   <div class='ocr_carea' id='block_1_126' title="bbox 2138 5672 3727 5742">
    <p class='ocr_par' dir='ltr' id='par_1_126' title="bbox 2138 5672 3727 5742">
     <span class='ocr_line' id='line_1_126' title="bbox 2138 5672 3727 5742; baseline -0.001 -14"><span class='ocrx_word' id='word_1_894' title='bbox 2138 5690 2341 5742; x_wconf 71' lang='lat' dir='ltr'><strong>sineque</strong></span> <span class='ocrx_word' id='word_1_895' title='bbox 2367 5673 2751 5724; x_wconf 63' lang='lat' dir='ltr'><strong>machinationis</strong></span> <span class='ocrx_word' id='word_1_896' title='bbox 2773 5674 3043 5726; x_wconf 72' lang='lat' dir='ltr'><strong>consilium</strong></span> <span class='ocrx_word' id='word_1_897' title='bbox 3066 5672 3393 5742; x_wconf 65' lang='lat' dir='ltr'><strong>impleretur:</strong></span> <span class='ocrx_word' id='word_1_898' title='bbox 3418 5678 3727 5741; x_wconf 67' lang='lat' dir='ltr'><strong>potuerunt.</strong></span> 
     </span>
    </p>
   </div>
   <div class='ocr_carea' id='block_1_127' title="bbox 2141 5743 2829 5807">
    <p class='ocr_par' dir='ltr' id='par_1_127' title="bbox 2141 5743 2829 5807">
     <span class='ocr_line' id='line_1_127' title="bbox 2141 5743 2829 5807; baseline -0.004 -10"><span class='ocrx_word' id='word_1_899' title='bbox 2141 5744 2262 5798; x_wconf 81' lang='lat' dir='ltr'><strong>Fuit</strong></span> <span class='ocrx_word' id='word_1_900' title='bbox 2293 5752 2483 5807; x_wconf 77' lang='lat' dir='ltr'><strong>autem,</strong></span> <span class='ocrx_word' id='word_1_901' title='bbox 2508 5752 2615 5798; x_wconf 84' lang='lat' dir='ltr'><strong>ctc.</strong></span> <span class='ocrx_word' id='word_1_902' title='bbox 2659 5743 2829 5796; x_wconf 73' lang='lat' dir='ltr'><strong>Attev.</strong></span> 
     </span>
    </p>
   </div>
  </div>
