4084 6160
520 324 541 376 1
552 322 655 377 075

1580 320 1635 374 S.
1682 315 1923 373 ISIDOBI
1964 311 2408 375 “ISPALENSIS
2449 318 2754 377 EI‘ISCOPI

3646 321 3778 377 Iw'iﬁ

515 436 727 506 generis
753 444 947 501 rector,
980 442 1033 486 ut
1063 433 1195 488 sicut
1219 440 1670 487 exstatconcessu
1695 434 1870 503 patrio
1893 433 2091 495 socius,
2124 427 2177 488 A
2204 430 2323 485 linis
2355 434 2561 501 experti
2593 443 2714 489 sunt
2738 477 2752 502 ,
2788 445 2840 491 et
2870 449 3055 505 regno,
3087 437 3228 507 quod
3257 436 3527 494 desidioso
3556 446 3774 510 torpore

496 528 585 579 ita
616 537 734 595 post
767 526 1061 595 longaevum
1111 522 1346 589 parcntis
1395 523 1678 592 imperium
1724 526 1794 579 sit
1843 533 1898 579 et
1944 525 2091 592 regni

512 620 853 673 successione
897 600 1260 687 dignissimus.
1300 617 1627 686 Computatis
1682 617 1843 687 igitur
1880 618 2093 674 Gotho-

511 726 629 764 rum
664 725 849 780 regum
881 709 1210 778 temporibus
1238 709 1305 761 ab
1332 709 1553 764 exordio
1583 710 1895 763 Athanarici
1928 710 2090 779 regis,

511 816 678 870 usque
701 801 765 854 ad
792 802 1032 870 quintum
1055 801 1425 871 gloriosissimi
1449 801 1695 856 Suintila:
1721 802 1977 871 principis
2010 817 2093 854 au-

511 909 670 961 num,
697 908 915 961 regnum
969 892 1268 947 Gothorum
1307 908 1402 961 per
1434 908 1602 948 annos
1650 908 1801 948 CCLV]
1824 936 1839 963 ,
1874 894 1985 951 Deo
2016 894 2090 950 la-

508 995 688 1050 vente,
715 986 986 1054 reperitur
1014 1000 1136 1040 esse
1167 994 1493 1054 porrectum.
1626 968 1627 973 “

616 1094 749 1149 Item
771 1098 1122 1168 recapitulatio
1149 1098 1378 1169 ejusdem
1405 1096 1596 1153 Isidori
1620 1099 1673 1152 in
1703 1096 1984 1153 Col/torum

1187 1171 1413 1221 laudem.

578 1255 670 1311 66.
710 1257 1007 1313 Gothorum
1050 1259 1422 1328 antiquissima
1468 1260 1616 1329 origo
1654 1260 1722 1315 de
1764 1261 1949 1331 Magog
1982 1261 2089 1315 lilio

506 1347 701 1416 Japhet
729 1348 844 1412 fuit,
876 1350 1019 1402 unde
1048 1358 1102 1403 et
1148 1349 1467 1419 Scytharum
1497 1365 1665 1419 genus
1689 1353 1911 1406 exstitit.
1956 1352 2086 1406 Nam

506 1440 667 1495 iidem
711 1441 868 1496 Gothi
922 1442 1167 1511 Scythica
1211 1443 1506 1511 probantur
1533 1443 1737 1512 origine
1762 1444 1891 1498 nati.
1934 1443 2088 1499 Unde

507 1544 607 1582 nec
632 1530 785 1598 longe
806 1544 833 1582 a
868 1530 1125 1584 vocabulo
1164 1531 1492 1601 discrepant.
1547 1532 1826 1587 Demutata
1855 1534 1996 1588 enim
2024 1550 2088 1589 ac

507 1623 743 1676 detracta
796 1623 970 1677 littera
998 1664 1012 1687 ,
1043 1622 1192 1678 Getae
1218 1665 1233 1689 ,
1280 1625 1430 1692 quasi
1457 1625 1692 1694 Scytbm,
1722 1635 1848 1679 sunt
1879 1642 2086 1681 nuncu-

504 1716 636 1784 pati.
670 1715 735 1769 lli
758 1716 916 1784 igitur
935 1717 1323 1784 Septentrionis
1349 1718 1591 1787 glaeialia
1618 1718 1744 1789 jnga
1779 1719 2086 1773 inhabitan-

508 1816 588 1859 tes
634 1807 774 1860 circa
797 1806 1043 1875 Scythica
1088 1823 1249 1877 regna
1277 1850 1292 1875 ,
1326 1824 1550 1876 quaeque
1576 1820 1697 1863 sunt
1734 1811 1897 1864 ardua
1930 1826 2080 1865 mon-
2115 1783 2162 1844 Β

509 1898 639 1951 tium
670 1913 789 1952 cum
819 1899 1026 1953 lateris
1047 1900 1292 1969 gentibus
1321 1902 1479 1973 129
1508 1902 1873 1970 possidebant,
1892 1903 2085 1971 quibus

503 1991 721 2046 sedibus
753 1994 949 2059 impetu
980 1994 1152 2058 gentis
1183 1992 1493 2047 [lunnorum
1526 1993 1681 2062 pulsi,
1718 2002 2083 2065 transgresso-

502 2097 606 2150 qtte
634 2081 893 2149 Danubio,
928 2081 1182 2137 Romanis
1210 2099 1268 2138 se
1298 2084 1581 2139 dederunt.
1625 2084 1728 2140 Sed
1748 2130 1761 2154 ,
1794 2086 1920 2140 dum
1949 2087 2085 2156 inju-

502 2175 610 2228 rias
634 2190 816 2229 eorum
842 2190 948 2230 non
973 2176 1323 2245 sustinerent,
1356 2177 1642 2247 indignati,
1679 2193 1859 2249 regem
1886 2179 1987 2234 sibi
2018 2194 2084 2235 ex

499 2279 595 2318 sua
633 2268 783 2322 turba
812 2267 1014 2336 legunt,
1040 2267 1324 2323 Thraciam
1358 2269 1589 2333 irruunt.
1623 2270 1825 2325 Italiam
1852 2282 2082 2339 vastant,

500 2357 774 2411 obsessmn
798 2358 991 2414 Urbem
1012 2374 1071 2411 ca
1083 2361 1250 2428 piunt,
1273 2360 1473 2415 Gallias
1491 2364 1893 2431 aggrediuntur,
1931 2373 2082 2431 pate-

502 2448 764 2520 factisque
796 2450 1063 2522 Pyrcna-is
1082 2452 1372 2517 montibus,
1398 2453 1682 2523 Hispanias
1710 2471 1880 2524 usque
1899 2471 2085 2523 perve-

500 2540 676 2605 niunt,
702 2541 882 2610 ibique
911 2543 1092 2597 sedem
1116 2544 1237 2598 vitae
1259 2552 1417 2612 atque
1446 2544 1725 2613 imperium
1749 2546 2078 2603 locaverunt.

572 2633 659 2686 67.
720 2634 907 2703 Populi
974 2644 1159 2689 natura
1222 2637 1512 2706 pernices,
1570 2637 1782 2707 ingenio
1835 2641 2082 2706 alacres,

501 2725 847 2780 conscientia;
900 2727 1098 2782 viribus
1145 2727 1307 2793 freti,
1367 2729 1560 2784 robore
1609 2732 1849 2797 corporis
1879 2732 2082 2792 validi.

502 2825 724 2870 staturae
770 2818 1097 2886 proceritate
1136 2820 1287 2874 ardui
1315 2861 1328 2883 ,
1364 2830 1514 2889 gestu
1555 2821 1841 2891 habituque
1871 2824 2086 2892 conspi-

501 2906 607 2973 cui,
637 2922 793 2962 manu
829 2908 1080 2979 prompti,
1117 2909 1235 2965 duri
1272 2910 1604 2979 vulneribus,
1640 2912 1793 2981 juxta
1835 2913 1975 2983 quod
2011 2892 2086 2967 ait

501 3008 655 3065 poeta
687 2998 753 3053 de
783 2999 912 3069 ipsis
936 3017 949 3053 :
1270 3010 1275 3013 ’

686 3146 893 3199 Mortem
917 3158 1234 3203 contemnunt
1252 3152 1445 3205 laudato
1468 3156 1671 3207 vulnere
1694 3156 1853 3209 Getae.

500 3297 706 3364 Quibus
736 3309 877 3354 tanta
926 3303 1133 3358 exstitit
1184 3304 1497 3376 magnitudo
1542 3305 1801 3361 bellorum
1836 3346 1852 3371 ,
1889 3315 1942 3361 et
1974 3316 2081 3361 tam

499 3393 763 3445 extollens
820 3394 1068 3460 gloriosa:
1126 3395 1362 3450 victoria:
1413 3395 1600 3463 virtus,
1651 3408 1710 3451 ut
1760 3397 1927 3451 Roma
1967 3398 2082 3466 ipsa

498 3486 692 3539 vit-trix
716 3487 951 3540 outnium
984 3488 1322 3556 populorum,
1349 3490 1564 3544 subacta
1589 3491 1912 3559 captivitatis
1929 3490 2077 3560 jugo,

499 3576 701 3631 Geticis
733 3578 1022 3646 triumphis
1078 3580 1400 3645 accederet,
1434 3590 1487 3634 et
1515 3580 1732 3634 domina
1764 3590 2080 3636 cunctarum

498 3666 735 3738 gentium
764 3668 869 3722 illis
898 3679 953 3722 ut
975 3666 1168 3724 famula
1201 3670 1517 3725 deservirct.

571 3755 661 3813 68.
688 3758 794 3813 llos
810 3758 1030 3829 Europae
1043 3776 1228 3815 omnes
1252 3772 1517 3817 tremuere
1538 3771 1748 3833 gentes,
1776 3762 1983 3834 Alpium
2005 3766 2086 3820 bis

501 3866 719 3905 cessere
745 3851 944 3905 obices.
974 3849 1260 3907 Vandalica
1285 3862 1342 3908 et
1367 3852 1479 3923 ipsa
1503 3856 1695 3911 crebro
1722 3850 1935 3920 opinata
1962 3855 2084 3911 bar-

504 3942 679 3998 baries
710 3961 814 3998 non
845 3954 1048 3999 tantum
1079 3947 1363 4014 prtesentia
1402 3960 1587 4001 eorum
1619 3949 1898 4012 exterrita,
1925 3965 2081 4017 quam

501 4034 755 4099 opinione
785 4034 961 4103 iugata
998 4042 1100 4087 est.
1128 4034 1426 4090 Gothorum
1448 4036 1628 4106 vigore
1650 4037 1803 4091 Alani
1829 4038 2084 4092 exstincti

501 4130 650 4188 sunt,
670 4122 829 4177 Suevi
852 4140 1062 4194 quoque
1076 4124 1335 4181 hactenus
1352 4128 1488 4183 intra
1505 4129 1804 4184 inaccessos
1821 4131 2087 4199 lliSpania-

501 4228 622 4266 rum
654 4216 877 4280 angulos
901 4216 1178 4282 coarctati,
1199 4218 1362 4271 etiam
1388 4234 1573 4273 eorum
1597 4220 1761 4274 armis
1793 4222 2085 4290 periculum

573 4369 658 4445 66.
705 4368 759 4445 lin
791 4369 965 4445 titulo,
986 4385 1092 4445 pro
1121 4373 1502 4445 recapitulatio,
1547 4376 1634 4430 alii
1666 4376 1986 4445 capitulatio.
2021 4377 2087 4439 Et

501 4437 647 4517 illico
675 4459 687 4492 :
713 4437 955 4517 Gothi-de
977 4439 1187 4517 Magoq,
1216 4443 1565 4517 .laphwti/ilio,
1595 4447 1714 4510 orti,
1729 4437 1783 4499 ἐι
1812 4463 1926 4517 cum
1950 4437 2084 4517 Seg-

503 4509 601 4562 tltis
643 4527 744 4562 una
778 4509 1297 4581 probauturvorigine—
1323 4516 1443 4567 sati.
1491 4509 1656 4575 Unde.
1697 4509 1801 4569 etc.
1839 4516 1940 4569 l’ro
1991 4509 2085 4572 Sve-

502 4582 916 4649 pteutrionis,al.
965 4582 1270 4653 Occidentis,
1308 4596 1361 4638 et
1409 4583 1698 4638 Danubium
1746 4596 2084 4653 transeuntes,

506 4663 603 4717 pro
651 4662 1066 4727 transgressaque
1116 4651 1382 4727 Danubio;
1429 4668 1478 4709 et
1532 4673 1676 4708 arma
1727 4668 1953 4721 sumunt,
1991 4651 2088 4727 pro

503 4736 671 4795 regent
701 4722 796 4795 s_ihi
836 4737 898 4774 ea:
932 4738 1024 4795 sua
1056 4724 1204 4776 turba
1234 4726 1425 4795 legunt.
1466 4728 1638 4781 Amav.

577 4791 667 4843 b7.
712 4788 839 4842 Tam
885 4792 1160 4857 extollens;
1210 4788 1305 4858 ali,
1354 4805 1455 4847 tant
1508 4796 1776 4850 excellens.
1820 4796 1897 4850 Ad
1948 4796 2090 4852 hunc

503 4859 693 4933 lsidgri
728 4862 899 4915 locum
931 4863 1118 4916 alludit
1140 4865 1365 4918 Alvarus
1387 4866 1768 4931 Cordubensis,
1794 4868 1950 4933 epist.
1994 4868 2086 4932 ‘20,

504 4929 571 4983 ad
600 4931 1074 5005 Transgressorem
1110 4952 1121 5005 ξ
1155 4932 1260 4989 Sed
1284 4944 1351 5005 ut‘
1370 4952 1447 4988 me
1474 4939 1561 5000 qui
1588 4938 1681 4989 sint
1713 4929 2010 5005 cognoscas,
2039 4929 2089 4992 et

504 5001 726 5071 amplius
750 5017 828 5054 me
849 5008 1061 5055 tacendo
1087 5002 1292 5069 devites,
1332 5003 1603 5076 Virgilium
1635 5008 1757 5060 audi
1775 5001 1807 5061 ξ

632 5115 836 5165 Mortem
859 5125 1193 5181 contemnunt,
1218 5119 1411 5169 laudato
1434 5122 1657 5185 vulnere,
1686 5120 1842 5172 Getae.

579 5210 692 5263 Nec
708 5228 809 5264 non
826 5222 872 5265 et
894 5212 1046 5273 illud.
1064 5212 1247 5277 Getes,
1269 5214 1450 5281 inquit,
1464 5231 1568 5282 quo
1587 5217 1753 5281 pergit
1766 5229 1923 5279 equo.
1944 5212 2092 5268 Unde

509 5291 553 5332 et
593 5284 721 5333 illud
748 5294 906 5335 exstat
938 5298 1097 5349 poetae
1128 5300 1147 5337 :
1180 5285 1313 5338 llinc
1335 5284 1508 5339 Dacus
1532 5295 1752 5351 premat.
1780 5286 1904 5338 inde
1931 5285 2092 5338 Getes

509 5365 787 5423 occurratL
800 5353 909 5423 Ego
929 5370 1064 5416 sum,
1090 5370 1179 5423 ego
1200 5371 1336 5418 sum,
1359 5371 1510 5422 quem
1528 5356 1816 5408 Alexander
1832 5356 2089 5407 vitandum

509 5432 720 5488 putatnt,
751 5420 983 5492 Pyrrhus
1011 5420 1286 5493 pertimuit,
1321 5420 1489 5477 Ctesar
1518 5426 1799 5478 exhorruit.
1845 5425 1920 5477 De
1950 5425 2091 5479 nobis

505 5508 708 5559 quoque
764 5504 809 5546 et
859 5504 1025 5546 uoster
1056 5494 1402 5564 Hieronymus
1451 5497 1594 5555 dicit,
1637 5498 1807 5549 Cornu
1860 5496 2005 5547 habet
2041 5497 2091 5548 in

511 5566 698 5635 (route,
748 5566 896 5632 longe
925 5566 1066 5635 fuge.
1110 5565 1401 5631 Florezius,
1437 5581 1500 5619 ex
1534 5578 1655 5617 nota
1688 5566 1963 5633 marginali
2008 5565 2092 5618 Bi-

512 5630 701 5706 bliotb.
732 5630 901 5686 veter.
927 5630 1083 5706 illisu.
1106 5646 1247 5706 tom.
1285 5637 1323 5699 l,
1359 5630 1476 5706 pag.
1508 5636 1634 5706 549,
1670 5630 1855 5706 prima:
1888 5635 2091 5706 Editin-

510 5700 614 5763 ttis,
644 5702 1070 5774 obserVatlalso
1102 5704 1223 5757 illos
1252 5700 1682 5774 versus—Virgilio
1709 5705 1887 5761 tribui.
1919 5704 2089 5761 Isido-

512 5784 603 5823 rus
639 5770 850 5838 quidem
881 5772 1156 5843 Virgilium
1199 5791 1304 5831 non
1354 5770 1613 5831 nominat.
1666 5776 1840 5830 Anev.

2200 533 2507 590 tenuerunt,
2542 528 2768 596 turpiori
2801 544 2941 582 nunc
2967 529 3248 598 dispendio
3270 541 3579 597 caruerunt,
3608 547 3777 599 quan-

2196 632 2353 687 quam
2388 618 2625 673 tenuisse
2676 619 2950 691 bucusque
3000 621 3155 676 valde
3184 623 3252 676 sit
3278 622 3507 691 mirum,
3536 639 3641 693 quo
3662 625 3778 681 sine

2196 709 2569 778 experimento
2610 712 2938 766 delensionis
2966 727 3152 767 carere
3182 722 3487 781 potuerunt.

2268 802 2356 858 69.
2376 805 2480 860 Sed
2507 805 2622 875 quis
2643 805 2836 872 poterit
2864 813 3061 860 tantam
3091 807 3333 862 Gothicae
3365 808 3535 875 gentis
3563 808 3777 865 edicere

2196 896 2389 949 virium
2410 897 2855 963 magnitudinem,
2873 897 3305 966 quandoquidem
3323 897 3449 952 dum
3466 899 3648 954 tnultis
3661 916 3777 968 gen-

2195 986 2335 1042 tibus
2362 988 2449 1041 vix
2478 1003 2694 1057 precum
2724 1004 2882 1044 causa
2900 999 2952 1043 et
2975 1004 3261 1044 munerum
3285 1006 3508 1060 regnare
3540 992 3774 1056 licuerit,

2194 1078 2275 1133 his
2313 1088 2487 1135 tamen
2520 1080 2740 1134 libertas
2774 1081 2941 1150 magis
2989 1081 3057 1134 de
3096 1083 3478 1151 congressione
3518 1097 3677 1152 quam
3708 1084 3777 1137 de

2194 1171 2357 1240 petita
2391 1171 2612 1241 contigit
2649 1186 2800 1240 pace,
2845 1181 3005 1242 atque
3035 1173 3125 1227 ubi
3148 1188 3268 1227 sese
3300 1174 3597 1227 necessitas
3620 1175 3776 1243 130

2192 1260 2421 1315 bellandi
2439 1262 2713 1330 opposuit,
2736 1261 2877 1316 vires
2896 1276 2989 1316 eos
3018 1263 3193 1330 potius
3222 1277 3380 1332 quam
3409 1278 3599 1331 preces
3629 1263 3776 1315 adhi-

2190 1351 2413 1406 buisse?
2450 1353 2620 1408 Porro
2662 1355 2714 1407 in
2744 1368 3013 1407 armorum
3045 1354 3249 1408 artibus
3288 1356 3607 1424 spectabiles
3646 1354 3775 1409 satis

2188 1453 2329 1506 sunt,
2348 1453 2403 1497 et
2421 1459 2526 1497 non
2543 1444 2716 1499 solum
2734 1444 2922 1506 hastis,
2941 1444 3035 1498 sed
3058 1454 3107 1497 et
3130 1443 3321 1514 jaculis
3343 1444 3635 1513 equitando
3647 1460 3774 1498 con-

2189 1538 2404 1604 ﬂigunt.
2432 1537 2540 1592 Nec
2581 1538 2817 1607 equestri
2864 1546 3065 1591 tantum
3098 1537 3299 1605 prmlio,
3334 1537 3425 1591 sed
3453 1546 3505 1590 et
3540 1536 3775 1604 pedestri

2188 1629 2461 1684 incedunt.
2493 1628 2870 1684 Verumtamen
2903 1630 3070 1697 magis
3100 1630 3335 1698 equitum
3366 1630 3585 1697 praepeti
3614 1643 3774 1684 cursu

2188 1719 2486 1785 conﬁdunt,
2501 1719 2642 1773 unde
2658 1728 2711 1774 et
2733 1730 2917 1785 poeta:
2938 1718 3105 1783 Getes,
3120 1720 3311 1789 inquit,
3327 1735 3429 1788 quo
3444 1723 3609 1789 pergit
3624 1736 3771 1790 equo.

2263 1813 2351 1867 70.
2381 1812 2650 1867 Exercere
2699 1812 2840 1867 enim
2872 1826 2933 1865 se
2976 1812 3099 1865 telis
3139 1826 3202 1865 ac
3235 1812 3431 1874 "aliis
3476 1811 3776 1879 prteludere

2193 1903 2425 1957 nissime
2448 1901 2703 1971 diligunt.
2748 1901 3016 1955 Ludorum
3047 1903 3339 1957 certamina
3372 1916 3467 1955 usu
3510 1903 3779 1969 quotidia-

2190 2007 2260 2047 no
2295 2000 2506 2061 gerunt.
2551 1992 2660 2045 Hac
2709 1991 2822 2045 sola
2876 2000 3080 2044 tantum
3124 2004 3256 2044 arun
3279 2006 3396 2045 rum
3442 1992 3778 2060 experientia

2191 2084 2468 2149 hucusque
2497 2083 2777 2147 carebant,
2822 2078 2963 2151 qubd
3013 2081 3236 2135 classica
3270 2081 3403 2135 bella
3444 2081 3494 2134 in
3524 2081 3661 2135 mari
3684 2095 3782 2149 ge-

2190 2190 2309 2229 rere
2339 2189 2444 2228 non
2486 2174 2791 2229 studebant.
2843 2173 2948 2229 Sed
2999 2183 3276 2242 postquam
3324 2171 3607 2227 Sisebutus
3630 2172 3780 2240 prin-

2189 2283 2318 2335 ceps
2344 2268 2550 2324 ctelesti
2582 2267 2752 2337 gratia
2799 2268 2947 2335 regni
2996 2266 3226 2335 sumpsit
3251 2276 3459 2335 sceptra
3478 2306 3492 2329 ,
3517 2266 3639 2334 ejus
3666 2277 3778 2319 stu-

2189 2360 2293 2415 diis
2322 2359 2387 2413 ad
2437 2368 2637 2413 tantam
2689 2358 2961 2412 felicitatis
3003 2358 3254 2411 virtutem
3287 2355 3514 2425 profecti
3547 2366 3692 2420 sunt,
3719 2364 3779 2410 ut

2190 2468 2296 2506 non
2320 2453 2494 2507 solum
2512 2461 2702 2516 terras,
2729 2453 2822 2504 sed
2846 2459 2901 2504 et
2927 2450 3039 2517 ipsa
3060 2450 3223 2502 maria
3248 2451 3358 2502 suis
3373 2449 3537 2503 armis
3558 2448 3777 2511 adeant,

2189 2544 2547 2611 subactosque
2598 2542 2802 2597 serviat
2860 2541 2968 2595 illis
3016 2540 3290 2595 Romanus
3338 2540 3530 2603 miles,
3581 2539 3777 2610 quibus

2188 2636 2392 2691 servire
2423 2643 2501 2690 tot
2525 2644 2711 2705 gentes
2739 2643 2793 2689 et
2822 2635 2988 2702 ipsam
3023 2632 3331 2702 Hispaniam
3361 2630 3531 2686 videt.

2646 2742 2999 2797 Vaudulorum
3051 2741 3283 2795 historia.

2262 2837 2351 2891 7t.
2376 2835 2503 2891 IEra
2529 2850 2742 2902 cnmv,
2776 2842 2900 2888 ante
2927 2833 3199 2887 biennium
3228 2829 3541 2900 irruptionis
3572 2827 3775 2883 Roma-

2190 2946 2273 2985 nae
2303 2931 2450 2984 urbis
2472 2929 2721 2985 excitata:
2768 2944 2862 2996 per
2898 2926 3211 2982 Stiliconem
3241 2932 3425 2992 gentes
3454 2921 3772 2982 Alanorum,

2187 3024 2487 3080 Suevorum
2518 3031 2574 3076 et
2601 3021 2957 3075 Vandalorum
2987 3059 3002 3083 ,
3029 3017 3250 3087 trajecta
3282 3015 3469 3069 Rheno
3499 3013 3685 3079 lluvio,
3720 3012 3774 3065 in

2196 3115 2395 3169 Gallias
2445 3114 2651 3167 irruunt
2671 3152 2688 3177 ,
2729 3110 2962 3165 Francos
2989 3114 3267 3177 proterunt
3288 3147 3303 3172 ,
3331 3106 3643 3173 directoque
3675 3103 3777 3155 lm-

2194 3218 2316 3277 petu
2360 3206 2424 3260 ad
2476 3205 2793 3274 l’yrenarum
2843 3214 3009 3270 usque
3062 3197 3591 3269 perveniunt,cujus
3620 3194 3777 3248 obice

2188 3313 2284 3369 per
2317 3297 2592 3367 Didymum
2622 3303 2675 3348 et
2708 3292 3061 3346 Veranianum
3094 3288 3364 3343 Romanos
3411 3284 3776 3340 nobilissimos

2186 3406 2249 3446 ac
2281 3388 2684 3460 potentissimos
2713 3386 2908 3439 fratres
2939 3393 3199 3451 occupato
3224 3421 3238 3445 ,
3284 3380 3351 3433 ab
3395 3377 3649 3445 Hispania
3683 3376 3777 3430 tri-

2186 3483 2286 3537 bus
2332 3480 2484 3534 annis
2534 3477 2732 3547 repulsi
2759 3521 2774 3545 ,
2822 3491 2915 3546 per
2959 3474 3400 3541 circumjacentes
3426 3470 3615 3525 Galliae
3647 3483 3774 3537 pro-

2189 3574 2395 3629 vincias
2448 3571 2802 3640 vagabantur.
2863 3567 2967 3621 Sed
3014 3574 3294 3633 postquam
3347 3562 3508 3616 iidem
3554 3560 3773 3625 fratres,

2185 3666 2273 3736 qui
2328 3665 2538 3734 privato
2590 3661 2841 3731 prmsidio
2885 3659 3127 3729 Pyrenazi
3179 3657 3414 3710 claustra
3463 3655 3773 3714 tuebantur,

2190 3757 2259 3811 ob
2290 3754 2651 3825 suspicionem
2685 3751 3006 3822 tyrannidis,
3061 3750 3323 3813 insontes,
3352 3756 3407 3801 et
3446 3746 3591 3800 nulla
3618 3745 3776 3815 culpa

2187 3846 2448 3911 obnoxii,
2488 3859 2518 3899 a
2561 3843 2874 3898 Constantio
2922 3841 3134 3895 Caesare
3170 3839 3438 3894 interfecti
3476 3847 3634 3901 sunt,
3666 3850 3777 3891 aera

2188 3954 2378 3997 convt
2403 3978 2420 4005 ,
2469 3944 2783 3991 memorata:
2830 3941 3021 4003 gentes
3054 3930 3430 4001 Hispaniarum
3464 3927 3782 3999 provincias

2188 4031 2511 4100 irrumpunt.

2258 4122 2345 4174 72.
2390 4118 2519 4175 IEra
2553 4130 2768 4180 cnsui,
2803 4112 3071 4176 Vandali,
3104 4111 3260 4166 Alani
3301 4119 3354 4164 et
3380 4108 3541 4164 Suevi
3586 4108 3785 4177 llispao

2190 4214 2305 4269 nias
2330 4220 2686 4282 occupantes,
2714 4221 2873 4264 neces
2920 4206 3353 4273 vastationesque
3399 4200 3635 4255 cruentis
3666 4200 3785 4255 dis-

2262 4372 2350 4427 68.
2396 4370 2523 4430 Hos.
2557 4380 2661 4425 etc.
2688 4368 2773 4422 Al.
2808 4366 2883 4421 Hi
2912 4363 3137 4432 Europa:
3170 4376 3342 4415 omnes
3368 4360 3548 4413 trivere
3569 4367 3783 4428 gentes;

2189 4452 2243 4498 et
2272 4454 2518 4505 quantum
2553 4440 2810 4508 opinione,
2847 4453 2941 4505 pro
2977 4451 3132 4508 quam
3156 4433 3413 4508 opinione.
3451 4432 3628 4483 ΔΒΗ.

2263 4514 2350 4567 69.
2398 4512 2509 4577 Quo
2538 4505 2728 4580 pergit;
2761 4509 2854 4570 al.,
2883 4507 3019 4577 quod
3045 4505 3450 4580 pergil._AB£X.-

2261 4583 2350 4635 70.
2394 4568 2456 4633 Et
2490 4568 2989 4651 ipsaniHispaniant
3042 4568 3191 4651 uidet.
3238 4573 3311 4625 lla
3360 4568 3540 4651 Grialii
3574 4568 3779 4651 editio,

2188 4665 2241 4709 et
2274 4641 2741 4721 intelligo-tquibus
2776 4641 2956 4721 Gothis
2988 4645 3172 4721 seruire
3186 4652 3275 4721 lat
3316 4650 3507 4710 gentes,
3535 4650 3584 4693 et
3608 4641 3782 4721 ipsum

2190 4709 2497 4794 Hispanqu
2532 4709 2794 4794 Romanus
2820 4715 3153 4794 milesnvidet.
3185 4709 3458 4794 Floreavus
3484 4725 3605 4794 cuin
3639 4709 3785 4787 Lab-

2190 4779 2304 4849 ben'
2339 4801 2387 4846 et
2430 4791 2634 4852 Grotio.
2680 4798 2725 4842 et
2762 4790 2874 4857 ipsa
2924 4786 3181 4853 Hispania
3227 4783 3349 4835 εἰῶ(
3376 4795 3394 4832 :
3424 4779 3562 4848 quod
3597 4780 3786 4833 minus

2192 4872 2565 4931 vernm'puto.
2594 4864 2764 4931 Ant-:V.
2991 4926 3000 4931 Δ
3067 4926 3075 4931 _
3199 4924 3209 4931 _
3285 4921 3416 4931 mm
3556 4917 3592 4931 η
3632 4920 3643 4929 _

2263 4935 2350 4986 7|.
2382 4917 2509 4986 dira
2540 4929 2829 4993 Mch'cte
2854 4926 3169 4995 exprimitur
3199 4924 3249 4975 in
3285 4917 3784 4995 EditioneGr-ialii;

2194 5005 2243 5058 in
2288 5005 2404 5056 aliis
2456 4989 2687 5053 immane
2732 4989 2982 5062 quantum
3034 4996 3282 5046 aberrant
3332 4989 3781 5062 umneri._Verba

2190 5083 2309 5128 ante
2329 5074 2582 5125 biennium
2611 5058 2907 5137 irruptionis
2933 5066 3175 5139 Romana:
3195 5071 3318 5139 sunt
3337 5062 3529 5139 Orosii,
3558 5058 3651 5139 lib.
3679 5075 3783 5122 νιι,

2190 5160 2308 5209 cap.
2338 5143 2437 5207 4t);
2483 5150 2537 5193 et
2586 5133 3054 5211 fortasseUrosins
3082 5133 3329 5211 intelligit
3373 5135 3597 5210 primam
3630 5133 3785 5211 iri-lu:

2193 5200 2446 5282 ptionem',
2473 5212 2681 5282 vivrnte
2713 5208 3027 5282 Radagaiao,
3068 5204 3136 5282 de
3161 5218 3261 5271 qua
3287 5202 3527 5282 loquitur
3553 5214 3675 5281 cap.

2194 5269 2285 5337 lib.
2343 5269 2444 5335 vn.
2492 5279 2738 5333 Perezius
2792 5269 3044 5339 notavit,
3102 5269 3318 5347 iniret.
3368 5271 3507 5347 cod;
3553 5269 3786 5347 inscribi

2194 5354 2478 5408 Chronicon
2531 5348 2918 5410 Vandulorum,
2970 5337 3072 5399 novn
3124 5343 3425 5395 Historiam.
3478 5341 3579 5394 Pro
3618 5337 3790 5391 Vera-

2192 5427 2426 5488 nimum,
2455 5420 2543 5473 alti
2586 5417 2942 5481 Verimiauum,
2988 5416 3070 5469 vel
3106 5412 3471 5488 Veruttiurtuut.
3503 5414 3673 5488 Ausv.

2263 5494 2350 5546 i2.
2394 5480 2450 5545 In
2481 5498 2622 5544 textu
2648 5489 2831 5543 Grialii
2860 5480 3165 5554 deSignatur
3194 5499 3296 5537 acra
3330 5480 3454 5541 456.
3483 5491 3537 5536 et
3563 5485 3618 5554 ln
3641 5490 3788 5554 nota

2195 5581 2289 5631 pro
2328 5564 2470 5615 varia
2498 5559 2722 5613 lecrinne
2741 5574 2844 5631 :era
2870 5551 2999 5631 47446,
3024 5570 3141 5624 qua:
3170 5554 3390 5631 onmino
3418 5568 3538 5607 cum
3560 5551 3788 5605 Labbeo

2193 5625 2549 5702 prtel‘rrcnda,
2591 5630 2831 5702 quamvis
2874 5628 3144 5702 lf‘lnrczius
3175 5625 3477 5702 rationibus
3501 5639 3606 5702 nan
3638 5636 3777 5702 cirri-

2194 5691 2489 5759 ietuuendis
2522 5691 2703 5768 probet
2736 5697 3155 5752 snbstituendam
3187 5710 3347 5750 teram
3377 5693 3499 5748 447.
3538 5691 3643 5747 Pro
3670 5693 3780 5744 dis-

2193 5767 2531 5840 cursionibus,
2562 5769 2651 5825 alii
2687 5767 3014 5823 discursibus.
3046 5768 3217 5822 Ant-:v.
