4084 6160
541 276 554 324 1
571 274 674 329 079

1534 280 1590 336 S.
1632 277 1881 335 ISIDOBI
1923 275 2366 333 HISPALENSIS
2408 279 2710 335 EPlSCOPI

3662 289 3795 346 M80

604 392 693 447 79.
724 392 877 449 Tunc
920 392 1120 456 Lmtus,
1174 391 1457 462 Neptensis
1511 393 1737 450 civitatis
1798 394 2108 463 episcopus,
2140 397 2183 448 Α
2215 369 2532 457 quibusdam
2576 391 2785 463 generis
2814 393 2928 461 ejus
2962 392 3208 448 afﬁnibus
3237 395 3455 451 occidit.
3507 397 3796 455 Belisarius

535 481 765 551 gloriose
806 482 1059 552 martyrio
1106 490 1412 536 coronatur.
1444 482 1542 551 Qui
1581 483 1708 538 dum
1755 484 1935 539 Ariani
1986 498 2117 537 con-

538 572 659 642 tagii
701 572 818 626 labe
855 571 1015 627 Variis
1071 572 1241 637 [nanis
1294 574 1549 627 maculari
1591 590 1695 627 non
1729 573 1917 641 potuit,
1950 574 2119 628 victor

537 674 753 733 repente
800 664 964 717 cmlos
1004 664 1249 720 obtinuit.
1283 665 1574 735 Ugnericus
1623 679 1800 722 au'em
1851 666 1989 721 inter
2038 666 2119 721 in-

538 755 895 813 numerabiles
945 770 1161 811 suarum
1207 756 1538 827 impietatum
1586 767 1832 829 strages,
1882 772 2014 827 quas
2060 757 2115 812 in

538 848 840 905 Catholicos
897 861 1229 916 exercuerat,
1277 861 1465 906 octavo
1494 853 1641 921 regni
1672 866 1835 919 anno,
1867 861 1923 905 ut
1952 850 2115 905 Arius

537 954 686 1010 pater
713 943 829 1012 ejus
849 984 866 1009 ,
900 943 1240 999 inferioribus
1263 943 1469 999 cunctis
1500 945 1701 1012 ell'usis,
1733 943 2118 999 miserabiliter

535 1034 696 1087 vitam
727 1033 912 1087 ﬁnivit.

606 1124 698 1178 80.
728 1124 857 1181 Era
885 1140 1013 1180 oxnv
1037 1169 1053 1197 ,
1090 1125 1354 1195 Ugnerico
1382 1126 1624 1182 succedit
1662 1124 2066 1182 Guntamundus
2096 1168 2112 1194 ,

534 1230 766 1285 regnans
808 1232 936 1270 ann.
970 1232 1062 1282 sn,
1094 1216 1181 1287 qui
1213 1217 1390 1271 statim
1426 1217 1678 1281 Ecclesia:
1721 1232 1903 1288 pacem
1946 1217 2115 1274 refor-

537 1324 713 1373 mans,
744 1307 1048 1363 Catbolicos
1078 1310 1146 1362 ab
1177 1310 1366 1364 exsilio
1401 1311 1689 1365 revocavit.

605 1401 694 1457 81.
730 1400 859 1457 [Era
887 1417 1067 1468 nxwt,
1110 1399 1487 1458 Guntamundo
1510 1412 1744 1467 mortuo,
1790 1403 2115 1458 Tra~emun~

535 1492 634 1546 dus
663 1505 848 1561 regnat
878 1509 1003 1548 ann.
1036 1508 1201 1561 xmt,
1232 1508 1403 1549 mens.
1432 1510 1501 1547 tv.
1530 1494 1652 1558 Iste,
1687 1495 1883 1549 Ariana
1910 1494 2114 1548 insania

536 1586 749 1654 plenus,
779 1585 1083 1640 Catholicos
1109 1586 1417 1651 insectatur,
1449 1585 1705 1640 ecclesias
1733 1586 1955 1648 claudit,
1985 1585 2112 1641 Sar-

538 1676 739 1733 diniam
789 1675 983 1731 exsilio
1026 1691 1091 1730 ex
1128 1675 1272 1729 omni
1316 1675 1566 1730 Africana
1598 1675 1837 1730 Ecclesia
1863 1690 1967 1730 cxx
2001 1674 2113 1743 epi-

2221 490 2398 535 autcm
2422 482 2721 536 Gilimirum
2753 493 3031 553 tyrannum
3064 485 3226 552 capit,
3248 500 3475 555 eumque
3498 502 3620 542 cum
3646 490 3793 543 divi-

2223 575 2307 627 tiis
2323 589 2385 628 ex
2416 575 2616 643 rapinis
2639 576 3027 644 provinciarum
3048 586 3094 630 et
3119 577 3310 632 Africae
3330 581 3640 647 conquisitis
3655 579 3798 637 Cun-

2219 668 2617 733 stantinopolim
2645 667 2944 722 Justiniano
2980 669 3291 735 imperatori
3332 669 3567 725 adducit.
3600 671 3796 741 Sicque

2220 772 2440 827 regnum
2462 757 2820 813 Vandalorum
2847 773 2968 814 cum
2998 760 3193 828 populo
3220 752 3381 829 atque
3397 760 3561 829 stirpe
3581 762 3791 819 deletur

2219 862 2323 902 trra
2349 864 2526 913 manv,
2567 848 2705 916 quod
2737 850 3028 917 permansit
3055 866 3181 905 cxnt
3213 866 3364 915 ann.,
3404 867 3432 904 a
3484 850 3793 909 Gnnderieo

2221 953 2345 1003 rege
2375 953 2544 1004 usque
2570 939 2635 992 ad
2666 937 2897 992 Gilimiri
2928 939 3221 995 interitum.

2744 1053 3025 1108 Succorum
3057 1054 3293 1107 historia.

2288 1140 2376 1197 85.
2409 1142 2541 1197 [Era
2563 1158 2798 1206 cum",
2831 1143 3011 1206 Saevi,
3042 1144 3281 1212 principe
3312 1142 3642 1206 llermerico,
3668 1159 3791 1199 cum

2220 1231 2405 1286 Alanis
2444 1243 2497 1286 et
2553 1232 2805 1288 Vandalis
2834 1233 2993 1288 simul
3037 1233 3319 1304 Hispanias
3367 1235 3593 1304 ingressi
3625 1245 3797 1303 sunt,

2218 1332 2378 1393 atque
2429 1339 2646 1380 omnem
2694 1325 2997 1381 Gallmciam
3045 1340 3168 1380 cum
3214 1325 3467 1382 Vandalis
3511 1338 3798 1397 occupant.

2225 1414 2474 1470 Vandalis
2502 1425 2679 1472 autem
2734 1415 2971 1471 Africam
3024 1418 3445 1486 transeuntibus,
3492 1419 3799 1474 Gallzeciam

2219 1507 2318 1560 soli
2348 1506 2508 1561 Suevi
2538 1508 2712 1562 sortiti
2742 1517 2903 1574 sunt,
2949 1508 3142 1577 quibus
3184 1509 3397 1576 prmluit
3436 1510 3489 1563 in
3535 1510 3803 1579 Hispaniis

2221 1597 2563 1653 Hermericus
2581 1599 2737 1653 annis
2758 1614 2929 1655 xxxii.
2946 1598 3164 1654 Gallteci
3184 1610 3357 1655 autem
3373 1602 3422 1654 in
3440 1611 3589 1670 parte
3607 1602 3803 1670 provic

2220 1706 2388 1761 regno
2412 1707 2511 1746 suo
2541 1692 2849 1749 utebantur.
2872 1691 3026 1761 135
3048 1692 3193 1758 Quos
3216 1691 3555 1747 llermericus
3584 1693 3799 1748 assidua

534 1787 729 1841 scopas
781 1771 976 1836 mittit,
1026 1770 1349 1840 Carthagine
1402 1771 1650 1825 moritur.
1681 1769 1844 1839 Cujus
1875 1780 2112 1837 tempore
2151 1751 2191 1809 Β
2220 1751 2517 1837 vagatio“
2551 1751 3123 1852 ἀθρτπάηηεῖιξεξιᾶη
3155 1785 3342 1839 πηοτὴο
3369 1799 3680 1854 oppressus,
3714 1800 3806 1853 pa-

533 1863 866 1933 Fulgentius,
898 1863 1196 1934 Ruspensis
1225 1862 1511 1933 episcopus
1537 1904 1551 1927 ,
1583 1863 1633 1918 in
1657 1871 1841 1918 nostro
1868 1862 2115 1932 dogmate

531 1953 741 2011 claruit.

604 2047 693 2105 8‘2.
748 2047 874 2104 Era
927 2064 1090 2115 nun,
1149 2058 1272 2118 post
1326 2048 1751 2104 Trasemundum
1811 2046 2064 2102 lldericus
2098 2090 2111 2113 ,

530 2135 777 2206 lignerici
808 2136 968 2204 ﬁlius,
997 2152 1060 2193 ex
1099 2137 1453 2192 Valentiniani
1489 2136 1826 2206 imperatoris
1877 2134 1983 2191 ﬁlia
2028 2154 2114 2191 na-

534 2236 639 2295 tus,
684 2238 867 2299 regnat
914 2244 1042 2286 ann.
1087 2245 1181 2296 vn,
1226 2245 1396 2284 mens.
1445 2245 1527 2284 nt.
1572 2230 1695 2295 Iste,
1725 2240 2111 2285 sacranti-ulna

531 2321 816 2375 decessore
844 2334 940 2374 H10
967 2320 1339 2376 Trasemundo
1381 2320 1696 2389 obstrictus,
1731 2338 1795 2376 ne
1820 2322 2113 2377 Catholicis

530 2414 585 2468 in
633 2428 799 2482 regno
854 2428 952 2468 suo
977 2422 1069 2468 aut
1122 2412 1382 2469 ecclesias
1428 2416 1685 2483 aperiret,
1714 2423 1809 2468 aut
1835 2414 2110 2485 privilegia

528 2516 878 2572 restauraret,
924 2509 1230 2577 priusquam
1264 2515 1534 2578 regnaret,
1584 2522 1653 2561 ne
1685 2505 1994 2575 religionem
2025 2521 2116 2561 sa-

529 2602 788 2658 cramenti
823 2600 1088 2667 violaret,
1124 2601 1380 2668 praecepit
1415 2596 1572 2669 134
1592 2604 1647 2652 et
1674 2597 1980 2655 sacerdotes
2010 2611 2111 2653 ca-

530 2691 762 2746 tholicos
794 2692 861 2745 ab
889 2692 1078 2746 exsilio
1112 2691 1313 2755 reduci,
1339 2702 1386 2745 et
1420 2690 1675 2745 ecclesias
1700 2689 1921 2756 aperiri,
1952 2704 2108 2757 quem

530 2782 786 2849 Gilimer,
819 2791 1092 2851 assumpta
1127 2782 1428 2854 tyrannide,
1480 2795 1642 2850 regno
1688 2779 1879 2851 privat,
1910 2790 2109 2835 etcum

531 2874 584 2930 lii
612 2878 655 2930 is
684 2876 915 2930 carceris
943 2877 1200 2931 custodite
1222 2877 1507 2945 mancipat.

603 2964 690 3022 83.
745 2966 874 3021 IEra
920 2983 1055 3034 an,
1114 2967 1335 3021 Gilimer
1390 2981 1607 3035 regnum
1662 2980 1783 3019 cum
1834 2962 2112 3035 tyrannide

529 3058 799 3124 sumpsit,
830 3060 1029 3113 multos
1056 3055 1310 3114 nobilium
1343 3058 1537 3112 Africa:
1569 3057 1853 3127 provincize
1879 3058 2111 3113 crudeli-

530 3158 613 3204 trr
658 3152 1026 3222 exstinguens,
1079 3152 1470 3220 multorumque
1519 3152 1844 3207 substantias
1875 3152 2067 3206 tollens
2094 3193 2109 3217 ,

531 3242 787 3299 adversus
839 3261 996 3313 quem
1052 3244 1379 3299 Justinianus
1423 3247 1755 3314 imperator,
1806 3245 2110 3303 visitatione

529 3334 657 3389 Laeti
689 3335 943 3402 episcopi,
1002 3337 1089 3401 qui
1147 3336 1216 3390 ab
1266 3336 1529 3405 Ugnerico
1587 3336 1942 3391 Vandalorum
1984 3351 2111 3404 rege

531 3436 735 3494 martyr
764 3426 932 3479 fuerat
978 3424 1171 3487 factus,
1213 3425 1504 3485 exercitum
1536 3441 1654 3479 cmn
1689 3426 1946 3485 Belisario
1989 3442 2113 3479 mn—

529 3514 699 3584 gistro
724 3515 949 3569 militum
997 3518 1131 3570 duce
1162 3518 1342 3573 mittit.
1379 3517 1623 3585 lnitoque
1650 3518 1790 3571 idem
1822 3518 2111 3573 Belisarius

533 3606 716 3670 ιιι-ωηο
747 3604 1119 3660 Guntemirum
1171 3616 1223 3659 et
1279 3606 1687 3663 Gcbamundnm
1730 3608 1871 3676 regis
1920 3610 2112 3663 fratres

533 3696 704 3763 primo
729 3696 913 3765 prtelio
935 3704 1211 3763 superatos
1238 3696 1486 3750 interﬁcit
1509 3737 1524 3760 ,
1555 3696 1750 3751 deinde
1782 3701 1952 3766 ipsum
1980 3697 2107 3754 Gill-

532 3786 723 3839 mirum
756 3785 806 3838 in
842 3785 1012 3854 fugam
1045 3800 1280 3839 versum.
1318 3783 1551 3839 Africam
1594 3785 1737 3854 capit
1766 3786 2112 3857 nonagesimo

530 3881 758 3947 septimo
783 3878 1140 3945 Vandalmum
1168 3877 1514 3949 ingressionis
1533 3895 1695 3935 anno.

602 3969 695 4027 Si.
722 3970 775 4023 In
796 3970 910 4038 ipso
937 3980 1114 4027 autem
1134 3970 1375 4023 Belisarii
1399 3984 1626 4025 occursu
1652 3971 1963 4040 priusquam
1982 3986 2108 4028 con-

530 4062 734 4131 gressio
760 4059 930 4127 ﬁeret,
948 4058 1171 4115 Gilimer
1193 4069 1449 4130 tyrannus
1472 4059 1755 4121 lldericutn
1782 4077 1963 4132 regem
1990 4077 2112 4118 cum

604 4192 704 4265 79.
727 4192 969 4245 Labbens
990 4234 1002 4253 ,
1037 4193 1302 4265 episwpns
1332 4210 1478 4265 quem
1507 4196 1729 4265 contagii
1770 4196 1906 4250 Iabes
1935 4197 2113 4250 Ariani

533 4264 732 4316 venenis
764 4264 1019 4315 maculare
1043 4279 1142 4316 non
1165 4264 1349 4331 potuit.
1382 4263 1691 4333 Ugnericus,
1716 4274 1821 4321 etc.
1871 4268 2039 4321 Ansv.

607 4354 695 4407 80.
752 4354 1048 4424 Florezius,
1096 4369 1215 4405 cum
1270 4354 1480 4408 Labbeo
1520 4358 1737 4424 adoptat
1776 4373 1936 4411 teram
1985 4359 2110 4413 514.

536 4424 709 4480 Ειίίιὶο
741 4424 922 4478 Grialii
948 4422 1073 4477 515.
1104 4424 1272 4477 Attuv.

605 4522 692 4571 8t.
727 4516 1123 4571 'l‘rasemnndus
1149 4514 1218 4568 ab
1247 4514 1363 4567 aliis
1393 4526 1615 4569 vocatur
1653 4516 2068 4573 Transimundns
2092 4560 2107 4583 ,

534 4592 618 4642 vel
640 4587 1076 4653 Transenntndus,
1095 4588 1176 4640 vel
1191 4584 1584 4653 Trasimundus,
1602 4588 1683 4642 vel
1704 4588 2109 4644 Trasamundus.

534 4668 706 4714 Ακεν.

607 4739 695 4791 82.
746 4739 800 4790 ln
848 4737 1091 4790 Edit‘one
1117 4734 1298 4804 Grialii
1329 4745 1445 4789 erat
1475 4749 1653 4790 notata
1686 4752 1789 4791 aera
1832 4740 1956 4805 5514,
1989 4754 2110 4793 cum

538 4810 681 4861 varia
714 4807 938 4861 lectione
967 4809 1017 4878 in
1046 4816 1167 4878 nota
1191 4821 1295 4858 tera
1322 4808 1603 4878 553,_qnod
1632 4807 1962 4878 praeferimus
1988 4825 2110 4865 cum

536 4879 781 4932 Florezio
801 4893 863 4932 ex
884 4877 1039 4930 dictis
1059 4875 1123 4928 ad
1148 4891 1295 4930 num.
1312 4878 1413 4949 :8;
1440 4875 1673 4937 Grotius.
1700 4879 1975 4943 mendose,
2002 4889 2112 4949 post

536 4950 955 5003 Guntnmundum
1007 4960 1102 5014 pro
1150 4956 1260 5015 post
1309 4946 1739 5004 Trasentundum.
1772 4950 1875 5004 l’ro
1914 4946 2113 5004 restau-

534 5031 693 5086 τηνεί,
716 5019 800 5071 alii
826 5019 1127 5072 restitueret.
1154 5018 1324 5071 Auzv.

610 5114 696 5167 85.
730 5112 901 5166 Editio
939 5111 1118 5165 Grialii
1167 5120 1410 5165 recenset
1435 5127 1594 5165 teram
1640 5110 1761 5165 56L
1796 5110 2071 5165 Florczins
2094 5153 2109 5176 ,

536 5198 655 5233 rum
676 5182 1084 5243 Lalilleo,:cram
1109 5180 1669 5246 560.1"rorisitatione,
1690 5184 1772 5234 alii
1794 5184 2108 5247 incitatione,

537 5253 625 5304 alii
657 5253 942 5303 visitatione
972 5262 1249 5317 nocturna;
1284 5251 1460 5304 malim
1492 5253 1681 5305 visione
1709 5264 1975 5305 nocturna.
2012 5253 2113 5304 Pro

541 5321 916 5389 (.‘nntemirnm,
944 5322 1030 5374 alii
1060 5320 1596 5389 Gnnthinterum;_pro
1622 5338 1837 5382 versum,
1872 5322 2115 5377 Labbcus

536 5392 716 5453 rertil,‘
741 5386 1032 5455 liloreiius,
1055 5406 1173 5445 eum
1191 5389 1393 5455 Grotio,
1414 5386 1628 5446 vertens.
1652 5392 2110 5455 NolatFlorczins,

539 5480 600 5514 at!
652 5461 832 5517 multis
880 5464 1059 5528 probat
1086 5502 1099 5525 ,
1130 5473 1221 5515 aut
1257 5472 1498 5516 sanctum
1549 5462 1806 5515 lsitlorum
1840 5463 2117 5529 exemplar

541 5532 1117 5602 tilironici'l‘nnttensis
1170 5545 1442 5593 secutum,
1484 5531 1536 5584 in
1588 5546 1693 5600 quo
1748 5535 1871 5587 anni
1932 5550 2114 5602 regum

545 5601 902 5656 Vandalornm
943 5603 1080 5656 male
1109 5603 1349 5669 dispositi
1380 5610 1567 5668 erant,
1602 5612 1695 5656 aut
1738 5604 1967 5672 aliquem
1998 5601 2115 5657 ’ex-

548 5674 1008 5743 scriptoremmras
1036 5672 1102 5725 ad
1125 5688 1295 5728 annos
1325 5688 1530 5743 regum,
1563 5673 1616 5727 in
1647 5673 1837 5743 quibus
1865 5689 2115 5730 numero-

546 5753 661 5793 rum
684 5754 833 5796 error
864 5740 1140 5813 inciderat,
1168 5740 1636 5809 accommodasse;
1665 5740 1788 5800 nam
1816 5760 1935 5801 cerac
1961 5746 2112 5801 anuis

2215 1889 2329 1927 cem
2346 1889 2465 1927 cum
2487 1873 2567 1929 eis
2585 1873 2726 1941 fecit,
2745 1872 3122 1928 Reccbilanem
3140 1874 3305 1928 ﬁlium
3328 1888 3479 1928 suum
3500 1874 3552 1929 in
3578 1890 3803 1944 regnum

2214 1965 2512 2029 substituit,
2545 1963 2634 2033 qui
2665 1979 2785 2019 cum
2816 1980 3002 2034 magna
3044 1973 3196 2034 parte
3243 1966 3512 2021 exercitus
3563 1967 3764 2021 missus
3785 2006 3803 2033 ,

2216 2056 2553 2110 Andevotnm
2584 2054 2840 2111 Romana:
2872 2056 3083 2111 militiae
3112 2056 3303 2112 ducem
3335 2072 3460 2113 cum
3492 2058 3680 2111 multis
3708 2073 3804 2113 co-

2216 2147 2317 2215 piis
2359 2147 2425 2201 ad
2476 2146 2753 2215 Singilium
2795 2147 3004 2202 Baetica!
3047 2149 3339 2217 provinciae
3388 2147 3630 2215 ﬂuvium,
3675 2151 3805 2203 inito

2214 2238 2380 2304 bello,
2418 2238 2731 2305 prostravit,
2765 2240 2971 2306 magnis
3003 2239 3118 2308 ejus
3153 2240 3266 2294 auri
3297 2241 3608 2309 argentique
3637 2240 3806 2309 copiis

2213 2329 2506 2397 occupatis.
2540 2326 2674 2383 lude
2695 2328 2981 2384 Emeritam
3010 2330 3283 2385 obsessam
3308 2328 3623 2399 ingreditur,
3642 2339 3805 2398 atque

2212 2418 2482 2473 obtentum
2516 2418 2728 2487 prepria
2768 2433 2932 2489 regno
2961 2419 3213 2473 associat.
3242 2418 3582 2474 Hermericus
3620 2430 3803 2473 autem

2215 2519 2366 2578 pater
2391 2508 2530 2579 ejus,
2570 2524 2662 2579 per
2688 2524 2859 2565 annos
2889 2525 2959 2564 vtt
2986 2510 3237 2566 diuturno
3266 2511 3519 2580 languore
3544 2510 3801 2578 aﬁ‘ecms,

2213 2605 2434 2659 interiit.

2283 2698 2371 2752 86.
2406 2697 2532 2753 (Era
2564 2713 2819 2764 cuuxrx,
2855 2698 3164 2754 llermerico
3204 2697 3476 2763 defuncto,
3526 2696 3802 2762 Reccbila,

2214 2786 2353 2843 ﬁlius
2382 2789 2529 2855 ejus,
2564 2798 2754 2858 regnat
2775 2803 2901 2843 ann.
2953 2804 3068 2854 vnt,
3106 2787 3195 2858 qui
3228 2798 3348 2858 post
3376 2789 3579 2843 obitum
3609 2789 3800 2856 patris,

2216 2878 2415 2948 llispali
2447 2880 2694 2945 obtenta,
2713 2881 2959 2935 Bteticam
2983 2892 3037 2934 et
3063 2880 3560 2949 Carthaginiensem
3586 2880 3806 2948 provin-

2213 2969 2325 3024 cias
2348 2970 2399 3024 in
2431 2986 2580 3025 suam
2611 2978 2927 3040 potestatem
2956 2968 3184 3034 reducit,
3234 2978 3394 3040 atque
3426 2969 3550 3024 inde
3592 2970 3805 3024 Emeri-

2217 3070 2306 3125 tte,
2344 3061 2444 3115 sub
2468 3061 2636 3126 cultu,
2659 3070 2714 3116 ut
2747 3060 2957 3124 ferunt,
2983 3062 3302 3130 gentilitatis
3323 3062 3485 3115 vitam
3515 3060 3707 3116 ﬁnivit.

2290 3151 2377 3204 87.
2407 3151 2538 3205 [Era
2564 3154 2810 3217 Coxxcw,
2846 3151 3194 3206 Recchiarius
3216 3194 3229 3218 ,
3261 3151 3599 3207 Recchilanis
3637 3152 3802 3218 ﬁlius,

2211 3246 2506 3301 catholicus
2538 3247 2729 3306 iactus.
2755 3245 2991 3300 succedit
3035 3247 3086 3300 in
3131 3261 3349 3316 regnum
3391 3247 3548 3299 annis
3588 3261 3663 3311 ιι,
3712 3260 3807 3301 ac-

2213 3352 2364 3406 cepta
2391 3340 2440 3393 in
2471 3338 2776 3407 conjuginm
2801 3338 3140 3395 Theuderedi
3171 3338 3310 3407 regis
3342 3336 3640 3392 Gothorum
3669 3336 3801 3391 ﬁlia.

2214 3430 2368 3484 lnitio
2400 3432 2546 3499 regni
2587 3431 2896 3496 auspicatus
2944 3427 3239 3484 Vasconias
3278 3429 3652 3499 deprtedatur;
3678 3444 3804 3483 mox

2212 3522 2277 3576 ad
2307 3520 2712 3576 Theuderedum
2740 3534 2983 3574 socerum
3008 3535 3162 3574 suum
3197 3519 3491 3588 profectus,
3522 3518 3810 3574 Gmsarau-

2212 3624 2493 3686 gustanam
2520 3614 2799 3684 regionem
2850 3626 3120 3674 remeans,
3167 3610 3361 3666 Gothis
3387 3611 3802 3677 auxiliantibus,

2213 3715 2405 3761 vastat.
2465 3706 2925 3759 Tarraconensem
2988 3703 3342 3770 provinciam,
3397 3716 3517 3770 quae
3557 3701 3809 3755 Romano

2214 3798 2441 3867 imperio
2464 3798 2834 3861 deserviebat,
2868 3795 3093 3850 invadit.
3124 3794 3598 3863 Carthaginienses
3621 3793 3804 3861 regio-

2212 3903 2332 3953 nes,
2386 3904 2517 3957 quas
2561 3887 2813 3942 Recchila
2843 3896 2991 3955 pater
3024 3886 3140 3954 ejus
3172 3884 3426 3939 Romanis
3469 3884 3804 3947 reddiderat,

2214 3980 2266 4034 in
2296 3974 2527 4047 pradam‘
2569 3977 2751 4032 mittit.
2810 3977 2889 4031 Ad
2944 3977 3213 4032 ultimum.
3245 3974 3375 4029 dum
3427 3973 3809 4028 Theudoricus

2215 4086 2305 4125 rex
2348 4070 2644 4126 Gothorum
2696 4069 2755 4125 in.
2808 4067 3120 4136 Hispaniam
3199 4066 3606 4136 ingrederetur,
3666 4065 3809 4119 inito

2215 4218 2421 4271 regum,
2447 4212 2658 4257 servato
2682 4202 2869 4269 παυθΙί
2896 4214 3142 4261 numero,
3169 4196 3515 4271 respondent.
3544 4196 3649 4271 Sed
3674 4214 3807 4271 vera

2214 4266 2557 4336 clironologia
2584 4266 2768 4333 regum
2802 4271 3156 4324 Vandalorum
3183 4270 3293 4322 lure
3312 4278 3389 4318 est
3416 4283 3429 4319 :
3462 4266 3807 4323 Gundericus

2215 4346 2357 4407 cepit
2382 4342 2758 4405 Carthaginem
2790 4356 2931 4394 anno
2972 4341 3098 4405 459,
3132 4338 3264 4393 obiit
3294 4338 3418 4391 477.
3463 4336 3808 4392 llunnericus

2218 4415 2349 4467 obiit
2398 4411 2536 4477 484,
2578 4410 2987 4467 Guntamuudus
3039 4410 3177 4470 ἄξᾷϐ.
3226 4408 3626 4462 Trasemundus
3667 4407 3806 4473 525,

2143 4472 2194 4533 Ι)
2224 4472 2683 4545 Ιιίιίὶοτίειιείὸἰο,
2712 4482 2934 4536 Gilinn-r
2963 4480 3087 4535 533.
3113 4482 3282 4534 Attav.

2283 4553 2370 4607 84.
2416 4552 2553 4604 Afra
2580 4567 2770 4613 nunt,
2800 4552 2849 4605 in
2880 4564 2985 4605 vet.
3014 4552 3154 4613 cnd.,
3188 4564 3282 4615 pro
3312 4563 3486 4601 oulv.
3529 4546 3729 4601 Perist.

2283 4622 2369 4674 85.
2400 4623 2692 4693 Singilium.
2722 4623 2829 4687 AL,
2853 4620 3119 4690 Singilnn,
3142 4617 3805 4693 pro-§ingili_n_m.r_P§nez.

2286 4693 2420 4746 Ibid.
2458 4686 2725 4746 Florezitts
2754 4686 2989 4758 reposuit
3015 4686 3174 4743 teram
3198 4686 3321 4747 447,
3345 4686 3411 4740 ex
3446 4687 3601 4740 ldacii
3631 4687 3811 4758 (ξιπο-

2214 4765 2335 4819 niro
2364 4774 2419 4817 et
2446 4764 2565 4817 aliis
2594 4756 2973 4815 monumentis.
3004 4760 3192 4813 Grialii
3232 4758 3407 4812 E‘ditio
3434 4772 3553 4811 cum
3585 4756 3813 4813 Labbeo

2214 4835 2395 4888 statuit
2417 4849 2576 4887 teram
2606 4831 2730 4886 446.
2764 4835 2934 4886 Αιιεν.

2288 4905 2373 4959 86.
2392 4904 2578 4958 Grialii
2609 4903 2784 4956 Editio
2810 4902 3004 4956 astruit
3028 4915 3188 4954 teram
3213 4896 3338 4961 478,
3367 4896 3644 4951 Florezius
3666 4897 3809 4964 £79,

2216 4985 2262 5027 et
2295 4989 2467 5026 annos
2493 4982 2615 5027 octo
2639 4973 2786 5042 regni
2813 4972 3117 5026 Rechilanis
3147 4978 3430 5042 enumerat
3444 5011 3468 5042 ,Δ
3506 4967 3601 5021 sed
3618 4968 3714 5042 ita
3752 4976 3815 5042 ut

2217 5045 2419 5113 primus
2443 5036 2743 5098 includatur
2767 5044 2825 5113 in
2847 5043 2951 5096 hoc
2981 5040 3306 5113 numero.‘|n
3332 5038 3579 5113 Egi-itione
3609 5036 3811 5113 Grialii

2215 5107 2339 5167 anni
2374 5116 2424 5177 7,
2451 5123 2504 5166 et
2532 5114 2584 5165 in
2615 5121 2733 5165 nota
2760 5112 2808 5165 8.
2846 5127 2908 5166 ex
2941 5120 3047 5165 vet.
3080 5110 3202 5163 cod.
3233 5109 3333 5162 Pro
3369 5107 3626 5171 Emerita,
3658 5108 3812 5177 quod

2216 5185 2307 5237 alii
2340 5184 2596 5249 referunt,
2632 5181 2814 5236 Griulii
2848 5181 3041 5247 Editio,
3076 5179 3378 5233 Emeritam.
3415 5180 3582 5231 Anev.

2288 5255 2377 5308 87.
2415 5255 2465 5305 In
2489 5246 2593 5305 trra
2622 5254 2726 5304 486
2753 5246 3090 5307 consentiunt
3118 5264 3303 5305 omnes
3351 5249 3563 5311 optima!
3593 5246 3813 5300 Editio-

2218 5336 2335 5378 nes.
2368 5323 2468 5375 Pro
2507 5323 2818 5377 Tlteuderedi
2845 5362 2861 5385 ,
2893 5322 2981 5374 alii
3029 5321 3261 5374 scribunt
3309 5318 3609 5371 Tlteuderiei
3634 5358 3649 5379 ,
3708 5318 3813 5369 alii

2220 5394 2544 5448 Theudorici.
2579 5394 2721 5447 Idem
2751 5403 2829 5444 t'Sl
2864 5408 2949 5444 rex
2990 5393 3079 5459 qni
3110 5406 3229 5444 mox
3266 5387 3610 5459 Tlteuttericus
3638 5401 3810 5439 voca-

2220 5475 2321 5519 tur.
2359 5465 2459 5518 Pro
2490 5465 2632 5516 im'tio
2662 5462 2828 5533 regni,
2860 5462 2947 5514 alii
2989 5457 3135 5515 initia
3164 5460 3327 5533 regni.
3352 5457 3648 5533 Floreeius,
3680 5471 3812 5533 cum

2219 5536 2457 5612 Labbeo,
2492 5526 3029 5612 invaditﬁrruptuque
3055 5547 3143 5598 prr
3171 5526 3350 5612 dolum
3377 5526 3637 5610 Ilerdensi
3658 5528 3810 5612 urbe,

2217 5609 2317 5677 egit
2354 5606 2424 5677 ibi
2472 5598 2709 5677 magnam
2768 5598 3130 5677 captivitatem.
3173 5598 3596 5677 Carthaginem“
3624 5634 3640 5662 ,
3694 5606 3808 5651 etc.

2217 5672 2368 5744 Quod
2401 5690 2464 5728 ex
2496 5673 2671 5727 ldacio
2695 5683 2965 5740 sumptum
3000 5673 3223 5744 videtur.
3258 5672 3427 5744 Aser.

2290 5744 2429 5801 Ibid.
2449 5744 2609 5801 Annis
2634 5758 2707 5799 ts.
2738 5743 2900 5798 Annis
2927 5758 3019 5800 vni
3038 5742 3093 5800 in
3114 5755 3217 5800 vet.
3242 5742 3369 5799 Cod.
