4084 6160
360 305 487 362 1031

1418 307 1502 361 DE
1544 306 1721 362 VIRIS
1762 305 2217 362 ILLUSTBIBUS
2258 306 2479 361 LIBER.

3482 313 3619 369 1082

356 421 540 489 praelia
568 420 824 475 adversus
853 434 971 474 cum
1003 459 1017 484 ,
1049 420 1220 489 primo
1251 421 1483 491 fugatur,
1517 422 1715 479 deinde
1742 432 1929 491 captus
1956 424 2002 480 Α
2035 422 2168 475 vina:
2198 419 2475 475 Trinitatis
2516 419 2774 489 emergit,
2808 420 2874 474 de
2902 419 3173 475 Gallicana
3205 421 3501 478 Gothorum
3536 442 3619 479 re-

355 513 633 567 occiditur.

428 602 519 659 83.
552 604 682 659 Era
720 618 909 669 coxcv,
943 605 1210 660 exstincto
1239 605 1577 671 Recchiario,
1609 607 1792 671 Suev‘t,
1845 610 1932 677 qui

358 706 726 750 remanSt-rant
775 696 825 748 in
860 704 1100 750 extrema
1156 705 1306 765 parte
1344 695 1645 761 Callaeciae,
1677 698 1934 753 Maltlram

356 785 588 840 Massilre
615 785 777 838 liiium
811 800 989 853 regem
1014 785 1113 839 sibi
1142 787 1492 839 constituunt.
1527 788 1645 840 Mox
1691 787 1932 842 bifariam

354 878 508 930 divisi
529 917 544 938 ,
591 890 709 943 pars
742 876 1084 942 Frantanem,
1111 891 1231 945 pars
1254 876 1509 930 blaldram
1543 894 1721 944 regem
1752 879 1936 947 appel—

356 968 487 1022 lant.
511 966 619 1021 Nec
647 984 815 1023 mora.
844 968 1108 1021 Frantane
1136 979 1368 1031 mortuo.
1396 969 1576 1036 Suevi,
1599 970 1688 1037 qui
1717 986 1837 1024 cum
1871 986 1936 1026 eo

354 1069 531 1125 erant,
568 1058 1026 1113 Reccbimundum
1060 1071 1383 1129 sequuntur,
1437 1068 1509 1123 et,
1565 1077 1684 1115 cum
1736 1062 1938 1118 Maldra

353 1165 481 1220 pace
509 1151 662 1215 inita,
690 1151 888 1220 pariter
921 1152 1078 1221 136
1102 1161 1278 1219 partes
1313 1151 1595 1206 Lusitania?
1622 1152 1938 1217 depraedato-

355 1254 460 1299 tur.
482 1246 683 1299 Maldra
716 1255 889 1301 autem
924 1248 1078 1301 tertio
1107 1246 1255 1317 regni
1280 1263 1421 1301 anno
1444 1264 1472 1301 a
1505 1247 1615 1303 suis
1638 1248 1937 1318 jngulatur.

422 1343 512 1398 89.
562 1342 687 1397 [Era
712 1359 948 1398 coxcnx.
982 1343 1179 1397 Maldra
1210 1342 1512 1408 interfecto,
1547 1345 1683 1398 inter
1715 1345 1936 1399 Fruma-

350 1431 487 1487 rium
515 1441 569 1489 et
596 1433 1036 1486 Remismundnm
1056 1433 1225 1487 oritur
1255 1433 1320 1487 de
1352 1434 1499 1502 regni
1534 1443 1795 1501 potestate
1823 1436 1936 1491 dis-

350 1524 562 1590 sensio;
604 1525 696 1578 sed
729 1523 1038 1578 Frumarius
1074 1539 1192 1578 cum
1238 1540 1396 1578 manu
1427 1525 1745 1592 Soevorum,
1775 1542 1935 1595 quant

352 1614 602 1678 habebat,
634 1614 923 1668 Flavien~is
980 1615 1124 1669 urbis
1169 1626 1487 1670 conventum
1540 1596 1688 1686 gravi
1746 1619 1940 1674 evertit

351 1705 582 1760 excidio.
640 1703 1053 1759 Remismundus
1125 1718 1300 1760 autem
1368 1708 1538 1761 vicina
1584 1710 1683 1763 sibi
1740 1710 1939 1778 pariter

2038 518 2192 577 uionc
2223 515 2322 568 hoc
2346 514 2650 581 pestiferum
2685 513 2826 565 virus
2852 512 3102 575 afferens,
3130 523 3182 566 et
3216 522 3378 567 totam
3401 526 3614 586 gentem

2038 610 2333 664 Sucvorum
2357 608 2567 661 lethalis
2590 606 2825 675 perfidia:
2841 607 2958 659 tabe
2982 606 3243 660 inliciens.
3272 608 3445 660 Multis
3467 609 3621 664 dein-

2039 700 2103 752 de
2141 697 2438 751 Suevorum
2466 697 2680 763 rrgibus
2706 695 2756 748 in
2801 696 2994 748 Ariana
3041 695 3230 748 haeresi
3262 698 3623 762 permanenti-

2039 788 2158 849 bus,
2193 789 2406 840 tandem
2436 785 2581 854 regni
2600 793 2915 852 potestatem
2948 784 3340 838 ’l‘beudcmirus
3362 788 3616 855 suscepit.

2107 879 2197 933 9|.
2228 880 2326 944 Qui
2375 879 2652 932 confestim
2677 919 2689 939 .
2748 879 2960 932 Arianae
2991 876 3279 946 impietatis
3308 893 3488 932 errore
3518 878 3625 933 de-

2038 985 2281 1041 structo,
2351 976 2554 1029 Suevos
2627 973 2906 1027 catholicm
2976 973 3094 1027 fidei
3153 974 3427 1037 reddidit,
3479 973 3623 1026 iuni.

2040 1074 2182 1119 lente
2236 1066 2480 1126 Martino.
2527 1064 2834 1117 monasterii
2866 1064 3165 1117 Dllll'liCllSiS
3215 1064 3486 1129 episeopo.
3523 1064 3624 1115 litle

2037 1168 2091 1210 et
2142 1157 2361 1211 scientia
2419 1158 2564 1210 claro
2595 1196 2609 1221 ,
2662 1154 2814 1224 Cujus
2870 1157 3044 1210 studio
3098 1166 3152 1210 et
3206 1171 3305 1224 pix
3372 1156 3624 1209 Erclesie

2037 1248 2289 1313 ampliata
2347 1256 2470 1311 est,
2527 1257 2579 1300 et
2623 1248 2781 1299 multa
2837 1247 2887 1300 in
2950 1246 3335 1301 Ecclesiasticis
3389 1246 3626 1313 discipli-

2038 1342 2120 1394 nis
2176 1340 2439 1394 Gatlmc'm
2497 1338 2808 1408 regionibus
2866 1340 3128 1393 instituta.
3199 1338 3325 1392 Post
3380 1338 3625 1393 Theode-

2039 1436 2231 1486 tuirunt
2277 1432 2410 1485 Miro
2456 1432 2751 1485 Suevorutn
2810 1430 3054 1499 princeps
3105 1429 3355 1494 eilicitur,
3395 1442 3625 1497 regnans

2037 1538 2163 1577 ann.
2200 1538 2313 1578 xm.
2355 1522 2450 1576 llic
2486 1523 2681 1575 bellum
2713 1522 2947 1574 secundo
2979 1522 3127 1589 regni
3187 1530 3371 1573 contra
3423 1519 3626 1572 Bucco-

2040 1630 2134 1670 nes
2168 1617 2363 1669 intulit.
2396 1615 2597 1669 Deinde
2631 1616 2681 1666 in
2712 1615 2965 1668 auxilium
2990 1613 3296 1683 Leovigildo
3328 1613 3624 1667 Gothorum

2042 1708 2156 1777 regi
2198 1709 2456 1761 adversus
2496 1706 2747 1761 rebellem
2801 1707 2963 1760 lilium
3003 1707 3410 1775 expugnandum
3442 1702 3628 1771 Hispa-

350 1796 738 1863 Auregensium
771 1806 823 1849 et
849 1793 1108 1850 Lucensis
1154 1807 1448 1852 conitenlus
1479 1801 1741 1853 maritima
1772 1814 1936 1869 popu-
1967 1799 2013 1859 Β
2044 1800 2136 1853 lim
2169 1800 2358 1868 pergit,
2392 1799 2568 1868 ibique
2599 1797 2879 1851 terminum
2910 1797 3031 1850 vita:
3058 1796 3264 1850 clausit.

352 1886 509 1940 latur.

421 1976 512 2033 90.
531 1977 657 2033 IEra
679 1994 771 2038 uti.
800 1977 1079 2033 Frumario
1106 1979 1787 2047 mortuo.Retnismundns,
1814 1998 1931 2037 om-

350 2068 508 2123 nibus
528 2070 718 2124 Suevis
741 2071 792 2122 in
822 2085 973 2123 suam
1001 2069 1255 2125 ditionem
1290 2073 1450 2139 regali
1471 2073 1592 2141 jure
1623 2076 1880 2128 revocatis
1916 2115 1931 2136 ,

350 2175 536 2229 pacein
564 2176 684 2214 cum
732 2159 981 2215 Gallzecis
1041 2163 1316 2227 reformat,
1367 2162 1569 2229 legatos
1626 2164 1841 2219 foederis
1869 2165 1933 2217 ad

350 2249 738 2307 Theudericum
764 2268 943 2321 regem
970 2252 1262 2308 Gothorum
1289 2255 1467 2315 mittit,
1486 2272 1513 2309 a
1547 2272 1652 2324 quo
1667 2259 1826 2311 etiam
1845 2274 1937 2325 per

349 2345 574 2409 legatos,
604 2354 655 2399 et
675 2353 913 2408 arma,et
934 2344 1240 2413 conjugem,
1268 2361 1425 2415 quam
1446 2345 1685 2410 haberet,
1711 2348 1933 2413 accepit.

348 2435 477 2490 Inde
505 2435 569 2490 ad
601 2435 928 2489 Lusitaniam
970 2437 1178 2489 transit.
1204 2436 1561 2490 Conimhriam
1606 2452 1735 2506 pace
1774 2440 1930 2494 dece~

345 2536 491 2597 ptam
520 2527 719 2596 diripit.
747 2526 1060 2599 Olyssipona
1086 2543 1296 2597 quoque
1311 2529 1461 2585 abeo
1482 2541 1793 2597 occupatur,
1817 2533 1932 2585 cive

344 2636 469 2688 suo,
487 2623 573 2691 qui
600 2620 673 2675 illi
699 2631 949 2687 prun-rat,
972 2623 1216 2677 tradente
1238 2623 1473 2679 Lusidio.
1509 2625 1675 2693 llujus
1695 2635 1935 2692 tempore

345 2715 503 2782 Aiax,
529 2713 746 2767 natione
771 2712 865 2768 Gal
885 2723 971 2777 .ta,
1003 2713 1223 2768 ellectns
1254 2727 1489 2783 aposmta
1514 2715 1765 2782 Arianus,
1798 2716 1937 2771 inter

345 2806 573 2870 Suevos,
602 2805 740 2875 regis
768 2806 849 2860 sui
873 2807 1099 2871 auxilio,
1131 2808 1300 2863 hostis
1324 2807 1601 2862 catholicae
1631 2807 1754 2863 ﬁdei
1778 2818 1831 2862 et
1852 2809 1936 2863 di-

414 2945 507 2999 88.
541 2942 653 2998 Nec
693 2961 857 3000 mora.
888 2945 943 3000 Id
970 2947 1259 3013 genuinum
1311 2958 1435 3012 puto
1479 2963 1601 3003 cum
1634 2948 1849 3004 Labbco
1879 2957 1933 3003 et

340 3036 486 3089 ali's.
522 3035 703 3089 Grialii
739 3038 922 3099 editio,
954 3055 1045 3091 nec
1069 3056 1208 3094 mox.
1239 3041 1409 3093 Annv.

414 3107 505 3161 89.
543 3108 991 3169 Remismundum,‘
1014 3111 1109 3172 a|.,
1142 3109 1573 3177 Reccimuntlum;
1599 3110 1695 3176 al.,
1726 3111 1935 3165 Ilecchi-

340 3198 611 3271 vitandum,
646 3201 724 3251 vel
762 3200 1187 3254 Rerltimtmtlum.
1236 3200 1339 3253 Pro
1370 3200 1759 3269 Auregemium,
1793 3203 1933 3271 quod

344 3267 623 3320 Flurezius
665 3271 1050 3335 praeferendum
1103 3274 1196 3332 ait,
1254 3273 1344 3325 alii
1402 3267 1768 3337 Aurianaium;
1813 3267 1930 3339 Μὶν,

342 3340 686 3408 Arigensium.
716 3344 882 3393 ABRV.

415 3430 503 3504 9ft.
536 3429 662 3504 Inde
691 3433 760 3483 ad
790 3432 1131 3488 Lusitaniam.
1152 3434 1370 3504 _Citatttr
1400 3436 1452 3488 in
1498 3436 1719 3504 epistola
1753 3436 1933 3491 Innoc.

340 3498 410 3573 l_|l
435 3500 504 3573 ad
535 3500 744 3555 Petrum
770 3505 1113 3573 Cotnpostell.
1151 3502 1401 3571 Isidorus,
1438 3507 1487 3559 in
1533 3498 1835 3573 Cltronicis,
1866 3509 1933 3563 de

344 3569 561 3630 Gothis,
592 3573 744 3625 titulo
771 3576 836 3624 de
863 3569 1077 3628 suevis.

340 3638 557 3764 Anlnbjd.
617 3639 906 3698 Revocatis.
938 3645 1247 3709 Florezlus,
1276 3660 1396 3700 cum
1426 3644 1670 3714 Labbeo,
1719 3652 1931 3702 vocatis.

2121 1891 2274 1960 137
2289 1890 2378 1944 92.
2410 1890 2541 1943 lluic
2569 1889 3009 1942 Heboricuslllius
3042 1887 3092 1940 in
3123 1902 3342 1955 regnum
3366 1886 3625 1952 succedit.

2036 2000 2193 2054 quem
2212 1984 2607 2037 adolescentem
2627 1982 2862 2044 Andeca,
2892 1992 3101 2048 sumpta
3137 1979 3435 2050 tyrannide,
3465 1994 3628 2048 regno

2039 2076 2226 2143 privat,
2260 2084 2313 2128 et
2344 2073 2659 2126 monachum
2690 2072 2884 2125 factum
2931 2072 2979 2123 in
3035 2069 3357 2123 monasterio
3386 2068 3626 2133 damnat,

2042 2182 2135 2235 pro
2164 2182 2269 2233 quo
2300 2181 2404 2218 non
2440 2165 2530 2219 diu
2564 2172 2647 2219 est
2681 2163 2840 2216 dilata
2874 2166 3159 2217 sententia.
3195 2162 3324 2214 Nam
3360 2158 3629 2227 Lcovigil—

2042 2259 2165 2322 dus,
2197 2258 2493 2313 Gothorum
2528 2273 2639 2320 rex,
2676 2256 2865 2310 Suevis
2917 2270 3037 2308 mox
3088 2255 3280 2307 bellum
3342 2254 3575 2307 inferens
3607 2293 3625 2319 ,

2041 2349 2261 2404 obtentu
2290 2351 2477 2403 eodem
2510 2363 2694 2419 regno,
2729 2349 3072 2400 Andccanem
3104 2345 3320 2412 deiecit,
3347 2353 3506 2413 atque
3532 2344 3628 2397 de-

2038 2450 2271 2505 tonsutn,
2293 2451 2413 2508 post
2438 2440 2583 2508 regni
2612 2440 2893 2501 honorem,
2925 2435 3235 2505 presbyterii
3264 2434 3445 2488 officio
3476 2450 3628 2487 man-

2036 2534 2252 2601 cipavit.
2278 2534 2368 2587 Sic
2396 2534 2535 2585 enim
2568 2533 2801 2600 oportuit
2833 2531 3051 2598 utquod
3081 2529 3192 2598 ipse
3220 2526 3330 2594 regi
3361 2541 3459 2580 suo
3484 2526 3632 2579 fece-

2041 2635 2160 2688 rat,
2202 2640 2391 2679 rursus
2444 2625 2582 2677 idem
2633 2637 2866 2691 congrua
2927 2620 3291 2674 vicissitudine
3335 2626 3625 2685 pateretur.

2041 2719 2281 2787 Regnum
2314 2728 2491 2773 autem
2533 2717 2827 2772 Suevorutu
2857 2714 3087 2768 deletum
3139 2714 3189 2766 in
3223 2712 3426 2767 Gothos
3455 2720 3632 2766 trans-

2047 2812 2239 2875 fertur,
2272 2811 2412 2879 quod
2445 2810 2704 2864 mansisst:
2734 2822 2954 2864 cuxvn
2984 2805 3139 2859 annis
3168 2805 3440 2859 scribitur.

2042 3018 2082 3074 Ρ
2113 2951 2202 3002 ill.
2236 2954 2369 3005 Miro
2418 2960 2581 3021 C(I'pll
2610 2966 2711 3004 tera
2748 2965 2898 3014 acu,
2924 2964 2984 3005 ex
3013 2948 3205 3002 cnncil.
3267 2962 3302 3001 ιι
3340 2945 3625 3001 Bracchar.

2088 3037 2241 3074 snex.

2088 3037 2241 3075 ΕῐὶΕΖ.

2116 3090 2253 3144 Ibid.
2286 3090 2548 3152 Labbeus,
2577 3102 2755 3143 contra
2789 3089 3046 3143 Romanos
3076 3088 3352 3141 Roccones.
3402 3086 3456 3138 lu
3498 3093 3623 3137 nota

2046 3160 2270 3225 Perrzii,
2304 3162 2563 3216 Ruccones
2594 3163 2644 3213 in
2676 3171 2771 3214 vet.
2797 3162 2940 3226 cod.,
2975 3162 3114 3225 quod
3172 3160 3342 3223 ipsum
3371 3165 3544 3210 exstat
3576 3156 3627 3207 in

2047 3243 2225 3293 textu,
2267 3241 2424 3299 atque
2473 3232 2608 3284 adeo
2640 3232 2863 3285 foita~5e
2891 3232 2941 3284 in
2990 3238 3112 3283 nota
3159 3227 3435 3299 legendum
3472 3233 3633 3299 esset

2050 3294 2489 3355 Iloccunestide
2544 3303 2892 3354 lticlarensem
2922 3339 2935 3362 ,
2984 3300 3046 3350 ad
3091 3313 3285 3351 annum
3322 3294 3446 3361 572,
3472 3295 3630 3356 inira,

2048 3371 2293 3425 Labhens
2329 3389 2341 3423 :
2374 3373 2623 3423 Adversus
2661 3372 2892 3422 rebeltem
2936 3370 3100 3437 ﬁlium
3142 3367 3209 3418 ad
3237 3365 3630 3433 expugnandam

2047 3442 2304 3505 Hispalim
2336 3442 2486 3502 vmit,
2514 3454 2560 3491 et
2583 3441 2696 3493 vita:
2717 3442 2986 3494 terminum
3026 3438 3227 3490 clausit.
3260 3440 3427 3488 Anev.

2115 3513 2376 3565 Rucconcs
2403 3512 2451 3563 in
2482 3521 2587 3563 vel.
2617 3509 2749 3565 Cod.

2110 3582 2201 3635 92.
2230 3582 2433 3635 Audeca
2464 3580 2515 3633 itt
2548 3591 2651 3634 vet.
2685 3580 2812 3634 Cod.
2849 3595 2944 3646 pro
2969 3579 3195 3632 Andeca.

2112 3651 2252 3705 Ibid.
2280 3651 2607 3721 Presbyterii.
2635 3652 2742 3719 AL,
2769 3644 3075 3721 presbyteri;
3122 3659 3175 3703 et
3206 3644 3505 3717 congruenti
3530 3659 3625 3714 pro

2043 3738 2285 3793 congrua.
2320 3726 2490 3777 Ausv.

2104 3870 2683 3879 “-mm--_
2697 3871 2818 3881 ..η-
2846 3869 3060 3877 _..____.

1357 3867 1641 3876 .——-—~——.
1657 3868 2683 3879 .———.-—..————_—-——_——mo-_
2697 3871 2818 3881 --γ-
2846 3869 3060 3877 —___——-
3392 3863 3555 3873 ⁸.-

716 3902 731 3910 α

1133 4060 1292 4133 138
1342 4025 2015 4142 SANGTI
2090 4027 2786 4143 Ismom

1637 4242 2051 4295 HISPALENSIS
2085 4243 2371 4295 EPISCOPI
2884 4270 2895 4279 -

791 4402 1058 4542 DE
1136 4403 1671 4553 VIRIS
1769 4405 2960 4552 ILLUSTRIBU

1797 4644 2175 4726 LIBER.

1844 4781 2137 4796 ξῂ-ο

1717 4857 2207 4965 praelatio.

416 5041 468 5093 1.
504 5039 748 5104 Quamvis
784 5040 1018 5109 superius
1048 5039 1255 5111 plurimi
1282 5050 1509 5094 veterum
1539 5050 1744 5095 tractatt
1761 5059 1877 5096 rum
1921 5046 2050 5098 inter
2098 5045 2304 5100 Crwcos
2348 5057 2392 5098 et
2443 5045 2657 5100 Latinos
2685 5056 2958 5116 scriptores
2989 5047 3271 5103 doctissimi
3298 5058 3602 5107 cunctentur

337 5141 512 5186 tamen
539 5150 653 5187 reor
683 5134 790 5203 ipse
817 5134 968 5187 etiam
999 5150 1280 5201 paucorum
1312 5136 1605 5189 memoriam
1630 5136 1818 5205 facere,
1848 5155 2065 5207 quorum
2105 5140 2365 5193 lectionem
2396 5140 2566 5194 recolo
2592 5155 2670 5194 me
2696 5140 2952 5210 attigisse.

336 5269 380 5322 1.
420 5269 578 5339 139
708 5268 928 5339 Xystus,
957 5283 1089 5337 papa
1122 5269 1415 5325 Romanus.

337 5361 413 5416 11.
697 5361 1017 5429 Macrobius,
1048 5362 1323 5418 diaconus.

334 5452 431 5507 ΙΙΙ.
703 5452 1037 5517 [‘bilastrius,
1066 5469 1153 5522 ep.
1191 5455 1501 5511 Brixiensis.

336 5544 431 5599 IV.
689 5544 1023 5611 Theodorus,
1053 5561 1140 5615 ep.
1174 5548 1603 5617 Mopsuestcnus.

416 5682 466 5755 l.
488 5679 757 5755 Superius,
771 5678 820 5755 id
839 5687 941 5755 est,
955 5680 1007 5755 in
1024 5681 1342 5755 Hieronymo
1353 5695 1400 5742 et
1416 5687 1710 5743 Gennadio.
1732 5688 1929 5744 l’t-znsz.

415 5750 555 5803 Ibid.
591 5752 643 5804 In
692 5749 995 5807 lsidurianis
1023 5763 1181 5823 caput
1220 5749 1288 5811 80
1317 5764 1391 5812 sic
1431 5761 1674 5829 inscripsi
1710 5779 1723 5813 :
1778 5760 1929 5814 Liter

1960 5724 2011 5783 Ι)

2042 5276 2107 5332 V.
2393 5277 2571 5343 Osius,
2604 5278 2771 5344 episc.
2804 5278 3188 5353 Cordubensis.

2048 5368 2129 5421 γι.
2394 5370 2657 5424 Turanius
2690 5371 2931 5437 Βιιῆιιυε,
2958 5375 3232 5444 presbyter
3247 5374 3622 5445 Aquileiensis.

2040 5457 2153 5511 νη.
2389 5459 2754 5529 Verecnndus,
2787 5478 2876 5531 ep.
2902 5463 3206 5520 Africanus.

2045 5549 2173 5605 Vlll.
2388 5551 2714 5618 Victorinus,
2744 5554 3045 5623 episcopus.

2038 5687 2235 5761 Isidori
2258 5686 2319 5761 de
2357 5684 2496 5761 Viris
2521 5685 2822 5761 illushjbus.
2848 5685 3108 5761 Editiones
3141 5691 3295 5761 hujus
3323 5692 3459 5756 libri,
3498 5706 3618 5743 mss.

2038 5758 2363 5827 exemplaria.
2393 5754 2641 5827 I’rrrfutt'o
2662 5758 2937 5813 Zaccaritv.
2965 5759 3015 5813 II
3023 5754 3226 5817 arduini
3248 5754 3622 5817 diltt‘tat'unfta
