4004 6144
518 329 645 385 103ἷ

576 538 628 587 7.
647 533 741 587 llic
769 538 944 583 autem
974 534 1091 593 post
1113 524 1325 589 longum
1351 520 1557 573 senium
1585 519 1888 580 vetustatis,
1914 515 1965 569 id
1988 525 2091 578 est,

528 634 643 692 post
688 621 840 693 1&3
864 617 1216 673 centesimum
1264 613 1490 680 primum
1524 625 1721 663 annum
1750 607 1801 661 in
1843 609 1958 675 ipso
1983 605 2094 674 jam

520 717 700 769 limine
717 713 839 764 vita:
865 724 894 762 a
911 706 1027 761 lidei
1049 704 1305 758 limitibus
1330 703 1617 763 subruens,
1637 698 1902 765 serpentis
1920 695 2097 763 jaculu

517 803 768 860 concidit.
795 799 923 852 Nam
942 794 1233 849 accersitus
1249 810 1275 844 a
1304 789 1616 844 Constantio
1638 786 1899 854 principe,
1917 784 2099 837 minis-

519 910 621 963 que
647 892 981 961 perterritus,
1016 895 1254 940 metuens
1281 899 1345 937 ne
1369 896 1530 935 senex
1556 890 1608 934 et
1637 880 1786 933 dives
1803 882 1994 931 damna
2022 892 2099 929 re-

523 999 638 1037 rum
686 982 764 1035 vel
796 980 1039 1034 exsilium
1089 983 1380 1044 pateretur,
1413 972 1556 1024 illico
1596 969 1809 1023 Ariana:
1847 966 2102 1033 impietati

526 1072 823 1134 consensit,
856 1078 910 1123 et
940 1066 1254 1121 vocabulum
1284 1060 1760 1128 homottsiou,quod
1791 1060 1949 1112 simul
1983 1074 2103 1111 cum

530 1166 774 1219 Patribus
790 1162 990 1217 Sanctis
1014 1160 1223 1213 carteris
1248 1156 1501 1211 Eeclesiis
1525 1153 1853 1222 sequendum
1875 1152 2108 1203 tradide-

527 1268 626 1320 rat,
651 1264 895 1322 arreptus
920 1252 1207 1319 impietatis
1240 1252 1439 1312 furore,
1468 1247 1775 1299 damnavit:
1804 1246 1957 1313 cuius
1994 1244 2110 1311 qui-

527 1349 646 1400 dem
664 1347 846 1409 vitam,
864 1354 921 1398 ut
942 1342 1157 1405 meruit,
1173 1336 1453 1393 confestim
1471 1338 1646 1391 exitus
1667 1335 1896 1389 crudelis
1912 1334 2103 1387 ﬁnivit.

1137 1450 1364 1504 CAPUT
1396 1449 1480 1502 VI.

607 1546 660 1600 8.
696 1544 958 1597 'I'oranius
993 1541 1236 1595 Iluitinus
1268 1539 1482 1605 scripsit
1521 1536 1587 1590 ad
1626 1535 1907 1605 quemdam
1941 1533 2113 1587 Pauli-

533 1651 655 1688 num
686 1633 1056 1703 presbyterum
1090 1630 1156 1683 de
1187 1628 1653 1681 Benedictiooihus
1694 1625 2112 1694 patriarcharum

535 1726 725 1793 triplici
762 1722 1109 1790 intelligentia
1134 1721 1326 1774 Iibrttm
1351 1719 1479 1771 satis
1504 1720 1859 1781 succinctum,
1893 1727 1943 1771 ct
1969 1718 2109 1771 clara

534 1816 794 1870 brevitate
840 1813 1215 1881 compositum.
1272 1810 1365 1864 llic
1409 1819 1586 1863 autem
1634 1810 1782 1878 juxta
1831 1810 2108 1876 mysticum

533 1921 772 1970 sensum,
798 1920 860 1958 ea
889 1918 1005 1972 quzc
1031 1903 1099 1956 de
1126 1902 1259 1963 Dan,
1288 1902 1396 1954 filio
1424 1900 1609 1963 Iacob,
1637 1899 1831 1968 scripta
1849 1907 1991 1963 sunt,
2016 1915 2119 1952 non

536 2007 683 2049 recte
728 1994 795 2047 de
841 1994 1066 2065 Dominp
1108 2000 1293 2045 nostro
1339 1993 1735 2058 interpretatur,
1780 1989 1904 2042 dum
1939 1991 2119 2058 procul

538 2088 698 2143 dubio
721 2086 785 2142 ad
830 2086 1216 2140 Auticbristum
1259 2084 1442 2139 eadem
1498 2084 1769 2159 pertinere
1816 2091 2118 2138 sanctorum

541 2179 759 2234 Patrum
792 2176 976 2246 probet
1006 2176 1256 2230 assertio.

609 2311 662 2363 7.
684 2308 846 2378 Cujus
858 2309 1082 2376 quidem,
1100 2317 1203 2361 etc.
1221 2308 1351 2363 Vide
1366 2307 1501 2361 inl’ra
1515 2307 1566 2359 in
1580 2306 1906 2360 Marcellino.
1926 2307 2121 2361 Pensz.

614 2378 747 2433 Ibid.
783 2381 1020 2441 Mira-ns,
1057 2381 1105 2433 in
1142 2378 1375 2433 favorem
1406 2379 1538 2441 Usii,
1584 2392 1779 2443 praeter
1814 2378 2119 2440 Baronium,

546 2451 743 2517 allegat
768 2451 1096 2514 Alderetum,
1130 2449 1222 2502 lib.
1252 2464 1292 2512 t,
1324 2463 1444 2517 cap.
1473 2447 1527 2515 '5,
1563 2449 1629 2502 de
1678 2447 1940 2516 Antiquit.
1977 2448 2125 2517 llisp.

543 2522 714 2575 Αιηζν.

613 2596 665 2644 8.
700 2590 933 2642 Meminit
955 2588 1417 2643 Gennadius.Vide
1445 2586 1646 2651 Gelas.,
1674 2586 1797 2641 dist.
1820 2588 1902 2641 15.
1923 2587 2121 2643 Ρεηεῑ.

617 2660 753 2714 Ibid.
780 2659 1055 2712 Toranius.
1080 2659 1186 2714 ΑΙ..
1215 2658 1525 2727 Tyronuius,
1551 2660 1631 2709 vel
1658 2657 1966 2711 Tormmt'us.
1990 2658 2121 2726 Cap.

548 2730 633 2793 17,
670 2746 814 2783 num.
848 2730 934 2795 21,
966 2730 1159 2799 dicitur
1180 2728 1428 2781 Paulinus
1464 2729 1739 2799 presbyter
1761 2730 2125 2799 composuisse

551 2802 740 2853 librum
763 2800 830 2853 de
848 2798 1307 2853 benedictionibus
1332 2798 1744 2858 patriarcharum
1763 2798 1954 2865 triplici
1971 2799 2124 2851 intel-

554 2871 785 2939 ligentiac
815 2886 1029 2938 genere,
1060 2870 1325 2922 diversum
1358 2878 1577 2921 tatnena
1606 2869 1737 2920 libro
1764 2870 2035 2930 ltnlini,ut
2057 2869 2120 2921 ad

552 2957 673 2993 eum
701 2942 871 2993 10111111
896 2940 1089 2991 diram.
1118 2940 1290 2991 liutiui
1325 2955 1418 3005 pro
1448 2954 1503 2990 Se
1533 2939 1775 3005 apologia
1815 2940 1877 2990 ad
1900 2942 2122 2991 Anasta-

552 3011 688 3065 sium
708 3026 894 3079 papam
927 3007 1706 3079 legiturinBihlioth.Gallaml.
1729 3020 1766 3060 t.
1795 3008 1925 3079 VIII.
1953 3013 2118 3061 AREV.

626 3082 679 3133 9.
710 3077 863 3133 Anno
890 3080 1084 3133 ChriSIi
1114 3078 1589 3140 552,Verccundtts
1617 3080 1852 3145 quidam,
1882 3077 2129 3131 Junensis

556 3150 838 3219 episcOpns
878 3150 928 3201 in
969 3148 1239 3217 provincia
1297 3148 1488 3202 Atriete
1546 3150 1832 3219 bizaeena,
1880 3150 2130 3202 delensor

560 3222 723 3274 trium
774 3220 1162 3287 capitulorum,
1217 3234 1359 3270 anno
1409 3229 1533 3271 ante
1586 3218 1818 3271 habitam
1868 3218 2131 3287 synodum

558 3290 1059 3353 ConstantinOpulit.
1106 3287 1343 3356 quintam
1398 3289 1722 3353 generalem,
1778 3289 1927 3356 juSsu
1972 3288 2133 3342 Justi-

563 3362 702 3413 niani
734 3360 1104 3426 imperatoris,
1146 3359 1294 3413 exsul
1338 3358 1677 3411 Chalcedone
1724 3362 1967 3411 moritur.
2014 3358 2135 3410 llwc

558 3430 743 3485 Victor
779 3432 1083 3483 'I‘unncnSts
1121 3437 1321 3482 narrat.
1372 3428 1506 3481 Puto
1534 3438 1710 3481 autem
1741 3432 1958 3481 omnino
1999 3428 2135 3479 hunc

562 3501 810 3555 luis~etle
833 3516 935 3568 quo
963 3501 1193 3567 loquitur
1222 3500 1472 3550 Isidorus.
1507 3497 1620 3550 Vidi
1656 3514 1811 3564 purro
1841 3499 1996 3567 hujus
2035 3498 2135 3548 Ve-

558 3573 777 3624 recundi
834 3573 1003 3638 ipsum
1049 3571 1281 3621 libellum
1326 3568 1393 3620 de
1443 3569 1756 3622 I’teuileutia
1803 3569 2137 3622 hexametris

559 3642 839 3709 scriptum,
869 3640 1021 3707 cujus
1056 3638 1154 3691 hoc
1184 3650 1263 3691 est
1295 3638 1499 3689 initium
1529 3654 1543 3690 :

698 3752 818 3811 Quis
837 3752 951 3799 mihi
978 3759 1147 3798 mtcsta
1172 3748 1303 3797 dabit
1323 3750 1597 3811 lacrymosis
1622 3750 1856 3797 imbribus
1878 3764 1960 3797 ora
1977 3749 2003 3799 ‘I

562 3844 611 3898 Is
639 3844 772 3896 liber
802 3842 1044 3897 Gothicis
1094 3841 1287 3895 litteris
1329 3840 1632 3903 descriptus
1665 3841 1759 3893 fuit
1787 3843 1909 3893 olim
1949 3841 2145 3894 Eccle-

560 3916 653 3968 sia:
678 3916 977 3979 Ovetensis,
1008 3923 1187 3981 postea
1221 3912 1360 3978 apud
1392 3911 1701 3965 Michaeletn
1731 3911 1985 3979 Ituyzium
2010 3914 2146 3965 Aza-

563 3990 734 4050 priutn
767 3985 992 4037 amicum
1028 3998 1227 4048 meum,
1270 3981 1537 4050 Rodolphi
1586 3981 1921 4049 imperatoris
1963 3997 2144 4036 secre-

565 4058 775 4108 tarium.
814 4054 1012 4108 Pnnsz.

637 4126 777 4177 Ibid.
808 4124 985 4176 Codex
1019 4126 1083 4175 de
1112 4139 1217 4191 quo
1246 4122 1497 4176 Perezins
1522 4161 1537 4185 ,
1587 4121 1869 4175 hodiednm
1903 4137 2147 4176 asserva-

570 4204 655 4246 tur
686 4195 736 4245 in
770 4194 1084 4245 bibliotheca
1114 4201 1312 4246 sancta:
1345 4191 1595 4246 Ercle.-‘i:e
1619 4193 1919 4257 'l'oletauw;
1954 4202 2005 4245 et
2032 4192 2149 4261 ejus

571 4268 631 4317 Iit
663 4262 861 4315 mentio
890 4264 939 4313 in
978 4263 1220 4313 Editioue
1250 4278 1468 4327 opetunt
1499 4264 1665 4315 sancti
1702 4264 1943 4330 laugenii.
1975 4265 2143 4316 ΛΜΝ.

648 4332 735 4387 10.
764 4333 798 4384 V
812 4331 1018 4383 it-torini
1043 4331 1147 4383 duo
1172 4330 1471 4384 referuntur
1484 4346 1511 4382 a
1530 4332 1874 4401 Hieronymo,
1894 4350 2027 4385 unus
2040 4335 2149 4400 epi-

572 4418 766 4469 seopns
796 4401 1180 4454 Pitabioneusis
1207 4409 1435 4469 martyr;
1478 4402 1613 4454 alter
1643 4404 1824 4454 rhetor
1854 4402 2001 4456 Afer.
2039 4404 2139 4457 Alii

573 4487 786 4541 quoque
817 4474 921 4523 dtto
947 4486 977 4524 a
1007 4470 1302 4533 Gennadio,
1348 4472 1709 4541 unus_rhetur
1737 4483 1788 4525 et
1818 4485 1970 4539 poeta
2007 4474 2134 4527 Mas-

575 4537 830 4606 siliensm,
854 4542 941 4610 qui
967 4541 1346 4593 commentaria
1389 4542 1439 4591 itt
1476 4537 1705 4594 Genesiu
1732 4537 1973 4596 versibus
2000 4543 2147 4596 scri-

575 4615 737 4682 pserit
760 4652 777 4677 ,
805 4628 922 4681 quae
945 4612 1009 4664 nd
1039 4627 1134 4665 nos
1165 4626 1331 4682 usque
1362 4622 1740 4678 pervenerunt,
1768 4623 1820 4664 et
1849 4624 2147 4677 postremus

574 4681 891 4751 Aquitanus.
924 4683 1032 4750 Ego
1059 4696 1193 4744 otxus
1232 4681 1482 4734 Victorini
1523 4682 1780 4734 adversus
1826 4682 2147 4739 Manichaeos

574 4765 628 4806 et
656 4752 1044 4813 Marcionistas,
1076 4751 1215 4818 quod
1257 4754 1322 4802 ab
1356 4751 1559 4804 I~idoro
1588 4754 1837 4815 refertur,
1878 4769 1923 4805 nt
1952 4769 1981 4804 n
2016 4754 2145 4819 vidi,

576 4839 750 4891 neque
787 4838 1006 4890 usquam
1057 4826 1167 4875 scio
1218 4830 1455 4884 exstare,
1506 4822 1598 4873 sed
1646 4834 1771 4887 puto
1810 4824 1969 4875 luisse
2010 4827 2149 4876 illius

577 4894 919 4947 Massiliensis
944 4904 1128 4958 poetae,
1158 4908 1276 4945 nam
1306 4893 1610 4960 episcopum
1637 4893 1801 4946 fuisse
1830 4908 1933 4946 non
1963 4898 2150 4949 metui-

577 4967 655 5018 nit
685 4963 1006 5015 Gennadius.
1044 4962 1240 5015 Prnuz.

650 5030 790 5086 Ibid.
821 5034 1070 5085 Adversus
1102 5031 1483 5084 Marcionislas.
1538 5031 1667 5086 Vide
1717 5032 2036 5102 Augustin.,
2085 5035 2152 5087 de

579 5104 782 5229 lieres.
834 5103 926 5156 lib.
955 5117 995 5165 ι,
1043 5118 1159 5169 cap.
1188 5103 1252 5155 ‘21
1275 5142 1289 5156 .
1322 5111 1374 5155 et
1401 5104 1681 5172 irenreutn,
1715 5102 1808 5157 lib.
1841 5121 1877 5172 I,
1909 5119 2025 5173 Cap.
2058 5104 2148 5159 28.

626 5189 779 5228 saez.

600 5177 779 5228 Psaez.

653 5244 790 5297 Ibid.
824 5243 1008 5297 Libelli
1056 5243 1160 5295 duo
1191 5242 1438 5296 recensiti
1471 5242 1723 5297 Victorini
1767 5244 1896 5297 editi
1943 5244 2153 5299 fuerunt

579 5330 608 5367 a
642 5314 926 5369 Smmondo
954 5312 1207 5378 Lutetiae,
1244 5312 1400 5366 1650.
1433 5314 1549 5366 Alia
1581 5315 1697 5382 ejus
1739 5330 1898 5382 opera
1942 5324 2153 5368 exstant

583 5390 633 5437 in
671 5386 983 5438 bibliotheca
1016 5383 1249 5448 Patrum;
1274 5399 1390 5450 qum
1420 5384 1597 5437 omnia
1630 5386 1835 5437 Mira-us
1861 5393 2008 5451 putat
2033 5400 2153 5440 esse

586 5454 839 5507 Victorini
865 5455 1096 5507 rhetoris
1114 5455 1249 5507 Afri.
1267 5452 1446 5521 Neque
1471 5454 1609 5509 hunc
1634 5455 1985 5524 Hieronymus
2008 5457 2149 5521 epis-

584 5542 775 5593 copum
824 5524 971 5577 dicit.
1008 5524 1307 5577 Victorinus
1352 5524 1646 5591 Aquitanus
1690 5524 1785 5577 fuit
1842 5526 2148 5580 calculator.

590 5598 801 5649 Mira-us
831 5602 979 5664 putat
1011 5594 1218 5648 libellus
1241 5598 1328 5662 qui
1356 5595 1439 5648 hic
1456 5606 1802 5649 recensentur
1825 5611 1943 5649 esse
1979 5597 2151 5648 Vit-to-

590 5667 686 5717 rim
717 5665 829 5717 Afri
861 5664 1107 5718 rhetoris.
1138 5666 1242 5717 Eos
1269 5665 1435 5718 edidit
1490 5665 1834 5729 Sirmondus;
1870 5677 1990 5733 post
2037 5666 2149 5720 alii.

595 5735 668 5788 De
710 5733 992 5789 Victorinis
1043 5735 1398 5791 consulendus
1451 5733 1757 5791 Gallaudius
1810 5737 1861 5791 in
1907 5737 2151 5807 prolego-

1554 310 1611 365 S.
1657 306 1902 364 ISIDORI
1943 304 2387 362 HISPALENSIS
2440 298 2745 358 EPISCOPI

513 445 671 498 etiam
716 437 943 493 concilio
980 428 1399 502 quamplurimas
1445 424 1611 479 edidit
1641 424 1754 491 ipse
1785 420 2097 476 sententias.
2133 422 2178 478 Α

2173 4442 2223 4501 1)

3653 295 3776 349 I053

2802 410 3025 465 CAPUT
3079 409 3186 463 VII.

2273 509 2326 561 9.
2362 504 2727 565 Verectmdus,
2777 502 3057 557 Africanus
3084 502 3369 567 episcopus
3391 540 3406 563 ,
3436 502 3628 553 studiis
3660 501 3782 552 hbe.

2207 599 2395 651 ratium
2443 599 2745 651 litterarum
2792 594 3044 655 disertus,
3066 592 3233 645 edidit
3260 592 3501 646 carmine
3528 592 3783 662 dactylico

2206 687 2340 739 duos
2380 686 2622 739 modicos
2664 686 2960 751 brevesque
3009 682 3239 743 libellos,
3292 698 3521 750 quorum
3568 684 3782 749 primum

2210 781 2275 831 de
2304 777 2715 830 Rt-sttrreetione
2739 783 2793 827 et
2815 772 3021 826 Iudicio
3046 772 3282 839 scripsit,
3316 772 3547 824 alterum
3585 785 3709 824 vero
3725 771 3783 825 de

2214 870 2554 933 Ptnuitentia,
2608 870 2659 923 in
2691 882 2797 938 quo
2827 866 3155 923 lamentabili
3184 866 3427 921 carmine
3458 864 3674 935 propria
3699 864 3783 920 tle-

2215 962 2336 1015 licta
2360 960 2621 1029 deplorat.

2798 1045 3024 1102 CAPUT
3075 1045 3208 1101 VIII.

2287 1142 2681 1197 IO.Victorinus
2701 1141 2983 1208 cpiscopus
3005 1137 3309 1206 composuit
3335 1144 3392 1192 et
3422 1138 3540 1205 ipse
3562 1137 3791 1191 versibus

2218 1241 2322 1289 duo
2351 1238 2600 1305 opuscula
2626 1234 2784 1305 144,
2798 1232 3082 1287 admodum
3108 1231 3291 1285 brevia
3318 1248 3331 1283 :
3361 1247 3529 1284 unum
3552 1232 3790 1285 adversus

2221 1328 2541 1381 Maniclnros
2591 1326 2937 1393 reprobantes
2986 1323 3195 1377 Veteris
3238 1322 3575 1375 Testamenti
3613 1324 3790 1389 Deum,

2220 1434 2508 1487 veramque
2575 1416 2998 1471 incarnationem
3068 1413 3265 1467 Christi
3335 1414 3792 1477 contradicentes;

2222 1509 2380 1562 alium
2410 1518 2586 1561 autem
2620 1506 2880 1559 adversus
2930 1503 3333 1566 Marcionistas,
3383 1500 3480 1571 qui
3530 1502 3644 1553 duo
3669 1505 3794 1570 prin-

2223 1600 2384 1667 cipia,
2422 1600 2471 1653 id
2504 1607 2609 1660 est,
2642 1598 2775 1650 duos
2804 1595 2935 1650 deos
2970 1596 3172 1661 ﬁngunt
3215 1611 3229 1649 :
3261 1610 3426 1646 unum
3478 1595 3700 1655 malum,
3723 1594 3796 1661 ju-

2225 1698 2365 1741 stum
2396 1698 2763 1741 creaturarum
2787 1685 3121 1739 conditorem
3152 1692 3205 1737 et
3236 1683 3632 1737 retributorem
3655 1682 3799 1735 facto-

2145 1784 2191 1842 B
2222 1796 2374 1845 rum;
2434 1779 2661 1833 alterum
2717 1779 2939 1846 bonum,
2992 1777 3290 1830 animarum
3338 1786 3713 1845 susceptorem
3755 1784 3801 1829 et

2227 1871 2546 1927 indultorem
2580 1870 2887 1925 criminum.

2840 1980 3062 2037 CAPUT
3104 1979 3197 2034 IX.

2302 2078 2387 2134 11.
2421 2079 2629 2139 ltacius,
2660 2077 2951 2147 provincia:
2982 2074 3248 2129 Callaeciae
3270 2073 3587 2141 episcOpus,
3614 2084 3809 2127 secutus

2225 2172 2532 2230 chronicam
2562 2170 2782 2225 Eusebii
2812 2166 3160 2224 Cassariensis
3191 2166 3461 2235 episcopi,
3492 2166 3616 2219 sive
3645 2165 3812 2219 [liere-

2237 2307 2410 2361 menis
2435 2314 2561 2357 tom.
2590 2303 2657 2358 IV
2682 2302 3026 2356 Bibliotheca:
3051 2299 3285 2362 Patrum,
3317 2297 3406 2351 ubi
3427 2297 3676 2359 exhibet,
3701 2313 3810 2368 pag.

2234 2378 2304 2432 49
2328 2387 2381 2429 et
2405 2391 2578 2443 seqq”
2607 2372 2861 2426 Victorini
2884 2369 3121 2443 episcopi
3151 2369 3561 2443 Petavionensis
3601 2378 3657 2443 et
3686 2384 3814 2421 mar.

2237 2450 2367 2516 tyt-is
2399 2438 2685 2498 traciatnm
2718 2438 3561 2516 deqfabrica_mundi,_et_scholia
3602 2439 3653 2491 in
3685 2443 3815 2507 Apo-

2235 2510 2505 2588 calypsin;
2542 2518 2687 2588 item,
2722 2522 2741 2566 ι
2771 2510 2917 2588 VII,
2950 2511 3057 2588 ubi,
3085 2524 3208 2588 pag.
3248 2510 3343 2563 153
3375 2520 3429 2561 et
3458 2524 3618 2577 seqq.
3644 2526 3814 2562 recen-

2237 2581 2337 2643 set'
2368 2588 2495 2639 Fab.
2542 2587 2669 2637 Mar.
2722 2582 2976 2635 Victorini
3036 2581 3143 2633 Atri
3192 2595 3380 2647 opera,
3412 2594 3537 2647 qum
3577 2590 3811 2641 exstant,

2233 2660 2435 2717 munia,
2469 2658 2715 2721 notisque
2738 2655 2987 2717 illustrat;
3031 2654 3165 2704 inter
3201 2665 3321 2717 qua:
3360 2660 3459 2721 est
3499 2650 3638 2702 liber
3687 2666 3818 2721 unus

2232 2740 2415 2783 contra
2450 2720 2784 2786 Manichazos,
2829 2722 2923 2776 sed
2966 2736 3147 2790 prosa,
3170 2735 3275 2774 non
3300 2720 3554 2774 versibus
3579 2720 3815 2774 conscri-

2275 2810 2375 2853 tus.
2408 2798 2577 2850 Ansv.
3286 2790 3295 2798 ’

2235 2816 2375 2868 puis.
2408 2816 2577 2850 ansv.

2306 2870 2568 2931 Il.p\nno
2582 2863 2778 2919 Christi
2794 2862 2914 2916 181.
2932 2860 3153 2924 ldacios,
3168 2859 3513 2924 siveltacios,
3528 2859 3665 2912 duos
3681 2860 3823 2925 ponit

2235 2938 2486 2996 Isidorus.
2511 2952 2643 3001 quos
2658 2935 2777 3000 quia
2796 2933 2927 2985 fal~o
2950 2933 3000 2983 itt
3021 2947 3181 2983 unum
3201 2931 3352 2984 multi
3375 2931 3542 2983 etiam
3562 2940 3824 2983 nostrates

2235 3008 2596 3068 confundunt,
2620 3006 2852 3057 facturus
2884 3017 2993 3053 rem
3030 3014 3233 3068 gratam
3267 3001 3514 3057 videbor.
3546 3004 3592 3052 si
3628 3001 3826 3053 ldacius

2158 3047 2204 3107 Β
2235 3047 2423 3131 hurries
2446 3048 2784 3143 distinguam.
2814 3047 3454 3143 Bcpcrinuenimquinque
3481 3070 3589 3123 hoc
3616 3072 3827 3143 nomine

2239 3150 2533 3213 ιιῇςριυιυε,
2581 3140 2664 3211 qui
2700 3144 2765 3195 ad
2795 3151 2919 3213 ιι-νςχ
2951 3142 3143 3213 retligiA
3161 3155 3320 3206 posse
3347 3140 3623 3213 videntur.
3669 3140 3827 3213 (Vide

2234 3210 2476 3273 scholion
2520 3217 2587 3267 de
2638 3213 2824 3265 ldaciis
2858 3210 3078 3280 tribus.)
3123 3211 3330 3263 Primus
3372 3220 3458 3263 est
3489 3210 3691 3262 Itaeins
3734 3212 3828 3279 (sic

2237 3290 2379 3341 enim
2433 3287 2518 3339 hic
2564 3284 2815 3337 scribitur
2860 3283 2911 3333 in
2957 3280 3178 3335 vetustis
3222 3280 3473 3332 erunibus
3520 3282 3825 3347 Codieibus)

2239 3365 2593 3425 cognomento
2621 3353 2831 3425 Clarus,
2864 3352 3149 3425 episcopus
3170 3350 3596 3425 Ussonobensis,
3622 3352 3827 3419 relega-

2242 3421 2328 3479 tus
2373 3428 2442 3478 ob
2490 3425 2687 3477 cmdem
2738 3422 3049 3476 Priscilliaui
3081 3436 3202 3473 cum
3234 3421 3479 3485 Ursacio,
3538 3436 3687 3472 anno
3724 3426 3829 3472 tere

2240 3497 2437 3551 Christi
2469 3496 2594 3555 3210,
2646 3497 2712 3546 de
2760 3509 2864 3558 quo
2910 3491 3180 3548 Sulpicius
3222 3490 3458 3545 Severus
3502 3490 3557 3543 in
3601 3490 3829 3543 Historia

2244 3565 2637 3626 Eeclesiastica,
2697 3563 3072 3631 Hieronymus.
3126 3571 3177 3631 et
3224 3561 3481 3613 Isidorus.
3543 3562 3592 3613 Is
3615 3565 3831 3625 scripsit

2243 3648 2427 3689 contra
2461 3634 2869 3688 Priscilliannm.
2904 3630 2963 3683 ut
2995 3632 3062 3683 ait
3098 3630 3350 3689 Isidorus,
3378 3632 3471 3683 sed
3500 3645 3609 3683 non
3639 3642 3828 3683 exstat.

2242 3709 2520 3763 serundus
2546 3706 2749 3757 ldacius
2779 3705 3061 3771 episcopus
3094 3702 3443 3754 Emeritensis
3476 3701 3673 3771 iisdem
3702 3710 3833 3771 tetu-

2245 3777 2462 3843 poribus
2504 3792 2622 3827 cum
2667 3770 2963 3840 superiore,
3010 3784 3323 3843 persecutor
3368 3787 3588 3837 quoque
3624 3770 3835 3825 Priscil-

2249 3840 2401 3911 Iiani,
2442 3861 2506 3899 ex
2552 3844 2737 3898 eodem
2768 3843 3005 3910 Sulpicio
3035 3844 3254 3895 Severo.
3286 3840 3525 3911 Uterque
3558 3856 3691 3894 rem
3715 3844 3837 3895 sub-

2246 3916 2432 3969 scribit
2478 3917 2527 3967 in
2565 3914 2771 3983 synodo
2813 3911 3308 3983 Caearaugustatta.
3352 3910 3573 3983 Tertius
3607 3913 3832 3976 ldacius,

2245 3987 2358 4041 sive
2390 3982 2599 4039 Itacius
2620 3985 2784 4054 (nam'
2810 3995 3034 4050 utroque
3064 3982 3261 4054 _tnodo_
3282 3982 3547 4046 scripturn
3596 3985 3832 4054 reperio)

2247 4058 2529 4124 episcopus
2570 4051 2909 4108 Lamecensis
2952 4055 3001 4105 itt
3052 4051 3321 4115 Gallrecia,
3368 4060 3561 4124 auctor
3582 4053 3834 4105 Chmnici

2251 4122 2484 4179 nondum
2535 4126 2685 4187 editi,
2732 4125 2870 4190 quiid
2920 4138 3077 4173 manu
3123 4125 3379 4189 scriptum
3435 4122 3635 4176 habeo.
3703 4124 3838 4176 lsse

2250 4211 2567 4249 conversum
2598 4196 2671 4247 ait
2700 4208 2838 4247 anno
2865 4193 3059 4246 ChriSti
3098 4192 3223 4255 M7,
3255 4192 3545 4254 scripsisse
3579 4208 3711 4246 vero
3752 4207 3839 4243 us-

2250 4282 2353 4335 que
2402 4268 2467 4318 ad
2491 4274 2738 4335 octavum
2767 4280 2964 4315 annum
2998 4263 3215 4323 Leonis,
3246 4263 3319 4313 ait
3350 4261 3611 4335 Isidorus,
3642 4278 3837 4335 nempe

2256 4331 2452 4390 annum
2510 4335 2636 4387 481.
2690 4334 3000 4402 Sigebertus
3044 4335 3115 4385 ait
3156 4345 3324 4398 usque
3355 4331 3421 4383 ad
3446 4346 3653 4386 annum
3714 4333 3835 4386 490.

2250 4406 2576 4460 Trithetnius
2606 4406 2830 4472 primum
2879 4418 2998 4455 cum
3052 4403 3207 4455 tertio
3260 4403 3563 4455 contundit.
3621 4402 3839 4455 Poterat

2248 4488 2301 4531 et
2330 4476 2497 4530 videri
2544 4487 2764 4539 quartus
2796 4474 2997 4527 ldacius
3045 4472 3253 4534 Clarus,
3298 4474 3449 4537 cujus
3495 4486 3636 4538 opus
3665 4483 3839 4526 exstat

2249 4549 2505 4600 adversus
2538 4545 2875 4601 Varidamutn
2898 4545 3166 4596 Arianum.
3198 4540 3303 4595 Sed
3331 4541 3399 4603 is,
3428 4549 3484 4594 ιιι
3519 4555 3671 4608 puto.
3698 4544 3836 4595 idem

2250 4628 2329 4670 est
2352 4632 2472 4670 cum
2504 4618 2673 4684 primo
2695 4612 3057 4684 Ossouobensi
3088 4612 3290 4684 exsule.
3324 4612 3505 4684 Potuit
3534 4616 3682 4666 enim
3709 4613 3838 4666 dum

2252 4682 2637 4755 peregrinatur,
2684 4701 2818 4751 Opus
2865 4682 3135 4737 Varitlami
3187 4682 3367 4755 videre
3421 4682 3651 4755 Neapoli
3707 4684 3841 4735 mbo

2250 4752 2574 4819 Campanize,
2590 4756 2728 4822 quod
2746 4756 2812 4808 de
2828 4769 2886 4808 se
2911 4756 3023 4817 ipse
3040 4762 3237 4805 narrat.
3258 4752 3519 4816 Quartum
3544 4754 3838 4821 (quintum)

2251 4828 2407 4880 etiam
2441 4826 2657 4878 adderet
2696 4826 2885 4893 aliquis
2926 4825 3071 4876 ilhttn
3106 4823 3334 4875 Idacium
3364 4824 3707 4893 episcopum,
3746 4841 3836 4890 qui

2253 4914 2373 4950 cum
2390 4897 2606 4949 Turibio
2622 4892 2941 4949 Asturieensi
2966 4893 3247 4946 Concilium
3268 4892 3561 4946 celebravit
3579 4893 3838 4946 adversus

2254 4966 2700 5027 I’riseillianistas,
2740 4966 2889 5031 jussu
2929 4964 3123 5016 Leonis
3161 4979 3308 5029 papa:
3337 4979 3479 5015 anno
3510 4963 3637 5027 447,
3672 4976 3726 5015 ιιι
3754 4976 3837 5015 est

2255 5037 2305 5088 itt
2346 5040 2570 5101 epistola
2601 5036 2791 5088 Leonis
2817 5035 2882 5088 ad
2910 5034 3206 5094 'I‘uribium,
3235 5045 3287 5085 et
3320 5034 3370 5084 iu
3403 5035 3572 5087 altera
3608 5034 3835 5101 episto‘a

2255 5108 2415 5173 ipsius
2440 5104 2638 5159 Turihii
2680 5106 2745 5158 ad
2790 5106 3014 5158 Idaeium
3046 5116 3097 5156 et
3126 5103 3442 5168 Coponium.
3471 5119 3631 5167 quam
3664 5104 3837 5155 habeo

2254 5172 2685 5241 manusi'riptam.
2745 5176 2847 5229 Sed
2912 5175 2995 5227 hic
3056 5172 3264 5226 ldacius
3316 5189 3379 5226 ex
3431 5175 3837 5239 comparatione

2256 5247 2530 5311 temporis,
2551 5256 2604 5298 et
2624 5244 2883 5299 G..Ila:eia:
2909 5260 3026 5311 prm
3041 5242 3193 5296 inciae
3218 5246 3384 5309 potuit
3410 5258 3529 5296 esse
3550 5244 3691 5295 idem
3710 5258 3832 5296 cum

2256 5318 2409 5369 tertio
2441 5317 2531 5369 illo
2562 5316 2866 5369 Lautecensi
2893 5315 3322 5380 chronograptto.
3360 5313 3559 5367 Pearz.

2326 5385 2462 5439 Ibid.
2522 5387 2679 5440 Idaeii
2740 5384 3045 5441 Chronico“
3103 5384 3613 5437 emendatissimum
3665 5385 3834 5440 edidit

2256 5458 2551 5525 Flurezius,
2596 5466 2725 5510 tom.
2759 5456 2820 5509 IV
2861 5458 3005 5524 llisp.
3050 5468 3211 5514 sacr.,
3244 5454 3333 5519 qui
3364 5456 3431 5506 de
3462 5456 3649 5509 Idaeiis
3673 5456 3828 5524 plura

2254 5528 2519 5595 disputat,
2571 5537 2624 5581 et
2671 5538 2858 5580 contra
2887 5538 3226 5595 communem
3260 5525 3583 5595 Aopinionem
3637 5527 3828 5593 probat

2255 5593 2523 5651 auctorem
2563 5597 2811 5652 Cbrouici
2860 5612 2961 5650 non
2985 5608 3104 5648 esse
3134 5593 3363 5646 Idaeinm
3395 5598 3693 5663 episcOpum
3722 5595 3824 5649 La-

2257 5684 2555 5723 tnecensetu
2581 5707 2597 5727 .
2646 5682 2707 5722 ac
2735 5669 2897 5721 videri
2933 5666 3105 5733 pctius
3147 5679 3268 5716 eum
3314 5665 3475 5719 fuisse
3516 5668 3820 5733 cpiscOpum

2256 5740 2725 5809 Aquillaviensctn,
2753 5739 2804 5794 itt
2830 5737 3098 5793 Gallmcia.
3143 5734 3292 5800 Quod
3342 5733 3577 5801 ldacius,
3609 5752 3819 5789 accusa-
