  <div class='ocr_page' id='page_1' title='image "/cluster/home/n/w/nwhite01/storage/ocr_20150623/83/hvd.32044054758875/550.png"; bbox 0 0 4084 6160; ppageno 0'>
   <div class='ocr_carea' id='block_1_1' title="bbox 215 300 351 356">
    <p class='ocr_par' dir='ltr' id='par_1_1' title="bbox 215 300 351 356">
     <span class='ocr_line' id='line_1_1' title="bbox 215 300 351 356; baseline -0.007 -2"><span class='ocrx_word' id='word_1_1' title='bbox 215 300 351 356; x_wconf 65' lang='lat'><strong>{082)</strong></span> 
     </span>
    </p>
   </div>
   <div class='ocr_carea' id='block_1_2' title="bbox 1276 285 2342 346">
    <p class='ocr_par' dir='ltr' id='par_1_2' title="bbox 1276 285 2342 346">
     <span class='ocr_line' id='line_1_2' title="bbox 1276 285 2342 346; baseline -0.006 -1"><span class='ocrx_word' id='word_1_2' title='bbox 1276 291 1364 346; x_wconf 82' lang='lat' dir='ltr'><strong>DE</strong></span> <span class='ocrx_word' id='word_1_3' title='bbox 1404 288 1583 344; x_wconf 79' lang='lat' dir='ltr'>VIRIS</span> <span class='ocrx_word' id='word_1_4' title='bbox 1626 286 2072 343; x_wconf 75' lang='lat' dir='ltr'><strong>ILLUSTHlBUS</strong></span> <span class='ocrx_word' id='word_1_5' title='bbox 2115 285 2342 340; x_wconf 76' lang='lat' dir='ltr'><strong>LIBER.</strong></span> 
     </span>
    </p>
   </div>
   <div class='ocr_carea' id='block_1_3' title="bbox 3353 292 3485 349">
    <p class='ocr_par' dir='ltr' id='par_1_3' title="bbox 3353 292 3485 349">
     <span class='ocr_line' id='line_1_3' title="bbox 3353 292 3485 349; baseline 0.038 -5"><span class='ocrx_word' id='word_1_6' title='bbox 3353 292 3485 349; x_wconf 72' lang='grc' dir='ltr'><strong>1οτιο</strong></span> 
     </span>
    </p>
   </div>
   <div class='ocr_carea' id='block_1_4' title="bbox 212 397 3490 482">
    <p class='ocr_par' dir='ltr' id='par_1_4' title="bbox 212 397 3490 482">
     <span class='ocr_line' id='line_1_4' title="bbox 212 397 3490 482; baseline -0.002 -18"><span class='ocrx_word' id='word_1_7' title='bbox 212 412 358 482; x_wconf 76' lang='lat' dir='ltr'><strong>nymi</strong></span> <span class='ocrx_word' id='word_1_8' title='bbox 384 405 715 477; x_wconf 75' lang='lat' dir='ltr'><strong>presbyteri,</strong></span> <span class='ocrx_word' id='word_1_9' title='bbox 752 403 1042 475; x_wconf 58' lang='lat' dir='ltr'><strong>1&amp;5qoa}</strong></span> <span class='ocrx_word' id='word_1_10' title='bbox 1084 418 1248 471; x_wconf 83' lang='lat' dir='ltr'><strong>usque</strong></span> <span class='ocrx_word' id='word_1_11' title='bbox 1287 402 1443 455; x_wconf 81' lang='lat' dir='ltr'><strong>hodie</strong></span> <span class='ocrx_word' id='word_1_12' title='bbox 1473 403 1523 453; x_wconf 93' lang='lat' dir='ltr'><strong>in</strong></span> <span class='ocrx_word' id='word_1_13' title='bbox 1556 400 1794 453; x_wconf 77' lang='lat' dir='ltr'><strong>Valentis</strong></span> <span class='ocrx_word' id='word_1_14' title='bbox 1828 408 1873 464; x_wconf 80' lang='grc' dir='ltr'><strong>Α</strong></span> <span class='ocrx_word' id='word_1_15' title='bbox 1904 399 2202 467; x_wconf 80' lang='lat' dir='ltr'><strong>multasque</strong></span> <span class='ocrx_word' id='word_1_16' title='bbox 2247 413 2368 452; x_wconf 90' lang='lat' dir='ltr'><strong>cum</strong></span> <span class='ocrx_word' id='word_1_17' title='bbox 2422 398 2580 453; x_wconf 88' lang='lat' dir='ltr'><strong>beato</strong></span> <span class='ocrx_word' id='word_1_18' title='bbox 2632 397 2916 469; x_wconf 47' lang='lat' dir='ltr'><strong>Fulgentis</strong></span> <span class='ocrx_word' id='word_1_19' title='bbox 2966 402 3358 468; x_wconf 63' lang='lat' dir='ltr'><strong>propositiones</strong></span> <span class='ocrx_word' id='word_1_20' title='bbox 3409 409 3490 459; x_wconf 83' lang='lat' dir='ltr'><strong>al-</strong></span> 
     </span>
    </p>
   </div>
   <div class='ocr_carea' id='block_1_5' title="bbox 215 490 1802 565">
    <p class='ocr_par' dir='ltr' id='par_1_5' title="bbox 215 490 1802 565">
     <span class='ocr_line' id='line_1_5' title="bbox 215 490 1802 565; baseline -0.008 -12"><span class='ocrx_word' id='word_1_21' title='bbox 215 501 436 565; x_wconf 81' lang='lat' dir='ltr'><strong>Augusti</strong></span> <span class='ocrx_word' id='word_1_22' title='bbox 477 496 756 561; x_wconf 68' lang='lat' dir='ltr'><strong>iunpo-rium</strong></span> <span class='ocrx_word' id='word_1_23' title='bbox 794 495 934 548; x_wconf 87' lang='lat' dir='ltr'><strong>edita</strong></span> <span class='ocrx_word' id='word_1_24' title='bbox 968 494 1292 552; x_wconf 88' lang='lat' dir='ltr'><strong>declaratur.</strong></span> <span class='ocrx_word' id='word_1_25' title='bbox 1323 492 1518 544; x_wconf 84' lang='lat' dir='ltr'><strong>dehinc</strong></span> <span class='ocrx_word' id='word_1_26' title='bbox 1546 490 1612 543; x_wconf 88' lang='lat' dir='ltr'><strong>ab</strong></span> <span class='ocrx_word' id='word_1_27' title='bbox 1661 504 1802 542; x_wconf 87' lang='lat' dir='ltr'><strong>anno</strong></span> 
     </span>
    </p>
   </div>
   <div class='ocr_carea' id='block_1_6' title="bbox 216 579 1803 660">
    <p class='ocr_par' dir='ltr' id='par_1_6' title="bbox 216 579 1803 660">
     <span class='ocr_line' id='line_1_6' title="bbox 216 579 1803 660; baseline -0.004 -21"><span class='ocrx_word' id='word_1_28' title='bbox 216 593 387 660; x_wconf 90' lang='lat' dir='ltr'><strong>primo</strong></span> <span class='ocrx_word' id='word_1_29' title='bbox 432 585 723 639; x_wconf 82' lang='lat' dir='ltr'><strong>Theodosii</strong></span> <span class='ocrx_word' id='word_1_30' title='bbox 773 584 993 651; x_wconf 87' lang='lat' dir='ltr'><strong>Augusti</strong></span> <span class='ocrx_word' id='word_1_31' title='bbox 1047 599 1216 651; x_wconf 85' lang='lat' dir='ltr'><strong>usque</strong></span> <span class='ocrx_word' id='word_1_32' title='bbox 1272 586 1323 636; x_wconf 89' lang='lat' dir='ltr'><strong>iu</strong></span> <span class='ocrx_word' id='word_1_33' title='bbox 1354 597 1552 635; x_wconf 89' lang='lat' dir='ltr'><strong>annum</strong></span> <span class='ocrx_word' id='word_1_34' title='bbox 1594 579 1803 647; x_wconf 88' lang='lat' dir='ltr'><strong>imperii</strong></span> 
     </span>
    </p>
   </div>
   <div class='ocr_carea' id='block_1_7' title="bbox 215 671 1804 744">
    <p class='ocr_par' dir='ltr' id='par_1_7' title="bbox 215 671 1804 744">
     <span class='ocr_line' id='line_1_7' title="bbox 215 671 1804 744; baseline -0.009 -8"><span class='ocrx_word' id='word_1_35' title='bbox 215 682 410 737; x_wconf 84' lang='lat' dir='ltr'><strong>Leoois</strong></span> <span class='ocrx_word' id='word_1_36' title='bbox 436 688 683 731; x_wconf 83' lang='lat' dir='ltr'><strong>octavum</strong></span> <span class='ocrx_word' id='word_1_37' title='bbox 716 675 1053 744; x_wconf 88' lang='lat' dir='ltr'><strong>subjunctam</strong></span> <span class='ocrx_word' id='word_1_38' title='bbox 1115 675 1356 742; x_wconf 87' lang='lat' dir='ltr'><strong>sequitur</strong></span> <span class='ocrx_word' id='word_1_39' title='bbox 1400 671 1698 736; x_wconf 87' lang='lat' dir='ltr'><strong>historiam,</strong></span> <span class='ocrx_word' id='word_1_40' title='bbox 1753 671 1804 722; x_wconf 92' lang='lat' dir='ltr'><strong>in</strong></span> 
     </span>
    </p>
   </div>
   <div class='ocr_carea' id='block_1_8' title="bbox 215 762 1805 843">
    <p class='ocr_par' dir='ltr' id='par_1_8' title="bbox 215 762 1805 843">
     <span class='ocr_line' id='line_1_8' title="bbox 215 762 1805 843; baseline -0.011 -14"><span class='ocrx_word' id='word_1_41' title='bbox 215 791 316 843; x_wconf 79' lang='lat' dir='ltr'><strong>qua</strong></span> <span class='ocrx_word' id='word_1_42' title='bbox 387 772 555 840; x_wconf 85' lang='lat' dir='ltr'><strong>magis</strong></span> <span class='ocrx_word' id='word_1_43' title='bbox 633 769 986 823; x_wconf 84' lang='lat' dir='ltr'><strong>Barbararum</strong></span> <span class='ocrx_word' id='word_1_44' title='bbox 1045 766 1279 837; x_wconf 86' lang='lat' dir='ltr'><strong>gentium</strong></span> <span class='ocrx_word' id='word_1_45' title='bbox 1360 766 1497 819; x_wconf 88' lang='lat' dir='ltr'><strong>bella</strong></span> <span class='ocrx_word' id='word_1_46' title='bbox 1569 762 1805 816; x_wconf 82' lang='lat' dir='ltr'><strong>crudelia</strong></span> 
     </span>
    </p>
   </div>
   <div class='ocr_carea' id='block_1_9' title="bbox 218 859 1809 932">
    <p class='ocr_par' dir='ltr' id='par_1_9' title="bbox 218 859 1809 932">
     <span class='ocr_line' id='line_1_9' title="bbox 218 859 1809 932; baseline -0.007 -10"><span class='ocrx_word' id='word_1_47' title='bbox 218 876 437 932; x_wconf 84' lang='lat' dir='ltr'><strong>narrat,</strong></span> <span class='ocrx_word' id='word_1_48' title='bbox 485 880 604 931; x_wconf 64' lang='lat' dir='ltr'><strong>qua:</strong></span> <span class='ocrx_word' id='word_1_49' title='bbox 658 863 975 932; x_wconf 89' lang='lat' dir='ltr'><strong>premebant</strong></span> <span class='ocrx_word' id='word_1_50' title='bbox 1027 863 1354 928; x_wconf 88' lang='lat' dir='ltr'><strong>Hispaniam.</strong></span> <span class='ocrx_word' id='word_1_51' title='bbox 1420 860 1661 915; x_wconf 90' lang='lat' dir='ltr'><strong>Decessit</strong></span> <span class='ocrx_word' id='word_1_52' title='bbox 1710 859 1809 911; x_wconf 91' lang='lat' dir='ltr'><strong>sub</strong></span> 
     </span>
    </p>
   </div>
   <div class='ocr_carea' id='block_1_10' title="bbox 219 950 1810 1027">
    <p class='ocr_par' dir='ltr' id='par_1_10' title="bbox 219 950 1810 1027">
     <span class='ocr_line' id='line_1_10' title="bbox 219 950 1810 1027; baseline -0.005 -14"><span class='ocrx_word' id='word_1_53' title='bbox 219 960 399 1013; x_wconf 84' lang='lat' dir='ltr'><strong>Leone</strong></span> <span class='ocrx_word' id='word_1_54' title='bbox 432 958 692 1027; x_wconf 84' lang='lat' dir='ltr'><strong>principe,</strong></span> <span class='ocrx_word' id='word_1_55' title='bbox 748 955 931 1008; x_wconf 87' lang='lat' dir='ltr'><strong>ultima</strong></span> <span class='ocrx_word' id='word_1_56' title='bbox 973 952 1083 1022; x_wconf 85' lang='lat' dir='ltr'><strong>jam</strong></span> <span class='ocrx_word' id='word_1_57' title='bbox 1135 969 1274 1021; x_wconf 91' lang='lat' dir='ltr'><strong>pene</strong></span> <span class='ocrx_word' id='word_1_58' title='bbox 1320 962 1618 1015; x_wconf 81' lang='lat' dir='ltr'><strong>senectute,</strong></span> <span class='ocrx_word' id='word_1_59' title='bbox 1672 950 1810 1005; x_wconf 81' lang='lat' dir='ltr'><strong>sicut</strong></span> 
     </span>
    </p>
   </div>
   <div class='ocr_carea' id='block_1_11' title="bbox 218 1043 1553 1119">
    <p class='ocr_par' dir='ltr' id='par_1_11' title="bbox 218 1043 1553 1119">
     <span class='ocr_line' id='line_1_11' title="bbox 218 1043 1553 1119; baseline -0.007 -13"><span class='ocrx_word' id='word_1_60' title='bbox 218 1051 379 1106; x_wconf 84' lang='lat' dir='ltr'><strong>etiam</strong></span> <span class='ocrx_word' id='word_1_61' title='bbox 408 1043 736 1119; x_wconf 70' lang='lat' dir='ltr'><strong>priefationis</strong></span> <span class='ocrx_word' id='word_1_62' title='bbox 767 1062 875 1099; x_wconf 69' lang='lat' dir='ltr'><strong>smn</strong></span> <span class='ocrx_word' id='word_1_63' title='bbox 909 1047 1309 1099; x_wconf 87' lang='lat' dir='ltr'><strong>demonstratur</strong></span> <span class='ocrx_word' id='word_1_64' title='bbox 1339 1044 1553 1097; x_wconf 88' lang='lat' dir='ltr'><strong>indicio.</strong></span> 
     </span>
    </p>
   </div>
   <div class='ocr_carea' id='block_1_12' title="bbox 851 1175 1187 1231">
    <p class='ocr_par' dir='ltr' id='par_1_12' title="bbox 851 1175 1187 1231">
     <span class='ocr_line' id='line_1_12' title="bbox 851 1175 1187 1231; baseline -0.006 0"><span class='ocrx_word' id='word_1_65' title='bbox 851 1176 1077 1231; x_wconf 83' lang='lat' dir='ltr'><strong>CAPUT</strong></span> <span class='ocrx_word' id='word_1_66' title='bbox 1120 1175 1187 1229; x_wconf 82' lang='grc' dir='ltr'><strong>Χ.</strong></span> 
     </span>
    </p>
   </div>
   <div class='ocr_carea' id='block_1_13' title="bbox 300 1270 1813 1341">
    <p class='ocr_par' dir='ltr' id='par_1_13' title="bbox 300 1270 1813 1341">
     <span class='ocr_line' id='line_1_13' title="bbox 300 1270 1813 1341; baseline -0.007 -8"><span class='ocrx_word' id='word_1_67' title='bbox 300 1279 385 1333; x_wconf 71' lang='grc'><strong>12.</strong></span> <span class='ocrx_word' id='word_1_68' title='bbox 418 1277 710 1341; x_wconf 87' lang='lat' dir='ltr'><strong>Eusebius,</strong></span> <span class='ocrx_word' id='word_1_69' title='bbox 746 1276 1066 1329; x_wconf 71' lang='lat' dir='ltr'><strong>Dorolitanze</strong></span> <span class='ocrx_word' id='word_1_70' title='bbox 1110 1274 1256 1327; x_wconf 86' lang='lat' dir='ltr'><strong>urbis</strong></span> <span class='ocrx_word' id='word_1_71' title='bbox 1297 1273 1597 1340; x_wconf 85' lang='lat' dir='ltr'><strong>episeopus.</strong></span> <span class='ocrx_word' id='word_1_72' title='bbox 1636 1270 1730 1323; x_wconf 93' lang='lat' dir='ltr'><strong>Hic</strong></span> <span class='ocrx_word' id='word_1_73' title='bbox 1762 1272 1813 1322; x_wconf 88' lang='lat' dir='ltr'><strong>in</strong></span> 
     </span>
    </p>
   </div>
   <div class='ocr_carea' id='block_1_14' title="bbox 223 1361 1814 1427">
    <p class='ocr_par' dir='ltr' id='par_1_14' title="bbox 223 1361 1814 1427">
     <span class='ocr_line' id='line_1_14' title="bbox 223 1361 1814 1427; baseline -0.008 -1"><span class='ocrx_word' id='word_1_74' title='bbox 223 1382 367 1427; x_wconf 71' lang='lat' dir='ltr'><strong>coetu</strong></span> <span class='ocrx_word' id='word_1_75' title='bbox 396 1366 850 1423; x_wconf 67' lang='lat' dir='ltr'><strong>Chalcedonensis</strong></span> <span class='ocrx_word' id='word_1_76' title='bbox 887 1366 1099 1420; x_wconf 80' lang='lat' dir='ltr'><strong>concilii</strong></span> <span class='ocrx_word' id='word_1_77' title='bbox 1131 1373 1314 1417; x_wconf 69' lang='lat' dir='ltr'><strong>cimtra</strong></span> <span class='ocrx_word' id='word_1_78' title='bbox 1348 1362 1660 1416; x_wconf 89' lang='lat' dir='ltr'><strong>Dioscorum</strong></span> <span class='ocrx_word' id='word_1_79' title='bbox 1706 1361 1814 1413; x_wconf 76' lang='lat' dir='ltr'><strong>ha:-</strong></span> 
     </span>
    </p>
   </div>
   <div class='ocr_carea' id='block_1_15' title="bbox 224 1453 1810 1523">
    <p class='ocr_par' dir='ltr' id='par_1_15' title="bbox 224 1453 1810 1523">
     <span class='ocr_line' id='line_1_15' title="bbox 224 1453 1810 1523; baseline -0.01 -7"><span class='ocrx_word' id='word_1_80' title='bbox 224 1464 453 1517; x_wconf 89' lang='lat' dir='ltr'><strong>reticntn</strong></span> <span class='ocrx_word' id='word_1_81' title='bbox 476 1458 854 1512; x_wconf 77' lang='lat' dir='ltr'><strong>Alexandrina:</strong></span> <span class='ocrx_word' id='word_1_82' title='bbox 879 1457 1028 1509; x_wconf 80' lang='lat' dir='ltr'><strong>urbis</strong></span> <span class='ocrx_word' id='word_1_83' title='bbox 1054 1454 1574 1523; x_wconf 71' lang='lat' dir='ltr'><strong>cpisc0pum‘lihruin</strong></span> <span class='ocrx_word' id='word_1_84' title='bbox 1602 1453 1810 1515; x_wconf 86' lang='lat' dir='ltr'><strong>obtulit,</strong></span> 
     </span>
    </p>
   </div>
   <div class='ocr_carea' id='block_1_16' title="bbox 224 1544 1817 1620">
    <p class='ocr_par' dir='ltr' id='par_1_16' title="bbox 224 1544 1817 1620">
     <span class='ocr_line' id='line_1_16' title="bbox 224 1544 1817 1620; baseline -0.009 -12"><span class='ocrx_word' id='word_1_85' title='bbox 224 1569 291 1608; x_wconf 81' lang='lat' dir='ltr'><strong>ac</strong></span> <span class='ocrx_word' id='word_1_86' title='bbox 324 1551 573 1620; x_wconf 68' lang='lat' dir='ltr'><strong>prmsenti</strong></span> <span class='ocrx_word' id='word_1_87' title='bbox 609 1550 816 1620; x_wconf 85' lang='lat' dir='ltr'><strong>synodo</strong></span> <span class='ocrx_word' id='word_1_88' title='bbox 856 1563 1041 1601; x_wconf 89' lang='lat' dir='ltr'><strong>omnes</strong></span> <span class='ocrx_word' id='word_1_89' title='bbox 1087 1546 1323 1601; x_wconf 87' lang='lat' dir='ltr'><strong>Dioscori</strong></span> <span class='ocrx_word' id='word_1_90' title='bbox 1356 1559 1569 1600; x_wconf 89' lang='lat' dir='ltr'><strong>errores</strong></span> <span class='ocrx_word' id='word_1_91' title='bbox 1603 1554 1656 1596; x_wconf 86' lang='lat' dir='ltr'><strong>et.</strong></span> <span class='ocrx_word' id='word_1_92' title='bbox 1706 1544 1817 1597; x_wconf 89' lang='lat' dir='ltr'><strong>bla-</strong></span> 
     </span>
    </p>
   </div>
   <div class='ocr_carea' id='block_1_17' title="bbox 227 1633 1816 1713">
    <p class='ocr_par' dir='ltr' id='par_1_17' title="bbox 227 1633 1816 1713">
     <span class='ocr_line' id='line_1_17' title="bbox 227 1633 1816 1713; baseline -0.008 -14"><span class='ocrx_word' id='word_1_93' title='bbox 227 1643 502 1713; x_wconf 84' lang='lat' dir='ltr'><strong>splieinias</strong></span> <span class='ocrx_word' id='word_1_94' title='bbox 546 1638 807 1694; x_wconf 82' lang='lat' dir='ltr'><strong>recitavit.</strong></span> <span class='ocrx_word' id='word_1_95' title='bbox 854 1638 1003 1692; x_wconf 92' lang='lat' dir='ltr'><strong>Hunc</strong></span> <span class='ocrx_word' id='word_1_96' title='bbox 1042 1638 1182 1691; x_wconf 91' lang='lat' dir='ltr'><strong>enim</strong></span> <span class='ocrx_word' id='word_1_97' title='bbox 1227 1651 1290 1692; x_wconf 89' lang='lat' dir='ltr'><strong>ac</strong></span> <span class='ocrx_word' id='word_1_98' title='bbox 1330 1645 1574 1689; x_wconf 82' lang='lat' dir='ltr'><strong>sanctum</strong></span> <span class='ocrx_word' id='word_1_99' title='bbox 1605 1633 1816 1687; x_wconf 83' lang='lat' dir='ltr'><strong>Flavia-</strong></span> 
     </span>
    </p>
   </div>
   <div class='ocr_carea' id='block_1_18' title="bbox 229 1726 1814 1797">
    <p class='ocr_par' dir='ltr' id='par_1_18' title="bbox 229 1726 1814 1797">
     <span class='ocr_line' id='line_1_18' title="bbox 229 1726 1814 1797; baseline -0.006 -11"><span class='ocrx_word' id='word_1_100' title='bbox 229 1750 358 1787; x_wconf 85' lang='lat' dir='ltr'><strong>num</strong></span> <span class='ocrx_word' id='word_1_101' title='bbox 402 1730 1054 1797; x_wconf 69' lang='lat' dir='ltr'><strong>Constantinoiiohtanum</strong></span> <span class='ocrx_word' id='word_1_102' title='bbox 1085 1728 1392 1796; x_wconf 87' lang='lat' dir='ltr'><strong>episeopum</strong></span> <span class='ocrx_word' id='word_1_103' title='bbox 1427 1727 1565 1780; x_wconf 91' lang='lat' dir='ltr'><strong>idem</strong></span> <span class='ocrx_word' id='word_1_104' title='bbox 1598 1726 1814 1779; x_wconf 81' lang='lat' dir='ltr'><strong>Diosco-</strong></span> 
     </span>
    </p>
   </div>
   <div class='ocr_carea' id='block_1_19' title="bbox 229 1817 1815 1891">
    <p class='ocr_par' dir='ltr' id='par_1_19' title="bbox 229 1817 1815 1891">
     <span class='ocr_line' id='line_1_19' title="bbox 229 1817 1815 1891; baseline -0.007 -12"><span class='ocrx_word' id='word_1_105' title='bbox 229 1839 323 1879; x_wconf 88' lang='lat' dir='ltr'><strong>rus</strong></span> <span class='ocrx_word' id='word_1_106' title='bbox 363 1824 413 1877; x_wconf 92' lang='lat' dir='ltr'><strong>in</strong></span> <span class='ocrx_word' id='word_1_107' title='bbox 452 1822 724 1891; x_wconf 84' lang='lat' dir='ltr'><strong>Ephesina</strong></span> <span class='ocrx_word' id='word_1_108' title='bbox 756 1819 990 1875; x_wconf 89' lang='lat' dir='ltr'><strong>secunda</strong></span> <span class='ocrx_word' id='word_1_109' title='bbox 1045 1820 1250 1889; x_wconf 74' lang='lat' dir='ltr'><strong>synodo</strong></span> <span class='ocrx_word' id='word_1_110' title='bbox 1304 1817 1815 1871; x_wconf 74' lang='lat' dir='ltr'><strong>excommunicatio-</strong></span> 
     </span>
    </p>
   </div>
   <div class='ocr_carea' id='block_1_20' title="bbox 232 1906 1816 1979">
    <p class='ocr_par' dir='ltr' id='par_1_20' title="bbox 232 1906 1816 1979">
     <span class='ocr_line' id='line_1_20' title="bbox 232 1906 1816 1979; baseline -0.006 -12"><span class='ocrx_word' id='word_1_111' title='bbox 232 1914 317 1967; x_wconf 92' lang='lat' dir='ltr'><strong>nis</strong></span> <span class='ocrx_word' id='word_1_112' title='bbox 347 1912 617 1965; x_wconf 90' lang='lat' dir='ltr'><strong>sententia</strong></span> <span class='ocrx_word' id='word_1_113' title='bbox 647 1909 940 1979; x_wconf 82' lang='lat' dir='ltr'><strong>dejecerat,</strong></span> <span class='ocrx_word' id='word_1_114' title='bbox 971 1922 1037 1961; x_wconf 91' lang='lat' dir='ltr'><strong>eo</strong></span> <span class='ocrx_word' id='word_1_115' title='bbox 1064 1908 1203 1976; x_wconf 85' lang='lat' dir='ltr'><strong>quod</strong></span> <span class='ocrx_word' id='word_1_116' title='bbox 1247 1923 1341 1976; x_wconf 90' lang='lat' dir='ltr'><strong>pro</strong></span> <span class='ocrx_word' id='word_1_117' title='bbox 1382 1908 1680 1960; x_wconf 79' lang='lat' dir='ltr'><strong>orthodoxa</strong></span> <span class='ocrx_word' id='word_1_118' title='bbox 1715 1906 1816 1958; x_wconf 89' lang='lat' dir='ltr'><strong>fide</strong></span> 
     </span>
    </p>
   </div>
   <div class='ocr_carea' id='block_1_21' title="bbox 229 1999 1820 2069">
    <p class='ocr_par' dir='ltr' id='par_1_21' title="bbox 229 1999 1820 2069">
     <span class='ocr_line' id='line_1_21' title="bbox 229 1999 1820 2069; baseline -0.005 -10"><span class='ocrx_word' id='word_1_119' title='bbox 229 2013 417 2059; x_wconf 86' lang='lat' dir='ltr'><strong>contra</strong></span> <span class='ocrx_word' id='word_1_120' title='bbox 458 2003 688 2056; x_wconf 67' lang='lat' dir='ltr'><strong>haeresin</strong></span> <span class='ocrx_word' id='word_1_121' title='bbox 728 2010 1103 2069; x_wconf 72' lang='lat' dir='ltr'><strong>repugnarent.</strong></span> <span class='ocrx_word' id='word_1_122' title='bbox 1142 2000 1290 2054; x_wconf 89' lang='lat' dir='ltr'><strong>Unde</strong></span> <span class='ocrx_word' id='word_1_123' title='bbox 1326 2010 1507 2068; x_wconf 89' lang='lat' dir='ltr'><strong>postea</strong></span> <span class='ocrx_word' id='word_1_124' title='bbox 1538 1999 1679 2053; x_wconf 81' lang='lat' dir='ltr'><strong>idem</strong></span> <span class='ocrx_word' id='word_1_125' title='bbox 1714 1999 1820 2051; x_wconf 85' lang='lat' dir='ltr'><strong>Eu-</strong></span> 
     </span>
    </p>
   </div>
   <div class='ocr_carea' id='block_1_22' title="bbox 231 2088 1817 2158">
    <p class='ocr_par' dir='ltr' id='par_1_22' title="bbox 231 2088 1817 2158">
     <span class='ocr_line' id='line_1_22' title="bbox 231 2088 1817 2158; baseline -0.004 -12"><span class='ocrx_word' id='word_1_126' title='bbox 231 2094 415 2147; x_wconf 90' lang='lat' dir='ltr'><strong>sebius</strong></span> <span class='ocrx_word' id='word_1_127' title='bbox 474 2093 526 2145; x_wconf 93' lang='lat' dir='ltr'><strong>in</strong></span> <span class='ocrx_word' id='word_1_128' title='bbox 595 2089 1021 2144; x_wconf 80' lang='lat' dir='ltr'><strong>Chalcedonensi</strong></span> <span class='ocrx_word' id='word_1_129' title='bbox 1093 2092 1299 2158; x_wconf 85' lang='lat' dir='ltr'><strong>synodo</strong></span> <span class='ocrx_word' id='word_1_130' title='bbox 1352 2088 1817 2142; x_wconf 86' lang='lat' dir='ltr'><strong>innumerabilium</strong></span> 
     </span>
    </p>
   </div>
   <div class='ocr_carea' id='block_1_23' title="bbox 231 2180 1817 2251">
    <p class='ocr_par' dir='ltr' id='par_1_23' title="bbox 231 2180 1817 2251">
     <span class='ocr_line' id='line_1_23' title="bbox 231 2180 1817 2251; baseline -0.004 -12"><span class='ocrx_word' id='word_1_131' title='bbox 231 2185 497 2239; x_wconf 89' lang='lat' dir='ltr'><strong>malorum</strong></span> <span class='ocrx_word' id='word_1_132' title='bbox 545 2181 663 2251; x_wconf 89' lang='lat' dir='ltr'><strong>ejus</strong></span> <span class='ocrx_word' id='word_1_133' title='bbox 705 2183 963 2244; x_wconf 88' lang='lat' dir='ltr'><strong>crimina,</strong></span> <span class='ocrx_word' id='word_1_134' title='bbox 1009 2182 1091 2235; x_wconf 91' lang='lat' dir='ltr'><strong>vel</strong></span> <span class='ocrx_word' id='word_1_135' title='bbox 1140 2181 1498 2249; x_wconf 75' lang='lat' dir='ltr'><strong>blaSphemias</strong></span> <span class='ocrx_word' id='word_1_136' title='bbox 1543 2180 1817 2247; x_wconf 79' lang='lat' dir='ltr'><strong>detegens,</strong></span> 
     </span>
    </p>
   </div>
   <div class='ocr_carea' id='block_1_24' title="bbox 232 2269 1822 2340">
    <p class='ocr_par' dir='ltr' id='par_1_24' title="bbox 232 2269 1822 2340">
     <span class='ocr_line' id='line_1_24' title="bbox 232 2269 1822 2340; baseline -0.004 -14"><span class='ocrx_word' id='word_1_137' title='bbox 232 2274 593 2328; x_wconf 63' lang='grc' dir='ltr'><strong>(Ιηηιιι-οιὶοηίε</strong></span> <span class='ocrx_word' id='word_1_138' title='bbox 642 2271 759 2340; x_wconf 85' lang='lat' dir='ltr'><strong>ejus</strong></span> <span class='ocrx_word' id='word_1_139' title='bbox 808 2269 1128 2323; x_wconf 89' lang='lat' dir='ltr'><strong>sententiam</strong></span> <span class='ocrx_word' id='word_1_140' title='bbox 1181 2284 1341 2337; x_wconf 85' lang='lat' dir='ltr'><strong>super</strong></span> <span class='ocrx_word' id='word_1_141' title='bbox 1388 2285 1507 2323; x_wconf 90' lang='lat' dir='ltr'><strong>eum</strong></span> <span class='ocrx_word' id='word_1_142' title='bbox 1554 2274 1586 2322; x_wconf 68' lang='grc' dir='ltr'><strong>Ξ]</strong></span> <span class='ocrx_word' id='word_1_143' title='bbox 1634 2278 1822 2322; x_wconf 84' lang='lat' dir='ltr'><strong>sancto</strong></span> 
     </span>
    </p>
   </div>
   <div class='ocr_carea' id='block_1_25' title="bbox 233 2359 1823 2432">
    <p class='ocr_par' dir='ltr' id='par_1_25' title="bbox 233 2359 1823 2432">
     <span class='ocr_line' id='line_1_25' title="bbox 233 2359 1823 2432; baseline -0.008 -12"><span class='ocrx_word' id='word_1_144' title='bbox 233 2365 467 2420; x_wconf 75' lang='lat' dir='ltr'><strong>Concilio</strong></span> <span class='ocrx_word' id='word_1_145' title='bbox 514 2365 860 2432; x_wconf 78' lang='lat' dir='ltr'><strong>impreCatur,</strong></span> <span class='ocrx_word' id='word_1_146' title='bbox 893 2362 1122 2426; x_wconf 80' lang='lat' dir='ltr'><strong>scilicet,</strong></span> <span class='ocrx_word' id='word_1_147' title='bbox 1158 2371 1214 2413; x_wconf 91' lang='lat' dir='ltr'><strong>ut</strong></span> <span class='ocrx_word' id='word_1_148' title='bbox 1240 2361 1381 2430; x_wconf 89' lang='lat' dir='ltr'><strong>quod</strong></span> <span class='ocrx_word' id='word_1_149' title='bbox 1411 2359 1554 2430; x_wconf 83' lang='lat' dir='ltr'><strong>juste</strong></span> <span class='ocrx_word' id='word_1_150' title='bbox 1588 2360 1674 2413; x_wconf 90' lang='lat' dir='ltr'><strong>ille</strong></span> <span class='ocrx_word' id='word_1_151' title='bbox 1705 2359 1823 2412; x_wconf 85' lang='lat' dir='ltr'><strong>aliis</strong></span> 
     </span>
    </p>
   </div>
   <div class='ocr_carea' id='block_1_26' title="bbox 234 2451 1281 2520">
    <p class='ocr_par' dir='ltr' id='par_1_26' title="bbox 234 2451 1281 2520">
     <span class='ocr_line' id='line_1_26' title="bbox 234 2451 1281 2520; baseline -0.005 -12"><span class='ocrx_word' id='word_1_152' title='bbox 234 2453 513 2517; x_wconf 84' lang='lat' dir='ltr'><strong>intulerat,</strong></span> <span class='ocrx_word' id='word_1_153' title='bbox 538 2453 588 2505; x_wconf 90' lang='lat' dir='ltr'><strong>in</strong></span> <span class='ocrx_word' id='word_1_154' title='bbox 611 2467 676 2506; x_wconf 87' lang='lat' dir='ltr'><strong>eo</strong></span> <span class='ocrx_word' id='word_1_155' title='bbox 695 2451 839 2520; x_wconf 86' lang='lat' dir='ltr'><strong>juste</strong></span> <span class='ocrx_word' id='word_1_156' title='bbox 862 2458 1281 2517; x_wconf 88' lang='lat' dir='ltr'><strong>retorqueretur.</strong></span> 
     </span>
    </p>
   </div>
   <div class='ocr_carea' id='block_1_27' title="bbox 845 2579 1215 2635">
    <p class='ocr_par' dir='ltr' id='par_1_27' title="bbox 845 2579 1215 2635">
     <span class='ocr_line' id='line_1_27' title="bbox 845 2579 1215 2635; baseline 0 -1"><span class='ocrx_word' id='word_1_157' title='bbox 845 2579 1073 2635; x_wconf 74' lang='lat' dir='ltr'><strong>CAPUT</strong></span> <span class='ocrx_word' id='word_1_158' title='bbox 1124 2580 1215 2635; x_wconf 75' lang='lat' dir='ltr'><strong>XI.</strong></span> 
     </span>
    </p>
   </div>
   <div class='ocr_carea' id='block_1_28' title="bbox 311 2678 1821 2749">
    <p class='ocr_par' dir='ltr' id='par_1_28' title="bbox 311 2678 1821 2749">
     <span class='ocr_line' id='line_1_28' title="bbox 311 2678 1821 2749; baseline -0.002 -13"><span class='ocrx_word' id='word_1_159' title='bbox 311 2682 399 2738; x_wconf 83' lang='grc'><strong>15.</strong></span> <span class='ocrx_word' id='word_1_160' title='bbox 414 2680 667 2743; x_wconf 85' lang='lat' dir='ltr'><strong>Cerealis,</strong></span> <span class='ocrx_word' id='word_1_161' title='bbox 686 2680 913 2734; x_wconf 87' lang='lat' dir='ltr'><strong>Castella</strong></span> <span class='ocrx_word' id='word_1_162' title='bbox 923 2680 1102 2734; x_wconf 91' lang='lat' dir='ltr'><strong>nensis</strong></span> <span class='ocrx_word' id='word_1_163' title='bbox 1120 2680 1372 2733; x_wconf 69' lang='lat' dir='ltr'><strong>Ecclesiae</strong></span> <span class='ocrx_word' id='word_1_164' title='bbox 1387 2680 1690 2749; x_wconf 85' lang='lat' dir='ltr'><strong>episcopus.</strong></span> <span class='ocrx_word' id='word_1_165' title='bbox 1709 2678 1821 2745; x_wconf 89' lang='lat' dir='ltr'><strong>llic,</strong></span> 
     </span>
    </p>
   </div>
   <div class='ocr_carea' id='block_1_29' title="bbox 238 2771 1823 2839">
    <p class='ocr_par' dir='ltr' id='par_1_29' title="bbox 238 2771 1823 2839">
     <span class='ocr_line' id='line_1_29' title="bbox 238 2771 1823 2839; baseline -0.002 -13"><span class='ocrx_word' id='word_1_166' title='bbox 238 2772 367 2826; x_wconf 89' lang='lat' dir='ltr'><strong>dum</strong></span> <span class='ocrx_word' id='word_1_167' title='bbox 399 2774 540 2839; x_wconf 85' lang='lat' dir='ltr'><strong>apud</strong></span> <span class='ocrx_word' id='word_1_168' title='bbox 574 2771 1071 2839; x_wconf 66' lang='lat' dir='ltr'><strong>Carthaginiensem</strong></span> <span class='ocrx_word' id='word_1_169' title='bbox 1100 2771 1294 2824; x_wconf 69' lang='lat' dir='ltr'><strong>Africa:</strong></span> <span class='ocrx_word' id='word_1_170' title='bbox 1323 2771 1609 2839; x_wconf 71' lang='lat' dir='ltr'><strong>provineite</strong></span> <span class='ocrx_word' id='word_1_171' title='bbox 1638 2773 1823 2826; x_wconf 85' lang='lat' dir='ltr'><strong>urbem</strong></span> 
     </span>
    </p>
   </div>
   <div class='ocr_carea' id='block_1_30' title="bbox 237 2860 1819 2928">
    <p class='ocr_par' dir='ltr' id='par_1_30' title="bbox 237 2860 1819 2928">
     <span class='ocr_line' id='line_1_30' title="bbox 237 2860 1819 2928; baseline 0.001 -14"><span class='ocrx_word' id='word_1_172' title='bbox 237 2862 501 2924; x_wconf 81' lang='lat' dir='ltr'><strong>venisset,</strong></span> <span class='ocrx_word' id='word_1_173' title='bbox 548 2862 615 2915; x_wconf 88' lang='lat' dir='ltr'><strong>de</strong></span> <span class='ocrx_word' id='word_1_174' title='bbox 656 2861 760 2914; x_wconf 82' lang='lat' dir='ltr'><strong>fide</strong></span> <span class='ocrx_word' id='word_1_175' title='bbox 797 2872 998 2914; x_wconf 80' lang='lat' dir='ltr'><strong>sanch</strong></span> <span class='ocrx_word' id='word_1_176' title='bbox 1029 2860 1305 2914; x_wconf 82' lang='lat' dir='ltr'><strong>Trinitatis</strong></span> <span class='ocrx_word' id='word_1_177' title='bbox 1334 2876 1454 2915; x_wconf 91' lang='lat' dir='ltr'><strong>cum</strong></span> <span class='ocrx_word' id='word_1_178' title='bbox 1481 2861 1819 2928; x_wconf 83' lang='lat' dir='ltr'><strong>Maximiano,</strong></span> 
     </span>
    </p>
   </div>
   <div class='ocr_carea' id='block_1_31' title="bbox 236 2950 1827 3019">
    <p class='ocr_par' dir='ltr' id='par_1_31' title="bbox 236 2950 1827 3019">
     <span class='ocr_line' id='line_1_31' title="bbox 236 2950 1827 3019; baseline -0.001 -14"><span class='ocrx_word' id='word_1_179' title='bbox 236 2952 670 3005; x_wconf 80' lang='lat' dir='ltr'><strong>Amnwnitarum</strong></span> <span class='ocrx_word' id='word_1_180' title='bbox 691 2950 966 3019; x_wconf 87' lang='lat' dir='ltr'><strong>episcopo,</strong></span> <span class='ocrx_word' id='word_1_181' title='bbox 996 2959 1341 3005; x_wconf 82' lang='lat' dir='ltr'><strong>concertatus</strong></span> <span class='ocrx_word' id='word_1_182' title='bbox 1367 2960 1469 3016; x_wconf 88' lang='lat' dir='ltr'><strong>est,</strong></span> <span class='ocrx_word' id='word_1_183' title='bbox 1495 2952 1827 3019; x_wconf 86' lang='lat' dir='ltr'><strong>respondens</strong></span> 
     </span>
    </p>
   </div>
   <div class='ocr_carea' id='block_1_32' title="bbox 240 3043 1825 3113">
    <p class='ocr_par' dir='ltr' id='par_1_32' title="bbox 240 3043 1825 3113">
     <span class='ocr_line' id='line_1_32' title="bbox 240 3043 1825 3113; baseline 0.003 -20"><span class='ocrx_word' id='word_1_184' title='bbox 240 3043 695 3113; x_wconf 79' lang='lat' dir='ltr'><strong>prepositionibus</strong></span> <span class='ocrx_word' id='word_1_185' title='bbox 746 3043 884 3110; x_wconf 85' lang='lat' dir='ltr'><strong>ejus,</strong></span> <span class='ocrx_word' id='word_1_186' title='bbox 926 3056 1032 3097; x_wconf 92' lang='lat' dir='ltr'><strong>non</strong></span> <span class='ocrx_word' id='word_1_187' title='bbox 1076 3043 1409 3111; x_wconf 89' lang='lat' dir='ltr'><strong>eloquiorum</strong></span> <span class='ocrx_word' id='word_1_188' title='bbox 1461 3045 1825 3112; x_wconf 81' lang='lat' dir='ltr'><strong>argumentis,</strong></span> 
     </span>
    </p>
   </div>
   <div class='ocr_carea' id='block_1_33' title="bbox 235 3136 1827 3204">
    <p class='ocr_par' dir='ltr' id='par_1_33' title="bbox 235 3136 1827 3204">
     <span class='ocr_line' id='line_1_33' title="bbox 235 3136 1827 3204; baseline -0.001 -11"><span class='ocrx_word' id='word_1_189' title='bbox 235 3140 335 3193; x_wconf 84' lang='lat' dir='ltr'><strong>sed</strong></span> <span class='ocrx_word' id='word_1_190' title='bbox 385 3139 451 3191; x_wconf 91' lang='lat' dir='ltr'><strong>de</strong></span> <span class='ocrx_word' id='word_1_191' title='bbox 509 3136 830 3193; x_wconf 83' lang='lat' dir='ltr'><strong>testimoniis</strong></span> <span class='ocrx_word' id='word_1_192' title='bbox 889 3147 1191 3190; x_wconf 86' lang='lat' dir='ltr'><strong>sanctarum</strong></span> <span class='ocrx_word' id='word_1_193' title='bbox 1248 3138 1664 3204; x_wconf 84' lang='lat' dir='ltr'><strong>Scripturarum.</strong></span> <span class='ocrx_word' id='word_1_194' title='bbox 1725 3138 1827 3191; x_wconf 81' lang='lat' dir='ltr'><strong>Ex-</strong></span> 
     </span>
    </p>
   </div>
   <div class='ocr_carea' id='block_1_34' title="bbox 236 3232 1824 3300">
    <p class='ocr_par' dir='ltr' id='par_1_34' title="bbox 236 3232 1824 3300">
     <span class='ocr_line' id='line_1_34' title="bbox 236 3232 1824 3300; baseline 0 -14"><span class='ocrx_word' id='word_1_195' title='bbox 236 3242 351 3287; x_wconf 81' lang='lat' dir='ltr'><strong>stat</strong></span> <span class='ocrx_word' id='word_1_196' title='bbox 378 3233 479 3285; x_wconf 91' lang='lat' dir='ltr'><strong>hoc</strong></span> <span class='ocrx_word' id='word_1_197' title='bbox 512 3233 681 3300; x_wconf 63' lang='lat' dir='ltr'><strong>ipsum</strong></span> <span class='ocrx_word' id='word_1_198' title='bbox 713 3232 951 3300; x_wconf 86' lang='lat' dir='ltr'><strong>ejusdem</strong></span> <span class='ocrx_word' id='word_1_199' title='bbox 984 3232 1298 3300; x_wconf 88' lang='lat' dir='ltr'><strong>opusculum</strong></span> <span class='ocrx_word' id='word_1_200' title='bbox 1344 3248 1531 3288; x_wconf 83' lang='lat' dir='ltr'><strong>novem</strong></span> <span class='ocrx_word' id='word_1_201' title='bbox 1563 3244 1614 3287; x_wconf 90' lang='lat' dir='ltr'><strong>et</strong></span> <span class='ocrx_word' id='word_1_202' title='bbox 1640 3232 1824 3287; x_wconf 70' lang='lat' dir='ltr'><strong>decem</strong></span> 
     </span>
    </p>
   </div>
   <div class='ocr_carea' id='block_1_35' title="bbox 235 3325 1356 3393">
    <p class='ocr_par' dir='ltr' id='par_1_35' title="bbox 235 3325 1356 3393">
     <span class='ocr_line' id='line_1_35' title="bbox 235 3325 1356 3393; baseline -0.003 -12"><span class='ocrx_word' id='word_1_203' title='bbox 235 3326 655 3393; x_wconf 64' lang='lat' dir='ltr'><strong>rcsgionsiunum</strong></span> <span class='ocrx_word' id='word_1_204' title='bbox 685 3325 928 3393; x_wconf 87' lang='lat' dir='ltr'><strong>capitulis</strong></span> <span class='ocrx_word' id='word_1_205' title='bbox 958 3325 1356 3392; x_wconf 58' lang='lat' dir='ltr'><strong>praesigniatnm.</strong></span> 
     </span>
    </p>
   </div>
   <div class='ocr_carea' id='block_1_36' title="bbox 843 3451 1220 3506">
    <p class='ocr_par' dir='ltr' id='par_1_36' title="bbox 843 3451 1220 3506">
     <span class='ocr_line' id='line_1_36' title="bbox 843 3451 1220 3506; baseline -0.008 0"><span class='ocrx_word' id='word_1_206' title='bbox 843 3451 1068 3506; x_wconf 78' lang='lat' dir='ltr'><strong>CAPUT</strong></span> <span class='ocrx_word' id='word_1_207' title='bbox 1109 3451 1220 3505; x_wconf 77' lang='grc' dir='ltr'><strong>ΧΗ.</strong></span> 
     </span>
    </p>
   </div>
   <div class='ocr_carea' id='block_1_37' title="bbox 240 3548 1826 3621">
    <p class='ocr_par' dir='ltr' id='par_1_37' title="bbox 240 3548 1826 3621">
     <span class='ocr_line' id='line_1_37' title="bbox 240 3548 1826 3621; baseline -0.003 -14"><span class='ocrx_word' id='word_1_208' title='bbox 240 3571 244 3574; x_wconf 60' lang='lat'><em>‘</em></span> <span class='ocrx_word' id='word_1_209' title='bbox 317 3555 385 3609; x_wconf 71' lang='grc'>14</span> <span class='ocrx_word' id='word_1_210' title='bbox 432 3553 753 3615; x_wconf 69' lang='lat' dir='ltr'><strong>Ferrandus,</strong></span> <span class='ocrx_word' id='word_1_211' title='bbox 782 3552 1236 3621; x_wconf 78' lang='lat' dir='ltr'><strong>Carthaginiensis</strong></span> <span class='ocrx_word' id='word_1_212' title='bbox 1269 3548 1516 3606; x_wconf 71' lang='lat' dir='ltr'><strong>Ecclesia)</strong></span> <span class='ocrx_word' id='word_1_213' title='bbox 1548 3551 1826 3617; x_wconf 87' lang='lat' dir='ltr'><strong>diaconus,</strong></span> 
     </span>
    </p>
   </div>
   <div class='ocr_carea' id='block_1_38' title="bbox 246 3641 1824 3717">
    <p class='ocr_par' dir='ltr' id='par_1_38' title="bbox 246 3641 1824 3717">
     <span class='ocr_line' id='line_1_38' title="bbox 246 3641 1824 3717; baseline -0.003 -19"><span class='ocrx_word' id='word_1_214' title='bbox 246 3642 412 3717; x_wconf 64' lang='grc'><strong>146</strong></span> <span class='ocrx_word' id='word_1_215' title='bbox 433 3644 654 3698; x_wconf 83' lang='lat' dir='ltr'><strong>nmltum</strong></span> <span class='ocrx_word' id='word_1_216' title='bbox 686 3645 736 3696; x_wconf 92' lang='lat' dir='ltr'><strong>in</strong></span> <span class='ocrx_word' id='word_1_217' title='bbox 763 3642 931 3697; x_wconf 75' lang='lat' dir='ltr'><strong>sacris</strong></span> <span class='ocrx_word' id='word_1_218' title='bbox 963 3641 1251 3710; x_wconf 80' lang='lat' dir='ltr'><strong>Scriptnris</strong></span> <span class='ocrx_word' id='word_1_219' title='bbox 1281 3641 1525 3696; x_wconf 83' lang='lat' dir='ltr'><strong>floruisse</strong></span> <span class='ocrx_word' id='word_1_220' title='bbox 1548 3643 1824 3706; x_wconf 85' lang='lat' dir='ltr'><strong>asseritur,</strong></span> 
     </span>
    </p>
   </div>
   <div class='ocr_carea' id='block_1_39' title="bbox 241 3768 1822 3836">
    <p class='ocr_par' dir='ltr' id='par_1_39' title="bbox 241 3768 1822 3836">
     <span class='ocr_line' id='line_1_39' title="bbox 241 3768 1822 3836; baseline -0.004 -7"><span class='ocrx_word' id='word_1_221' title='bbox 241 3789 327 3830; x_wconf 87' lang='lat' dir='ltr'><strong>tor</strong></span> <span class='ocrx_word' id='word_1_222' title='bbox 354 3772 691 3835; x_wconf 72' lang='lat' dir='ltr'><strong>Priscilliani,</strong></span> <span class='ocrx_word' id='word_1_223' title='bbox 716 3768 874 3823; x_wconf 84' lang='lat' dir='ltr'><strong>fuerit</strong></span> <span class='ocrx_word' id='word_1_224' title='bbox 898 3769 1179 3836; x_wconf 91' lang='lat' dir='ltr'><strong>episcopus</strong></span> <span class='ocrx_word' id='word_1_225' title='bbox 1206 3768 1565 3833; x_wconf 79' lang='lat' dir='ltr'><strong>Lamecensrs,</strong></span> <span class='ocrx_word' id='word_1_226' title='bbox 1593 3774 1822 3822; x_wconf 75' lang='lat' dir='ltr'><strong>a~sernit</strong></span> 
     </span>
    </p>
   </div>
   <div class='ocr_carea' id='block_1_40' title="bbox 236 3839 1819 3917">
    <p class='ocr_par' dir='ltr' id='par_1_40' title="bbox 236 3839 1819 3917">
     <span class='ocr_line' id='line_1_40' title="bbox 236 3839 1819 3917; baseline -0.008 -16"><span class='ocrx_word' id='word_1_227' title='bbox 236 3847 473 3917; x_wconf 61' lang='lat' dir='ltr'><strong>quidem</strong></span> <span class='ocrx_word' id='word_1_228' title='bbox 510 3843 868 3917; x_wconf 78' lang='lat' dir='ltr'><strong>Quesnellius,</strong></span> <span class='ocrx_word' id='word_1_229' title='bbox 898 3840 1030 3917; x_wconf 28' lang='lat' dir='ltr'><strong>used</strong></span> <span class='ocrx_word' id='word_1_230' title='bbox 1054 3840 1338 3917; x_wconf 75' lang='lat' dir='ltr'><strong>liiic_et_i_:itii</strong></span> <span class='ocrx_word' id='word_1_231' title='bbox 1388 3839 1819 3917; x_wconf 46' lang='lat' dir='ltr'><strong>irnertumﬂesse,</strong></span> 
     </span>
    </p>
   </div>
   <div class='ocr_carea' id='block_1_41' title="bbox 239 3908 1821 3971">
    <p class='ocr_par' dir='ltr' id='par_1_41' title="bbox 239 3908 1821 3971">
     <span class='ocr_line' id='line_1_41' title="bbox 239 3908 1821 3971; baseline -0.006 -1"><span class='ocrx_word' id='word_1_232' title='bbox 239 3908 389 3971; x_wconf 69' lang='lat' dir='ltr'><strong>iilem</strong></span> <span class='ocrx_word' id='word_1_233' title='bbox 420 3908 693 3968; x_wconf 85' lang='lat' dir='ltr'><strong>Florezius</strong></span> <span class='ocrx_word' id='word_1_234' title='bbox 725 3910 977 3964; x_wconf 86' lang='lat' dir='ltr'><strong>ostendit.</strong></span> <span class='ocrx_word' id='word_1_235' title='bbox 1018 3909 1176 3962; x_wconf 86' lang='lat' dir='ltr'><strong>ldacii</strong></span> <span class='ocrx_word' id='word_1_236' title='bbox 1207 3908 1506 3961; x_wconf 71' lang='lat' dir='ltr'><strong>Chronico&quot;</strong></span> <span class='ocrx_word' id='word_1_237' title='bbox 1540 3922 1591 3962; x_wconf 90' lang='lat' dir='ltr'><strong>et</strong></span> <span class='ocrx_word' id='word_1_238' title='bbox 1635 3908 1821 3962; x_wconf 82' lang='lat' dir='ltr'><strong>Fasms</strong></span> 
     </span>
    </p>
   </div>
   <div class='ocr_carea' id='block_1_42' title="bbox 238 3976 1818 4045">
    <p class='ocr_par' dir='ltr' id='par_1_42' title="bbox 238 3976 1818 4045">
     <span class='ocr_line' id='line_1_42' title="bbox 238 3976 1818 4045; baseline -0.011 -4"><span class='ocrx_word' id='word_1_239' title='bbox 238 3989 415 4042; x_wconf 78' lang='lat' dir='ltr'><strong>habes</strong></span> <span class='ocrx_word' id='word_1_240' title='bbox 438 3988 487 4035; x_wconf 85' lang='lat' dir='ltr'><strong>in</strong></span> <span class='ocrx_word' id='word_1_241' title='bbox 514 3986 605 4037; x_wconf 92' lang='lat' dir='ltr'><strong>cit.</strong></span> <span class='ocrx_word' id='word_1_242' title='bbox 637 3981 771 4035; x_wconf 82' lang='lat' dir='ltr'><strong>Bibl.</strong></span> <span class='ocrx_word' id='word_1_243' title='bbox 798 3978 1065 4038; x_wconf 74' lang='lat' dir='ltr'><strong>Gallaud.,</strong></span> <span class='ocrx_word' id='word_1_244' title='bbox 1099 3988 1228 4033; x_wconf 81' lang='lat' dir='ltr'><strong>toni.</strong></span> <span class='ocrx_word' id='word_1_245' title='bbox 1277 3976 1353 4041; x_wconf 79' lang='grc' dir='ltr'><strong>Χ,</strong></span> <span class='ocrx_word' id='word_1_246' title='bbox 1389 3994 1439 4045; x_wconf 90' lang='lat' dir='ltr'><strong>p.</strong></span> <span class='ocrx_word' id='word_1_247' title='bbox 1472 3978 1595 4032; x_wconf 69' lang='lat'><strong>3&#39;25.</strong></span> <span class='ocrx_word' id='word_1_248' title='bbox 1649 3984 1818 4032; x_wconf 65' lang='lat' dir='ltr'><strong>Anim,</strong></span> 
     </span>
    </p>
   </div>
   <div class='ocr_carea' id='block_1_43' title="bbox 318 4049 1817 4115">
    <p class='ocr_par' dir='ltr' id='par_1_43' title="bbox 318 4049 1817 4115">
     <span class='ocr_line' id='line_1_43' title="bbox 318 4049 1817 4115; baseline -0.007 -5"><span class='ocrx_word' id='word_1_249' title='bbox 318 4057 408 4109; x_wconf 73' lang='lat'><strong>12.</strong></span> <span class='ocrx_word' id='word_1_250' title='bbox 442 4055 507 4106; x_wconf 88' lang='lat' dir='ltr'><strong>In</strong></span> <span class='ocrx_word' id='word_1_251' title='bbox 539 4063 687 4115; x_wconf 67' lang='lat' dir='ltr'><strong>rictu,</strong></span> <span class='ocrx_word' id='word_1_252' title='bbox 730 4062 837 4105; x_wconf 88' lang='lat' dir='ltr'><strong>etc.</strong></span> <span class='ocrx_word' id='word_1_253' title='bbox 866 4052 1087 4104; x_wconf 84' lang='lat' dir='ltr'><strong>Aetione</strong></span> <span class='ocrx_word' id='word_1_254' title='bbox 1139 4050 1171 4102; x_wconf 78' lang='grc'><strong>5</strong></span> <span class='ocrx_word' id='word_1_255' title='bbox 1218 4049 1417 4103; x_wconf 84' lang='lat' dir='ltr'><strong>Concd.</strong></span> <span class='ocrx_word' id='word_1_256' title='bbox 1466 4049 1716 4101; x_wconf 82' lang='lat' dir='ltr'><strong>Chalced.</strong></span> <span class='ocrx_word' id='word_1_257' title='bbox 1750 4078 1817 4090; x_wconf 87' lang='lat'><strong>-</strong></span> 
     </span>
    </p>
   </div>
   <div class='ocr_carea' id='block_1_44' title="bbox 237 4116 1823 4189">
    <p class='ocr_par' dir='ltr' id='par_1_44' title="bbox 237 4116 1823 4189">
     <span class='ocr_line' id='line_1_44' title="bbox 237 4116 1823 4189; baseline -0.008 -7"><span class='ocrx_word' id='word_1_258' title='bbox 237 4127 387 4182; x_wconf 82' lang='lat' dir='ltr'><strong>Ibid.</strong></span> <span class='ocrx_word' id='word_1_259' title='bbox 429 4122 704 4189; x_wconf 73' lang='lat' dir='ltr'><strong>Ephesiae.</strong></span> <span class='ocrx_word' id='word_1_260' title='bbox 739 4127 890 4174; x_wconf 86' lang='lat' dir='ltr'><strong>Anno</strong></span> <span class='ocrx_word' id='word_1_261' title='bbox 914 4120 1106 4174; x_wconf 75' lang='lat' dir='ltr'><strong>Christi</strong></span> <span class='ocrx_word' id='word_1_262' title='bbox 1133 4116 1260 4173; x_wconf 71' lang='grc'><strong>418.</strong></span> <span class='ocrx_word' id='word_1_263' title='bbox 1289 4150 1357 4160; x_wconf 87' lang='lat'><strong><em>—</em></strong></span> <span class='ocrx_word' id='word_1_264' title='bbox 1384 4117 1518 4171; x_wconf 85' lang='lat' dir='ltr'><strong>Ibid.</strong></span> <span class='ocrx_word' id='word_1_265' title='bbox 1551 4118 1823 4172; x_wconf 72' lang='lat' dir='ltr'><strong>Citalwdo-</strong></span> 
     </span>
    </p>
   </div>
   <div class='ocr_carea' id='block_1_45' title="bbox 234 4192 975 4253">
    <p class='ocr_par' dir='ltr' id='par_1_45' title="bbox 234 4192 975 4253">
     <span class='ocr_line' id='line_1_45' title="bbox 234 4192 975 4253; baseline -0.015 0"><span class='ocrx_word' id='word_1_266' title='bbox 234 4198 414 4253; x_wconf 62' lang='lat' dir='ltr'><strong>uenti.</strong></span> <span class='ocrx_word' id='word_1_267' title='bbox 447 4195 596 4247; x_wconf 84' lang='lat' dir='ltr'><strong>Anno</strong></span> <span class='ocrx_word' id='word_1_268' title='bbox 621 4193 745 4247; x_wconf 66' lang='grc'><strong>451.</strong></span> <span class='ocrx_word' id='word_1_269' title='bbox 780 4192 975 4244; x_wconf 60' lang='lat' dir='ltr'><strong>Plant-zz.</strong></span> 
     </span>
    </p>
   </div>
   <div class='ocr_carea' id='block_1_46' title="bbox 324 4259 1828 4325">
    <p class='ocr_par' dir='ltr' id='par_1_46' title="bbox 324 4259 1828 4325">
     <span class='ocr_line' id='line_1_46' title="bbox 324 4259 1828 4325; baseline -0.005 -6"><span class='ocrx_word' id='word_1_270' title='bbox 324 4266 463 4319; x_wconf 86' lang='lat' dir='ltr'><strong>Ibid.</strong></span> <span class='ocrx_word' id='word_1_271' title='bbox 501 4265 574 4317; x_wconf 85' lang='lat' dir='ltr'><strong>De</strong></span> <span class='ocrx_word' id='word_1_272' title='bbox 605 4265 833 4315; x_wconf 76' lang='lat' dir='ltr'><strong>Eusebio</strong></span> <span class='ocrx_word' id='word_1_273' title='bbox 891 4261 1097 4313; x_wconf 66' lang='lat' dir='ltr'><strong>Dorilmi</strong></span> <span class='ocrx_word' id='word_1_274' title='bbox 1147 4259 1429 4325; x_wconf 70' lang='lat' dir='ltr'><strong>episcom,</strong></span> <span class='ocrx_word' id='word_1_275' title='bbox 1461 4274 1510 4314; x_wconf 89' lang='lat' dir='ltr'><strong>et</strong></span> <span class='ocrx_word' id='word_1_276' title='bbox 1544 4259 1611 4312; x_wconf 91' lang='lat' dir='ltr'><strong>de</strong></span> <span class='ocrx_word' id='word_1_277' title='bbox 1644 4273 1828 4312; x_wconf 80' lang='lat' dir='ltr'><strong>sancto</strong></span> 
     </span>
    </p>
   </div>
   <div class='ocr_carea' id='block_1_47' title="bbox 237 4331 1823 4398">
    <p class='ocr_par' dir='ltr' id='par_1_47' title="bbox 237 4331 1823 4398">
     <span class='ocr_line' id='line_1_47' title="bbox 237 4331 1823 4398; baseline -0.007 -6"><span class='ocrx_word' id='word_1_278' title='bbox 237 4340 505 4395; x_wconf 83' lang='lat' dir='ltr'><strong>Flaviano</strong></span> <span class='ocrx_word' id='word_1_279' title='bbox 538 4335 796 4386; x_wconf 85' lang='lat' dir='ltr'><strong>Haronius</strong></span> <span class='ocrx_word' id='word_1_280' title='bbox 830 4331 943 4383; x_wconf 83' lang='lat' dir='ltr'><strong>fu-e</strong></span> <span class='ocrx_word' id='word_1_281' title='bbox 974 4332 1079 4398; x_wconf 88' lang='lat' dir='ltr'><strong>agit</strong></span> <span class='ocrx_word' id='word_1_282' title='bbox 1106 4336 1154 4379; x_wconf 89' lang='lat' dir='ltr'><strong>in</strong></span> <span class='ocrx_word' id='word_1_283' title='bbox 1186 4332 1502 4391; x_wconf 60' lang='lat' dir='ltr'><strong>Annalibus,</strong></span> <span class='ocrx_word' id='word_1_284' title='bbox 1535 4341 1586 4383; x_wconf 91' lang='lat' dir='ltr'><strong>et</strong></span> <span class='ocrx_word' id='word_1_285' title='bbox 1619 4332 1669 4382; x_wconf 92' lang='lat' dir='ltr'><strong>in</strong></span> <span class='ocrx_word' id='word_1_286' title='bbox 1715 4342 1823 4383; x_wconf 82' lang='lat' dir='ltr'><strong>not.</strong></span> 
     </span>
    </p>
   </div>
   <div class='ocr_carea' id='block_1_48' title="bbox 235 4398 1827 4473">
    <p class='ocr_par' dir='ltr' id='par_1_48' title="bbox 235 4398 1827 4473">
     <span class='ocr_line' id='line_1_48' title="bbox 235 4398 1827 4473; baseline -0.005 -12"><span class='ocrx_word' id='word_1_287' title='bbox 235 4411 314 4461; x_wconf 78' lang='lat' dir='ltr'><strong>ad</strong></span> <span class='ocrx_word' id='word_1_288' title='bbox 346 4404 779 4473; x_wconf 79' lang='lat' dir='ltr'><strong>Martyrologium</strong></span> <span class='ocrx_word' id='word_1_289' title='bbox 816 4401 1017 4473; x_wconf 39' lang='lat' dir='ltr'><strong>Bouh:</strong></span> <span class='ocrx_word' id='word_1_290' title='bbox 1045 4398 1226 4473; x_wconf 7' lang='lat' dir='ltr'><strong>tliejld</strong></span> <span class='ocrx_word' id='word_1_291' title='bbox 1273 4400 1542 4473; x_wconf 84' lang='lat' dir='ltr'><strong>februarii.</strong></span> <span class='ocrx_word' id='word_1_292' title='bbox 1603 4402 1657 4454; x_wconf 87' lang='lat' dir='ltr'><strong>In</strong></span> <span class='ocrx_word' id='word_1_293' title='bbox 1706 4403 1827 4454; x_wconf 75' lang='lat' dir='ltr'><strong>Edi-</strong></span> 
     </span>
    </p>
   </div>
   <div class='ocr_carea' id='block_1_49' title="bbox 238 4470 1663 4535">
    <p class='ocr_par' dir='ltr' id='par_1_49' title="bbox 238 4470 1663 4535">
     <span class='ocr_line' id='line_1_49' title="bbox 238 4470 1663 4535; baseline -0.004 -7"><span class='ocrx_word' id='word_1_294' title='bbox 238 4484 400 4533; x_wconf 70' lang='lat' dir='ltr'><strong>tione</strong></span> <span class='ocrx_word' id='word_1_295' title='bbox 430 4470 636 4534; x_wconf 70' lang='lat' dir='ltr'><strong>(irtalii.</strong></span> <span class='ocrx_word' id='word_1_296' title='bbox 672 4472 864 4525; x_wconf 89' lang='lat' dir='ltr'><strong>memlo</strong></span> <span class='ocrx_word' id='word_1_297' title='bbox 897 4487 947 4535; x_wconf 93' lang='lat' dir='ltr'><strong>e,</strong></span> <span class='ocrx_word' id='word_1_298' title='bbox 980 4470 1289 4521; x_wconf 78' lang='lat' dir='ltr'><strong>Borolitante</strong></span> <span class='ocrx_word' id='word_1_299' title='bbox 1314 4471 1468 4522; x_wconf 72' lang='lat' dir='ltr'><strong>urbis.</strong></span> <span class='ocrx_word' id='word_1_300' title='bbox 1494 4473 1663 4523; x_wconf 71' lang='lat' dir='ltr'><strong>Auzv.</strong></span> 
     </span>
    </p>
   </div>
   <div class='ocr_carea' id='block_1_50' title="bbox 330 4541 1828 4608">
    <p class='ocr_par' dir='ltr' id='par_1_50' title="bbox 330 4541 1828 4608">
     <span class='ocr_line' id='line_1_50' title="bbox 330 4541 1828 4608; baseline -0.005 -6"><span class='ocrx_word' id='word_1_301' title='bbox 330 4550 415 4602; x_wconf 82' lang='grc'><strong>1⁸5.</strong></span> <span class='ocrx_word' id='word_1_302' title='bbox 456 4546 661 4606; x_wconf 58' lang='lat' dir='ltr'><strong>Extat,</strong></span> <span class='ocrx_word' id='word_1_303' title='bbox 690 4553 791 4595; x_wconf 85' lang='lat' dir='ltr'><strong>etc.</strong></span> <span class='ocrx_word' id='word_1_304' title='bbox 822 4557 939 4594; x_wconf 86' lang='lat' dir='ltr'><strong>cum</strong></span> <span class='ocrx_word' id='word_1_305' title='bbox 970 4542 1085 4593; x_wconf 91' lang='lat' dir='ltr'><strong>aliis</strong></span> <span class='ocrx_word' id='word_1_306' title='bbox 1118 4542 1167 4592; x_wconf 91' lang='lat' dir='ltr'><strong>in</strong></span> <span class='ocrx_word' id='word_1_307' title='bbox 1198 4541 1601 4608; x_wconf 63' lang='lat' dir='ltr'><strong>lliereseologia.</strong></span> <span class='ocrx_word' id='word_1_308' title='bbox 1631 4541 1828 4596; x_wconf 67' lang='lat' dir='ltr'><strong>i‘iansz.</strong></span> 
     </span>
    </p>
   </div>
   <div class='ocr_carea' id='block_1_51' title="bbox 325 4609 1831 4673">
    <p class='ocr_par' dir='ltr' id='par_1_51' title="bbox 325 4609 1831 4673">
     <span class='ocr_line' id='line_1_51' title="bbox 325 4609 1831 4673; baseline -0.007 -2"><span class='ocrx_word' id='word_1_309' title='bbox 325 4618 466 4671; x_wconf 89' lang='lat' dir='ltr'><strong>Ibid.</strong></span> <span class='ocrx_word' id='word_1_310' title='bbox 501 4614 810 4670; x_wconf 75' lang='lat' dir='ltr'><strong>Gennadius</strong></span> <span class='ocrx_word' id='word_1_311' title='bbox 835 4612 1111 4664; x_wconf 79' lang='lat' dir='ltr'><strong>Cerealem</strong></span> <span class='ocrx_word' id='word_1_312' title='bbox 1136 4609 1526 4673; x_wconf 85' lang='lat' dir='ltr'><strong>Castulensem,</strong></span> <span class='ocrx_word' id='word_1_313' title='bbox 1552 4626 1645 4663; x_wconf 91' lang='lat' dir='ltr'><strong>seu</strong></span> <span class='ocrx_word' id='word_1_314' title='bbox 1674 4612 1831 4664; x_wconf 85' lang='lat' dir='ltr'><strong>Cata-</strong></span> 
     </span>
    </p>
   </div>
   <div class='ocr_carea' id='block_1_52' title="bbox 238 4681 1833 4752">
    <p class='ocr_par' dir='ltr' id='par_1_52' title="bbox 238 4681 1833 4752">
     <span class='ocr_line' id='line_1_52' title="bbox 238 4681 1833 4752; baseline -0.008 -8"><span class='ocrx_word' id='word_1_315' title='bbox 238 4691 531 4744; x_wconf 81' lang='lat' dir='ltr'><strong>lanensem</strong></span> <span class='ocrx_word' id='word_1_316' title='bbox 585 4685 897 4752; x_wconf 64' lang='lat' dir='ltr'><strong>episeopum</strong></span> <span class='ocrx_word' id='word_1_317' title='bbox 948 4690 1209 4739; x_wconf 84' lang='lat' dir='ltr'><strong>recenset.</strong></span> <span class='ocrx_word' id='word_1_318' title='bbox 1257 4695 1377 4746; x_wconf 85' lang='lat' dir='ltr'><strong>eap.</strong></span> <span class='ocrx_word' id='word_1_319' title='bbox 1432 4681 1519 4743; x_wconf 83' lang='lat'><strong>96,</strong></span> <span class='ocrx_word' id='word_1_320' title='bbox 1569 4696 1672 4752; x_wconf 86' lang='lat' dir='ltr'><strong>quo</strong></span> <span class='ocrx_word' id='word_1_321' title='bbox 1719 4682 1833 4734; x_wconf 90' lang='lat' dir='ltr'><strong>loco</strong></span> 
     </span>
    </p>
   </div>
   <div class='ocr_carea' id='block_1_53' title="bbox 238 4750 1835 4815">
    <p class='ocr_par' dir='ltr' id='par_1_53' title="bbox 238 4750 1835 4815">
     <span class='ocr_line' id='line_1_53' title="bbox 238 4750 1835 4815; baseline -0.004 -4"><span class='ocrx_word' id='word_1_322' title='bbox 238 4759 517 4813; x_wconf 79' lang='lat' dir='ltr'><strong>videndus</strong></span> <span class='ocrx_word' id='word_1_323' title='bbox 560 4750 787 4808; x_wconf 64' lang='lat' dir='ltr'><strong>Mli-acus.</strong></span> <span class='ocrx_word' id='word_1_324' title='bbox 842 4753 944 4805; x_wconf 79' lang='lat' dir='ltr'><strong>Pro</strong></span> <span class='ocrx_word' id='word_1_325' title='bbox 973 4762 1290 4803; x_wconf 70' lang='lat' dir='ltr'><strong>concertata:</strong></span> <span class='ocrx_word' id='word_1_326' title='bbox 1321 4761 1428 4815; x_wconf 69' lang='lat' dir='ltr'><strong>est,</strong></span> <span class='ocrx_word' id='word_1_327' title='bbox 1470 4750 1661 4804; x_wconf 87' lang='lat' dir='ltr'><strong>melius</strong></span> <span class='ocrx_word' id='word_1_328' title='bbox 1691 4761 1835 4804; x_wconf 84' lang='lat' dir='ltr'><strong>esset</strong></span> 
     </span>
    </p>
   </div>
   <div class='ocr_carea' id='block_1_54' title="bbox 234 4820 1835 4890">
    <p class='ocr_par' dir='ltr' id='par_1_54' title="bbox 234 4820 1835 4890">
     <span class='ocr_line' id='line_1_54' title="bbox 234 4820 1835 4890; baseline -0.007 -7"><span class='ocrx_word' id='word_1_329' title='bbox 234 4826 597 4890; x_wconf 81' lang='lat' dir='ltr'><strong>concertavit;</strong></span> <span class='ocrx_word' id='word_1_330' title='bbox 627 4823 720 4876; x_wconf 89' lang='lat' dir='ltr'><strong>sed</strong></span> <span class='ocrx_word' id='word_1_331' title='bbox 749 4822 870 4875; x_wconf 88' lang='lat' dir='ltr'><strong>illud</strong></span> <span class='ocrx_word' id='word_1_332' title='bbox 896 4822 1186 4890; x_wconf 87' lang='lat' dir='ltr'><strong>genuinum</strong></span> <span class='ocrx_word' id='word_1_333' title='bbox 1220 4820 1447 4873; x_wconf 87' lang='lat' dir='ltr'><strong>videtur.</strong></span> <span class='ocrx_word' id='word_1_334' title='bbox 1480 4822 1585 4873; x_wconf 75' lang='lat' dir='ltr'><strong>Pro</strong></span> <span class='ocrx_word' id='word_1_335' title='bbox 1630 4821 1835 4872; x_wconf 82' lang='lat' dir='ltr'><strong>Ammo-</strong></span> 
     </span>
    </p>
   </div>
   <div class='ocr_carea' id='block_1_55' title="bbox 236 4891 1832 4961">
    <p class='ocr_par' dir='ltr' id='par_1_55' title="bbox 236 4891 1832 4961">
     <span class='ocr_line' id='line_1_55' title="bbox 236 4891 1832 4961; baseline -0.008 -7"><span class='ocrx_word' id='word_1_336' title='bbox 236 4902 504 4956; x_wconf 83' lang='lat' dir='ltr'><strong>m’tarum,</strong></span> <span class='ocrx_word' id='word_1_337' title='bbox 533 4893 724 4947; x_wconf 88' lang='lat' dir='ltr'><strong>alicubi</strong></span> <span class='ocrx_word' id='word_1_338' title='bbox 753 4893 938 4961; x_wconf 85' lang='lat' dir='ltr'><strong>legitur</strong></span> <span class='ocrx_word' id='word_1_339' title='bbox 971 4891 1293 4951; x_wconf 81' lang='lat' dir='ltr'><strong>Arianorum,</strong></span> <span class='ocrx_word' id='word_1_340' title='bbox 1328 4904 1420 4943; x_wconf 86' lang='lat' dir='ltr'><strong>seu</strong></span> <span class='ocrx_word' id='word_1_341' title='bbox 1444 4891 1832 4957; x_wconf 76' lang='lat' dir='ltr'><strong>Africanorum,</strong></span> 
     </span>
    </p>
   </div>
   <div class='ocr_carea' id='block_1_56' title="bbox 234 4960 1833 5032">
    <p class='ocr_par' dir='ltr' id='par_1_56' title="bbox 234 4960 1833 5032">
     <span class='ocr_line' id='line_1_56' title="bbox 234 4960 1833 5032; baseline -0.007 -7"><span class='ocrx_word' id='word_1_342' title='bbox 234 4971 351 5025; x_wconf 81' lang='lat' dir='ltr'><strong>sed</strong></span> <span class='ocrx_word' id='word_1_343' title='bbox 394 4966 671 5032; x_wconf 68' lang='lat' dir='ltr'><strong>legendum</strong></span> <span class='ocrx_word' id='word_1_344' title='bbox 712 4961 1410 5032; x_wconf 10' lang='lat' dir='ltr'><strong>vulelurrAriomonitarum.</strong></span> <span class='ocrx_word' id='word_1_345' title='bbox 1453 4962 1621 5032; x_wconf 7' lang='lat' dir='ltr'><strong>Notati</strong></span> <span class='ocrx_word' id='word_1_346' title='bbox 1649 4960 1833 5014; x_wconf 80' lang='lat' dir='ltr'><strong>Flore-</strong></span> 
     </span>
    </p>
   </div>
   <div class='ocr_carea' id='block_1_57' title="bbox 235 5030 1831 5102">
    <p class='ocr_par' dir='ltr' id='par_1_57' title="bbox 235 5030 1831 5102">
     <span class='ocr_line' id='line_1_57' title="bbox 235 5030 1831 5102; baseline -0.006 -8"><span class='ocrx_word' id='word_1_347' title='bbox 235 5044 393 5099; x_wconf 85' lang='lat' dir='ltr'><strong>zins,</strong></span> <span class='ocrx_word' id='word_1_348' title='bbox 420 5030 471 5089; x_wconf 86' lang='lat' dir='ltr'><strong>in</strong></span> <span class='ocrx_word' id='word_1_349' title='bbox 494 5032 788 5102; x_wconf 76' lang='lat' dir='ltr'><strong>exetnplari</strong></span> <span class='ocrx_word' id='word_1_350' title='bbox 809 5031 1056 5084; x_wconf 74' lang='lat' dir='ltr'><strong>Mariana:</strong></span> <span class='ocrx_word' id='word_1_351' title='bbox 1089 5030 1274 5083; x_wconf 85' lang='lat' dir='ltr'><strong>deesse</strong></span> <span class='ocrx_word' id='word_1_352' title='bbox 1295 5032 1355 5082; x_wconf 86' lang='lat' dir='ltr'><strong>de</strong></span> <span class='ocrx_word' id='word_1_353' title='bbox 1373 5038 1495 5082; x_wconf 87' lang='lat' dir='ltr'><strong>ante</strong></span> <span class='ocrx_word' id='word_1_354' title='bbox 1512 5031 1831 5084; x_wconf 72' lang='lat' dir='ltr'><strong>testimoniis.</strong></span> 
     </span>
    </p>
   </div>
   <div class='ocr_carea' id='block_1_58' title="bbox 231 5115 429 5165">
    <p class='ocr_par' dir='ltr' id='par_1_58' title="bbox 231 5115 429 5165">
     <span class='ocr_line' id='line_1_58' title="bbox 231 5115 429 5165; baseline -0.04 0"><span class='ocrx_word' id='word_1_355' title='bbox 231 5115 429 5165; x_wconf 69' lang='lat' dir='ltr'><strong>Ant-1v.</strong></span> 
     </span>
    </p>
   </div>
   <div class='ocr_carea' id='block_1_59' title="bbox 329 5168 1833 5241">
    <p class='ocr_par' dir='ltr' id='par_1_59' title="bbox 329 5168 1833 5241">
     <span class='ocr_line' id='line_1_59' title="bbox 329 5168 1833 5241; baseline -0.007 -8"><span class='ocrx_word' id='word_1_356' title='bbox 329 5176 771 5241; x_wconf 70' lang='lat' dir='ltr'><strong>N.Rescriptum.</strong></span> <span class='ocrx_word' id='word_1_357' title='bbox 806 5171 1099 5241; x_wconf 84' lang='lat' dir='ltr'><strong>Ediiusest</strong></span> <span class='ocrx_word' id='word_1_358' title='bbox 1131 5169 1313 5241; x_wconf 80' lang='lat' dir='ltr'><strong>Romae</strong></span> <span class='ocrx_word' id='word_1_359' title='bbox 1341 5168 1405 5241; x_wconf 88' lang='lat' dir='ltr'><strong>ab</strong></span> <span class='ocrx_word' id='word_1_360' title='bbox 1422 5168 1833 5223; x_wconf 86' lang='lat' dir='ltr'><strong>AchillcStatio.</strong></span> 
     </span>
    </p>
   </div>
   <div class='ocr_carea' id='block_1_60' title="bbox 330 5240 1835 5311">
    <p class='ocr_par' dir='ltr' id='par_1_60' title="bbox 330 5240 1835 5311">
     <span class='ocr_line' id='line_1_60' title="bbox 330 5240 1835 5311; baseline -0.009 -10"><span class='ocrx_word' id='word_1_361' title='bbox 330 5250 473 5300; x_wconf 83' lang='lat' dir='ltr'><strong>Ibid.</strong></span> <span class='ocrx_word' id='word_1_362' title='bbox 513 5240 647 5311; x_wconf 79' lang='lat' dir='ltr'><strong>Quid</strong></span> <span class='ocrx_word' id='word_1_363' title='bbox 677 5244 903 5311; x_wconf 76' lang='lat' dir='ltr'><strong>prodest.</strong></span> <span class='ocrx_word' id='word_1_364' title='bbox 966 5240 1104 5291; x_wconf 89' lang='lat' dir='ltr'><strong>ldem</strong></span> <span class='ocrx_word' id='word_1_365' title='bbox 1152 5240 1365 5311; x_wconf 75' lang='lat' dir='ltr'><strong>scripsit</strong></span> <span class='ocrx_word' id='word_1_366' title='bbox 1397 5240 1682 5311; x_wconf 76' lang='lat' dir='ltr'><strong>Pontianus</strong></span> <span class='ocrx_word' id='word_1_367' title='bbox 1719 5242 1835 5307; x_wconf 84' lang='lat' dir='ltr'><strong>epi-</strong></span> 
     </span>
    </p>
   </div>
   <div class='ocr_carea' id='block_1_61' title="bbox 232 5308 1836 5385">
    <p class='ocr_par' dir='ltr' id='par_1_61' title="bbox 232 5308 1836 5385">
     <span class='ocr_line' id='line_1_61' title="bbox 232 5308 1836 5385; baseline -0.004 -14"><span class='ocrx_word' id='word_1_368' title='bbox 232 5336 458 5385; x_wconf 71' lang='lat' dir='ltr'><strong>scopus</strong></span> <span class='ocrx_word' id='word_1_369' title='bbox 488 5308 614 5370; x_wconf 73' lang='lat' dir='ltr'><strong>Ai’er</strong></span> <span class='ocrx_word' id='word_1_370' title='bbox 654 5308 718 5366; x_wconf 83' lang='lat' dir='ltr'><strong>ad</strong></span> <span class='ocrx_word' id='word_1_371' title='bbox 750 5312 1107 5385; x_wconf 69' lang='lat' dir='ltr'><strong>Justiniauutu</strong></span> <span class='ocrx_word' id='word_1_372' title='bbox 1164 5310 1290 5385; x_wconf 71' lang='lat' dir='ltr'><strong>imp.</strong></span> <span class='ocrx_word' id='word_1_373' title='bbox 1325 5338 1393 5348; x_wconf 91' lang='grc'><strong><em>--</em></strong></span> <span class='ocrx_word' id='word_1_374' title='bbox 1436 5308 1574 5385; x_wconf 83' lang='lat' dir='ltr'><strong>Ibid.</strong></span> <span class='ocrx_word' id='word_1_375' title='bbox 1608 5309 1836 5385; x_wconf 62' lang='lat' dir='ltr'><strong>Siquis.</strong></span> 
     </span>
    </p>
   </div>
   <div class='ocr_carea' id='block_1_62' title="bbox 230 5378 1840 5446">
    <p class='ocr_par' dir='ltr' id='par_1_62' title="bbox 230 5378 1840 5446">
     <span class='ocr_line' id='line_1_62' title="bbox 230 5378 1840 5446; baseline -0.002 -8"><span class='ocrx_word' id='word_1_376' title='bbox 230 5378 457 5445; x_wconf 53' lang='lat' dir='ltr'><strong>Contra</strong></span> <span class='ocrx_word' id='word_1_377' title='bbox 496 5388 681 5440; x_wconf 88' lang='lat' dir='ltr'><strong>delinit</strong></span> <span class='ocrx_word' id='word_1_378' title='bbox 724 5382 915 5436; x_wconf 80' lang='lat' dir='ltr'><strong>Com-il.</strong></span> <span class='ocrx_word' id='word_1_379' title='bbox 950 5395 979 5433; x_wconf 78' lang='grc' dir='ltr'><strong>ν</strong></span> <span class='ocrx_word' id='word_1_380' title='bbox 1019 5378 1504 5446; x_wconf 84' lang='lat' dir='ltr'><strong>Constantinopol.,</strong></span> <span class='ocrx_word' id='word_1_381' title='bbox 1537 5392 1639 5434; x_wconf 84' lang='lat' dir='ltr'><strong>act.</strong></span> <span class='ocrx_word' id='word_1_382' title='bbox 1666 5378 1741 5443; x_wconf 17' lang='lat'><strong>5’;</strong></span> <span class='ocrx_word' id='word_1_383' title='bbox 1775 5383 1840 5435; x_wconf 89' lang='lat' dir='ltr'><strong>de</strong></span> 
     </span>
    </p>
   </div>
   <div class='ocr_carea' id='block_1_63' title="bbox 230 5449 1837 5522">
    <p class='ocr_par' dir='ltr' id='par_1_63' title="bbox 230 5449 1837 5522">
     <span class='ocr_line' id='line_1_63' title="bbox 230 5449 1837 5522; baseline -0.006 -9"><span class='ocrx_word' id='word_1_384' title='bbox 230 5459 549 5517; x_wconf 78' lang='lat' dir='ltr'><strong>Theodoro</strong></span> <span class='ocrx_word' id='word_1_385' title='bbox 600 5456 988 5522; x_wconf 64' lang='lat' dir='ltr'><strong>Mopsuesteno,</strong></span> <span class='ocrx_word' id='word_1_386' title='bbox 1020 5449 1143 5522; x_wconf 83' lang='lat' dir='ltr'><strong>vide</strong></span> <span class='ocrx_word' id='word_1_387' title='bbox 1169 5451 1261 5515; x_wconf 42' lang='grc' dir='ltr'><strong>’ἐκ</strong></span> <span class='ocrx_word' id='word_1_388' title='bbox 1313 5462 1499 5517; x_wconf 69' lang='grc' dir='ltr'><strong>(ιυωεί.</strong></span> <span class='ocrx_word' id='word_1_389' title='bbox 1530 5449 1583 5502; x_wconf 70' lang='grc'><strong>2.</strong></span> <span class='ocrx_word' id='word_1_390' title='bbox 1638 5451 1837 5504; x_wconf 70' lang='grc' dir='ltr'><strong>Ρειιεῑ.</strong></span> 
     </span>
    </p>
   </div>
   <div class='ocr_carea' id='block_1_64' title="bbox 322 5521 1840 5590">
    <p class='ocr_par' dir='ltr' id='par_1_64' title="bbox 322 5521 1840 5590">
     <span class='ocr_line' id='line_1_64' title="bbox 322 5521 1840 5590; baseline -0.004 -9"><span class='ocrx_word' id='word_1_391' title='bbox 322 5528 475 5581; x_wconf 74' lang='lat' dir='ltr'><strong>Ibid.</strong></span> <span class='ocrx_word' id='word_1_392' title='bbox 502 5521 802 5581; x_wconf 76' lang='lat' dir='ltr'><strong>Ferraiidus</strong></span> <span class='ocrx_word' id='word_1_393' title='bbox 841 5521 1099 5575; x_wconf 79' lang='lat' dir='ltr'><strong>diaconus</strong></span> <span class='ocrx_word' id='word_1_394' title='bbox 1133 5521 1312 5572; x_wconf 83' lang='lat' dir='ltr'><strong>floruit</strong></span> <span class='ocrx_word' id='word_1_395' title='bbox 1357 5537 1497 5573; x_wconf 87' lang='lat' dir='ltr'><strong>anno</strong></span> <span class='ocrx_word' id='word_1_396' title='bbox 1542 5522 1665 5574; x_wconf 82' lang='grc'><strong>507.</strong></span> <span class='ocrx_word' id='word_1_397' title='bbox 1716 5524 1840 5590; x_wconf 73' lang='lat' dir='ltr'><strong>Ejus</strong></span> 
     </span>
    </p>
   </div>
   <div class='ocr_carea' id='block_1_65' title="bbox 228 5590 1840 5669">
    <p class='ocr_par' dir='ltr' id='par_1_65' title="bbox 228 5590 1840 5669">
     <span class='ocr_line' id='line_1_65' title="bbox 228 5590 1840 5669; baseline -0.006 -16"><span class='ocrx_word' id='word_1_398' title='bbox 228 5615 427 5669; x_wconf 85' lang='lat' dir='ltr'><strong>opera</strong></span> <span class='ocrx_word' id='word_1_399' title='bbox 460 5599 523 5652; x_wconf 88' lang='lat' dir='ltr'><strong>ed</strong></span> <span class='ocrx_word' id='word_1_400' title='bbox 551 5608 596 5650; x_wconf 83' lang='lat' dir='ltr'><strong>ta</strong></span> <span class='ocrx_word' id='word_1_401' title='bbox 625 5601 852 5657; x_wconf 78' lang='lat' dir='ltr'><strong>exstant,</strong></span> <span class='ocrx_word' id='word_1_402' title='bbox 883 5590 1241 5669; x_wconf 76' lang='lat' dir='ltr'><strong>l’ar.riieticus</strong></span> <span class='ocrx_word' id='word_1_403' title='bbox 1283 5591 1345 5642; x_wconf 84' lang='lat' dir='ltr'><strong>ad</strong></span> <span class='ocrx_word' id='word_1_404' title='bbox 1376 5591 1632 5669; x_wconf 72' lang='lat' dir='ltr'><strong>Reginum</strong></span> <span class='ocrx_word' id='word_1_405' title='bbox 1664 5590 1840 5645; x_wconf 86' lang='lat' dir='ltr'><strong>Comi-</strong></span> 
     </span>
    </p>
   </div>
   <div class='ocr_carea' id='block_1_66' title="bbox 230 5662 1841 5735">
    <p class='ocr_par' dir='ltr' id='par_1_66' title="bbox 230 5662 1841 5735">
     <span class='ocr_line' id='line_1_66' title="bbox 230 5662 1841 5735; baseline -0.002 -17"><span class='ocrx_word' id='word_1_406' title='bbox 230 5662 395 5735; x_wconf 72' lang='grc' dir='ltr'><strong>ιιξω,</strong></span> <span class='ocrx_word' id='word_1_407' title='bbox 423 5669 685 5732; x_wconf 61' lang='lat' dir='ltr'><strong>epistolae,</strong></span> <span class='ocrx_word' id='word_1_408' title='bbox 713 5665 967 5735; x_wconf 70' lang='lat' dir='ltr'><strong>breviatio</strong></span> <span class='ocrx_word' id='word_1_409' title='bbox 993 5674 1278 5735; x_wconf 57' lang='lat' dir='ltr'><strong>Canopum,</strong></span> <span class='ocrx_word' id='word_1_410' title='bbox 1312 5662 1626 5735; x_wconf 35' lang='lat' dir='ltr'><strong>etclhidem</strong></span> <span class='ocrx_word' id='word_1_411' title='bbox 1656 5677 1684 5712; x_wconf 89' lang='lat' dir='ltr'><strong>a</strong></span> <span class='ocrx_word' id='word_1_412' title='bbox 1710 5679 1841 5735; x_wconf 85' lang='lat' dir='ltr'><strong>non-</strong></span> 
     </span>
    </p>
   </div>
   <div class='ocr_carea' id='block_1_67' title="bbox 232 5726 1842 5811">
    <p class='ocr_par' dir='ltr' id='par_1_67' title="bbox 232 5726 1842 5811">
     <span class='ocr_line' id='line_1_67' title="bbox 232 5726 1842 5811; baseline -0.006 -15"><span class='ocrx_word' id='word_1_413' title='bbox 232 5726 426 5796; x_wconf 76' lang='lat' dir='ltr'><strong>nullis</strong></span> <span class='ocrx_word' id='word_1_414' title='bbox 452 5726 731 5793; x_wconf 64' lang='lat' dir='ltr'><strong>ascribdur</strong></span> <span class='ocrx_word' id='word_1_415' title='bbox 763 5734 875 5789; x_wconf 69' lang='lat' dir='ltr'><strong>Vita</strong></span> <span class='ocrx_word' id='word_1_416' title='bbox 902 5732 1068 5786; x_wconf 73' lang='lat' dir='ltr'><strong>sattclt</strong></span> <span class='ocrx_word' id='word_1_417' title='bbox 1099 5726 1360 5799; x_wconf 75' lang='lat' dir='ltr'><strong>Fulgeutii</strong></span> <span class='ocrx_word' id='word_1_418' title='bbox 1397 5731 1686 5811; x_wconf 62' lang='lat' dir='ltr'><strong>Huspensis</strong></span> <span class='ocrx_word' id='word_1_419' title='bbox 1730 5734 1842 5803; x_wconf 84' lang='lat' dir='ltr'><strong>epi-</strong></span> 
     </span>
    </p>
   </div>
   <div class='ocr_carea' id='block_1_68' title="bbox 1908 490 3485 564">
    <p class='ocr_par' dir='ltr' id='par_1_68' title="bbox 1908 490 3485 564">
     <span class='ocr_line' id='line_1_68' title="bbox 1908 490 3485 564; baseline 0.006 -22"><span class='ocrx_word' id='word_1_420' title='bbox 1908 491 2071 543; x_wconf 68' lang='lat' dir='ltr'><strong>ti-ruis</strong></span> <span class='ocrx_word' id='word_1_421' title='bbox 2101 490 2343 558; x_wconf 87' lang='lat' dir='ltr'><strong>epistolis</strong></span> <span class='ocrx_word' id='word_1_422' title='bbox 2390 490 2637 545; x_wconf 86' lang='lat' dir='ltr'><strong>habuisse</strong></span> <span class='ocrx_word' id='word_1_423' title='bbox 2677 500 2942 544; x_wconf 82' lang='lat' dir='ltr'><strong>narratur.</strong></span> <span class='ocrx_word' id='word_1_424' title='bbox 2992 492 3093 547; x_wconf 87' lang='lat' dir='ltr'><strong>Iste</strong></span> <span class='ocrx_word' id='word_1_425' title='bbox 3120 494 3182 545; x_wconf 85' lang='lat' dir='ltr'><strong>ad</strong></span> <span class='ocrx_word' id='word_1_426' title='bbox 3215 495 3485 564; x_wconf 83' lang='lat' dir='ltr'><strong>Pelagium</strong></span> 
     </span>
    </p>
   </div>
   <div class='ocr_carea' id='block_1_69' title="bbox 1906 580 3484 649">
    <p class='ocr_par' dir='ltr' id='par_1_69' title="bbox 1906 580 3484 649">
     <span class='ocr_line' id='line_1_69' title="bbox 1906 580 3484 649; baseline 0.004 -14"><span class='ocrx_word' id='word_1_427' title='bbox 1906 592 1959 635; x_wconf 88' lang='lat' dir='ltr'><strong>et</strong></span> <span class='ocrx_word' id='word_1_428' title='bbox 1996 582 2299 635; x_wconf 73' lang='lat' dir='ltr'><strong>Anatolium</strong></span> <span class='ocrx_word' id='word_1_429' title='bbox 2331 582 2600 635; x_wconf 83' lang='lat' dir='ltr'><strong>llomanos</strong></span> <span class='ocrx_word' id='word_1_430' title='bbox 2650 580 2905 635; x_wconf 60' lang='lat' dir='ltr'><strong>diaconos</strong></span> <span class='ocrx_word' id='word_1_431' title='bbox 2949 583 3292 638; x_wconf 87' lang='lat' dir='ltr'><strong>consulentes</strong></span> <span class='ocrx_word' id='word_1_432' title='bbox 3337 600 3484 649; x_wconf 89' lang='lat' dir='ltr'><strong>eum,</strong></span> 
     </span>
    </p>
   </div>
   <div class='ocr_carea' id='block_1_70' title="bbox 1908 671 3488 740">
    <p class='ocr_par' dir='ltr' id='par_1_70' title="bbox 1908 671 3488 740">
     <span class='ocr_line' id='line_1_70' title="bbox 1908 671 3488 740; baseline 0.004 -16"><span class='ocrx_word' id='word_1_433' title='bbox 1908 678 2083 725; x_wconf 87' lang='lat' dir='ltr'><strong>utrum</strong></span> <span class='ocrx_word' id='word_1_434' title='bbox 2103 672 2261 724; x_wconf 89' lang='lat' dir='ltr'><strong>liceat</strong></span> <span class='ocrx_word' id='word_1_435' title='bbox 2281 686 2601 740; x_wconf 81' lang='lat' dir='ltr'><strong>quemquam</strong></span> <span class='ocrx_word' id='word_1_436' title='bbox 2630 671 2885 724; x_wconf 85' lang='lat' dir='ltr'><strong>damnare</strong></span> <span class='ocrx_word' id='word_1_437' title='bbox 2911 681 3027 739; x_wconf 90' lang='lat' dir='ltr'><strong>post</strong></span> <span class='ocrx_word' id='word_1_438' title='bbox 3052 682 3300 737; x_wconf 87' lang='lat' dir='ltr'><strong>mortem,</strong></span> <span class='ocrx_word' id='word_1_439' title='bbox 3322 677 3488 731; x_wconf 90' lang='lat' dir='ltr'><strong>edidit</strong></span> 
     </span>
    </p>
   </div>
   <div class='ocr_carea' id='block_1_71' title="bbox 1910 761 3482 829">
    <p class='ocr_par' dir='ltr' id='par_1_71' title="bbox 1910 761 3482 829">
     <span class='ocr_line' id='line_1_71' title="bbox 1910 761 3482 829; baseline 0.004 -16"><span class='ocrx_word' id='word_1_440' title='bbox 1910 766 2258 829; x_wconf 88' lang='lat' dir='ltr'><strong>rescriptum,</strong></span> <span class='ocrx_word' id='word_1_441' title='bbox 2294 763 2381 814; x_wconf 93' lang='lat' dir='ltr'><strong>uhi</strong></span> <span class='ocrx_word' id='word_1_442' title='bbox 2416 763 2555 816; x_wconf 90' lang='lat' dir='ltr'><strong>inter</strong></span> <span class='ocrx_word' id='word_1_443' title='bbox 2584 761 2687 815; x_wconf 90' lang='lat' dir='ltr'><strong>alia</strong></span> <span class='ocrx_word' id='word_1_444' title='bbox 2715 763 2796 816; x_wconf 86' lang='lat' dir='ltr'><strong>sic</strong></span> <span class='ocrx_word' id='word_1_445' title='bbox 2838 762 3050 815; x_wconf 80' lang='lat' dir='ltr'><strong>locutus</strong></span> <span class='ocrx_word' id='word_1_446' title='bbox 3099 772 3201 828; x_wconf 90' lang='lat' dir='ltr'><strong>est,</strong></span> <span class='ocrx_word' id='word_1_447' title='bbox 3258 765 3482 820; x_wconf 87' lang='lat' dir='ltr'><strong>dicens:</strong></span> 
     </span>
    </p>
   </div>
   <div class='ocr_carea' id='block_1_72' title="bbox 1916 853 3492 921">
    <p class='ocr_par' dir='ltr' id='par_1_72' title="bbox 1916 853 3492 921">
     <span class='ocr_line' id='line_1_72' title="bbox 1916 853 3492 921; baseline 0.005 -19"><span class='ocrx_word' id='word_1_448' title='bbox 1916 871 1935 902; x_wconf 84' lang='grc'>‹</span> <span class='ocrx_word' id='word_1_449' title='bbox 1971 853 2104 918; x_wconf 89' lang='lat' dir='ltr'><strong>Quid</strong></span> <span class='ocrx_word' id='word_1_450' title='bbox 2147 853 2366 920; x_wconf 86' lang='lat' dir='ltr'><strong>prodest</strong></span> <span class='ocrx_word' id='word_1_451' title='bbox 2395 853 2784 906; x_wconf 87' lang='lat' dir='ltr'><strong>dormientibus</strong></span> <span class='ocrx_word' id='word_1_452' title='bbox 2818 854 3106 906; x_wconf 69' lang='lat' dir='ltr'><strong>Ecclesium</strong></span> <span class='ocrx_word' id='word_1_453' title='bbox 3140 857 3492 921; x_wconf 80' lang='lat' dir='ltr'><strong>perturbare?</strong></span> 
     </span>
    </p>
   </div>
   <div class='ocr_carea' id='block_1_73' title="bbox 1910 940 3494 1010">
    <p class='ocr_par' dir='ltr' id='par_1_73' title="bbox 1910 940 3494 1010">
     <span class='ocr_line' id='line_1_73' title="bbox 1910 940 3494 1010; baseline 0.003 -15"><span class='ocrx_word' id='word_1_454' title='bbox 1910 942 1963 995; x_wconf 90' lang='lat' dir='ltr'><strong>Si</strong></span> <span class='ocrx_word' id='word_1_455' title='bbox 1986 944 2103 1008; x_wconf 82' lang='lat' dir='ltr'><strong>quis</strong></span> <span class='ocrx_word' id='word_1_456' title='bbox 2140 943 2316 996; x_wconf 84' lang='lat' dir='ltr'><strong>adhuc</strong></span> <span class='ocrx_word' id='word_1_457' title='bbox 2354 944 2404 995; x_wconf 92' lang='lat' dir='ltr'><strong>in</strong></span> <span class='ocrx_word' id='word_1_458' title='bbox 2436 958 2660 1010; x_wconf 87' lang='lat' dir='ltr'><strong>corpore</strong></span> <span class='ocrx_word' id='word_1_459' title='bbox 2708 944 2900 996; x_wconf 90' lang='lat' dir='ltr'><strong>mortis</strong></span> <span class='ocrx_word' id='word_1_460' title='bbox 2942 940 3100 1010; x_wconf 87' lang='lat' dir='ltr'><strong>hujus</strong></span> <span class='ocrx_word' id='word_1_461' title='bbox 3129 956 3409 999; x_wconf 79' lang='lat' dir='ltr'><strong>accusatus</strong></span> <span class='ocrx_word' id='word_1_462' title='bbox 3439 956 3494 999; x_wconf 90' lang='lat' dir='ltr'><strong>ct</strong></span> 
     </span>
    </p>
   </div>
   <div class='ocr_carea' id='block_1_74' title="bbox 1911 1034 3493 1102">
    <p class='ocr_par' dir='ltr' id='par_1_74' title="bbox 1911 1034 3493 1102">
     <span class='ocr_line' id='line_1_74' title="bbox 1911 1034 3493 1102; baseline -0.001 -16"><span class='ocrx_word' id='word_1_463' title='bbox 1911 1038 2218 1098; x_wconf 86' lang='lat' dir='ltr'><strong>damnatus,</strong></span> <span class='ocrx_word' id='word_1_464' title='bbox 2249 1044 2535 1102; x_wconf 82' lang='lat' dir='ltr'><strong>antequam</strong></span> <span class='ocrx_word' id='word_1_465' title='bbox 2568 1043 2866 1086; x_wconf 87' lang='lat' dir='ltr'><strong>mereretur</strong></span> <span class='ocrx_word' id='word_1_466' title='bbox 2893 1034 3123 1098; x_wconf 78' lang='lat' dir='ltr'><strong>absolvi,</strong></span> <span class='ocrx_word' id='word_1_467' title='bbox 3158 1035 3226 1087; x_wconf 88' lang='lat' dir='ltr'><strong>de</strong></span> <span class='ocrx_word' id='word_1_468' title='bbox 3256 1035 3493 1088; x_wconf 80' lang='lat' dir='ltr'><strong>Ecclesia</strong></span> 
     </span>
    </p>
   </div>
   <div class='ocr_carea' id='block_1_75' title="bbox 1914 1124 3492 1194">
    <p class='ocr_par' dir='ltr' id='par_1_75' title="bbox 1914 1124 3492 1194">
     <span class='ocr_line' id='line_1_75' title="bbox 1914 1124 3492 1194; baseline 0.002 -17"><span class='ocrx_word' id='word_1_469' title='bbox 1914 1135 2097 1187; x_wconf 84' lang='lat' dir='ltr'><strong>raptus</strong></span> <span class='ocrx_word' id='word_1_470' title='bbox 2138 1133 2241 1185; x_wconf 86' lang='lat' dir='ltr'><strong>est,</strong></span> <span class='ocrx_word' id='word_1_471' title='bbox 2275 1124 2480 1177; x_wconf 88' lang='lat' dir='ltr'><strong>absolvi</strong></span> <span class='ocrx_word' id='word_1_472' title='bbox 2524 1139 2627 1177; x_wconf 90' lang='lat' dir='ltr'><strong>non</strong></span> <span class='ocrx_word' id='word_1_473' title='bbox 2685 1134 2859 1192; x_wconf 88' lang='lat' dir='ltr'><strong>potest</strong></span> <span class='ocrx_word' id='word_1_474' title='bbox 2897 1124 3129 1177; x_wconf 89' lang='lat' dir='ltr'><strong>humano</strong></span> <span class='ocrx_word' id='word_1_475' title='bbox 3160 1125 3386 1194; x_wconf 85' lang='lat' dir='ltr'><strong>judicio.</strong></span> <span class='ocrx_word' id='word_1_476' title='bbox 3434 1125 3492 1180; x_wconf 90' lang='lat' dir='ltr'><strong>Si</strong></span> 
     </span>
    </p>
   </div>
   <div class='ocr_carea' id='block_1_76' title="bbox 1914 1216 3496 1284">
    <p class='ocr_par' dir='ltr' id='par_1_76' title="bbox 1914 1216 3496 1284">
     <span class='ocr_line' id='line_1_76' title="bbox 1914 1216 3496 1284; baseline 0.001 -16"><span class='ocrx_word' id='word_1_477' title='bbox 1914 1216 2033 1284; x_wconf 77' lang='lat' dir='ltr'><strong>quis</strong></span> <span class='ocrx_word' id='word_1_478' title='bbox 2054 1225 2337 1268; x_wconf 79' lang='lat' dir='ltr'><strong>accusatus</strong></span> <span class='ocrx_word' id='word_1_479' title='bbox 2379 1224 2435 1268; x_wconf 89' lang='lat' dir='ltr'><strong>et</strong></span> <span class='ocrx_word' id='word_1_480' title='bbox 2480 1216 2758 1269; x_wconf 83' lang='lat' dir='ltr'><strong>absolutus</strong></span> <span class='ocrx_word' id='word_1_481' title='bbox 2805 1216 2857 1269; x_wconf 93' lang='lat' dir='ltr'><strong>in</strong></span> <span class='ocrx_word' id='word_1_482' title='bbox 2903 1231 3031 1283; x_wconf 82' lang='lat' dir='ltr'><strong>pace</strong></span> <span class='ocrx_word' id='word_1_483' title='bbox 3073 1217 3354 1270; x_wconf 72' lang='lat' dir='ltr'><strong>catholica:</strong></span> <span class='ocrx_word' id='word_1_484' title='bbox 3399 1219 3496 1270; x_wconf 78' lang='lat' dir='ltr'><strong>Ec-</strong></span> 
     </span>
    </p>
   </div>
   <div class='ocr_carea' id='block_1_77' title="bbox 1915 1304 3499 1376">
    <p class='ocr_par' dir='ltr' id='par_1_77' title="bbox 1915 1304 3499 1376">
     <span class='ocr_line' id='line_1_77' title="bbox 1915 1304 3499 1376; baseline 0.004 -19"><span class='ocrx_word' id='word_1_485' title='bbox 1915 1306 2092 1358; x_wconf 67' lang='lat' dir='ltr'><strong>clesia:</strong></span> <span class='ocrx_word' id='word_1_486' title='bbox 2154 1304 2402 1357; x_wconf 88' lang='lat' dir='ltr'><strong>transivit</strong></span> <span class='ocrx_word' id='word_1_487' title='bbox 2450 1305 2514 1357; x_wconf 84' lang='lat' dir='ltr'><strong>ad</strong></span> <span class='ocrx_word' id='word_1_488' title='bbox 2567 1306 2756 1369; x_wconf 91' lang='lat' dir='ltr'><strong>Deum,</strong></span> <span class='ocrx_word' id='word_1_489' title='bbox 2815 1307 3159 1360; x_wconf 82' lang='lat' dir='ltr'><strong>condemnari</strong></span> <span class='ocrx_word' id='word_1_490' title='bbox 3192 1322 3295 1361; x_wconf 90' lang='lat' dir='ltr'><strong>non</strong></span> <span class='ocrx_word' id='word_1_491' title='bbox 3329 1318 3499 1376; x_wconf 86' lang='lat' dir='ltr'><strong>potest</strong></span> 
     </span>
    </p>
   </div>
   <div class='ocr_carea' id='block_1_78' title="bbox 1919 1397 3499 1467">
    <p class='ocr_par' dir='ltr' id='par_1_78' title="bbox 1919 1397 3499 1467">
     <span class='ocr_line' id='line_1_78' title="bbox 1919 1397 3499 1467; baseline 0.003 -17"><span class='ocrx_word' id='word_1_492' title='bbox 1919 1397 2143 1450; x_wconf 81' lang='lat' dir='ltr'><strong>ulterius</strong></span> <span class='ocrx_word' id='word_1_493' title='bbox 2196 1398 2430 1450; x_wconf 89' lang='lat' dir='ltr'><strong>humano</strong></span> <span class='ocrx_word' id='word_1_494' title='bbox 2476 1398 2699 1465; x_wconf 90' lang='lat' dir='ltr'><strong>judicio.</strong></span> <span class='ocrx_word' id='word_1_495' title='bbox 2756 1397 2811 1451; x_wconf 88' lang='lat' dir='ltr'><strong>Si</strong></span> <span class='ocrx_word' id='word_1_496' title='bbox 2862 1400 2981 1467; x_wconf 88' lang='lat' dir='ltr'><strong>quis</strong></span> <span class='ocrx_word' id='word_1_497' title='bbox 3036 1410 3316 1453; x_wconf 87' lang='lat' dir='ltr'><strong>accusatus</strong></span> <span class='ocrx_word' id='word_1_498' title='bbox 3373 1414 3499 1455; x_wconf 86' lang='lat' dir='ltr'><strong>ante</strong></span> 
     </span>
    </p>
   </div>
   <div class='ocr_carea' id='block_1_79' title="bbox 1919 1487 3501 1557">
    <p class='ocr_par' dir='ltr' id='par_1_79' title="bbox 1919 1487 3501 1557">
     <span class='ocr_line' id='line_1_79' title="bbox 1919 1487 3501 1557; baseline 0.003 -17"><span class='ocrx_word' id='word_1_499' title='bbox 1919 1489 2059 1541; x_wconf 87' lang='lat' dir='ltr'><strong>diem</strong></span> <span class='ocrx_word' id='word_1_500' title='bbox 2092 1488 2228 1541; x_wconf 86' lang='lat' dir='ltr'><strong>sacri</strong></span> <span class='ocrx_word' id='word_1_501' title='bbox 2270 1487 2530 1541; x_wconf 78' lang='lat' dir='ltr'><strong>examinis</strong></span> <span class='ocrx_word' id='word_1_502' title='bbox 2568 1488 2841 1556; x_wconf 88' lang='lat' dir='ltr'><strong>repentina</strong></span> <span class='ocrx_word' id='word_1_503' title='bbox 2884 1492 3163 1543; x_wconf 88' lang='lat' dir='ltr'><strong>vocatione</strong></span> <span class='ocrx_word' id='word_1_504' title='bbox 3202 1501 3501 1557; x_wconf 71' lang='lat' dir='ltr'><strong>pra-ventus</strong></span> 
     </span>
    </p>
   </div>
   <div class='ocr_carea' id='block_1_80' title="bbox 1919 1578 3503 1644">
    <p class='ocr_par' dir='ltr' id='par_1_80' title="bbox 1919 1578 3503 1644">
     <span class='ocr_line' id='line_1_80' title="bbox 1919 1578 3503 1644; baseline 0.001 -11"><span class='ocrx_word' id='word_1_505' title='bbox 1919 1588 2019 1643; x_wconf 92' lang='lat' dir='ltr'><strong>est,</strong></span> <span class='ocrx_word' id='word_1_506' title='bbox 2067 1578 2203 1631; x_wconf 92' lang='lat' dir='ltr'><strong>intra</strong></span> <span class='ocrx_word' id='word_1_507' title='bbox 2236 1580 2411 1632; x_wconf 86' lang='lat' dir='ltr'><strong>sinum</strong></span> <span class='ocrx_word' id='word_1_508' title='bbox 2445 1579 2632 1632; x_wconf 86' lang='lat' dir='ltr'><strong>matris</strong></span> <span class='ocrx_word' id='word_1_509' title='bbox 2663 1579 2925 1633; x_wconf 52' lang='lat' dir='ltr'><strong>Ecclesia.</strong></span> <span class='ocrx_word' id='word_1_510' title='bbox 2952 1581 3291 1644; x_wconf 68' lang='lat' dir='ltr'><strong>constitutus,</strong></span> <span class='ocrx_word' id='word_1_511' title='bbox 3323 1580 3503 1634; x_wconf 90' lang='lat' dir='ltr'><strong>divino</strong></span> 
     </span>
    </p>
   </div>
   <div class='ocr_carea' id='block_1_81' title="bbox 1923 1668 3502 1737">
    <p class='ocr_par' dir='ltr' id='par_1_81' title="bbox 1923 1668 3502 1737">
     <span class='ocr_line' id='line_1_81' title="bbox 1923 1668 3502 1737; baseline 0.001 -13"><span class='ocrx_word' id='word_1_512' title='bbox 1923 1671 2294 1737; x_wconf 86' lang='lat' dir='ltr'><strong>intelligendus</strong></span> <span class='ocrx_word' id='word_1_513' title='bbox 2333 1680 2417 1723; x_wconf 89' lang='lat' dir='ltr'><strong>est</strong></span> <span class='ocrx_word' id='word_1_514' title='bbox 2449 1668 2652 1737; x_wconf 86' lang='lat' dir='ltr'><strong>judicio</strong></span> <span class='ocrx_word' id='word_1_515' title='bbox 2692 1670 2976 1735; x_wconf 86' lang='lat' dir='ltr'><strong>reservari,</strong></span> <span class='ocrx_word' id='word_1_516' title='bbox 3008 1682 3059 1723; x_wconf 90' lang='lat' dir='ltr'><strong>et</strong></span> <span class='ocrx_word' id='word_1_517' title='bbox 3088 1672 3155 1723; x_wconf 87' lang='lat' dir='ltr'><strong>de</strong></span> <span class='ocrx_word' id='word_1_518' title='bbox 3188 1674 3286 1723; x_wconf 90' lang='lat' dir='ltr'><strong>hoc</strong></span> <span class='ocrx_word' id='word_1_519' title='bbox 3327 1672 3502 1725; x_wconf 83' lang='lat' dir='ltr'><strong>nullus</strong></span> 
     </span>
    </p>
   </div>
   <div class='ocr_carea' id='block_1_82' title="bbox 1855 1746 3500 1830">
    <p class='ocr_par' dir='ltr' id='par_1_82' title="bbox 1855 1746 3500 1830">
     <span class='ocr_line' id='line_1_82' title="bbox 1855 1746 3500 1830; baseline 0.002 -18"><span class='ocrx_word' id='word_1_520' title='bbox 1855 1774 1892 1830; x_wconf 68' lang='grc' dir='ltr'><strong>Β</strong></span> <span class='ocrx_word' id='word_1_521' title='bbox 1924 1764 2081 1813; x_wconf 89' lang='lat' dir='ltr'><strong>homo</strong></span> <span class='ocrx_word' id='word_1_522' title='bbox 2115 1768 2289 1828; x_wconf 89' lang='lat' dir='ltr'><strong>potest</strong></span> <span class='ocrx_word' id='word_1_523' title='bbox 2318 1760 2652 1813; x_wconf 81' lang='lat' dir='ltr'><strong>manifestam</strong></span> <span class='ocrx_word' id='word_1_524' title='bbox 2690 1762 2930 1828; x_wconf 86' lang='lat' dir='ltr'><strong>proferre</strong></span> <span class='ocrx_word' id='word_1_525' title='bbox 2961 1763 3304 1827; x_wconf 84' lang='lat' dir='ltr'><strong>sententiam,</strong></span> <span class='ocrx_word' id='word_1_526' title='bbox 3338 1763 3421 1815; x_wconf 90' lang='lat' dir='ltr'><strong>cui</strong></span> <span class='ocrx_word' id='word_1_527' title='bbox 3454 1746 3500 1814; x_wconf 71' lang='lat' dir='ltr'><strong>si</strong></span> 
     </span>
    </p>
   </div>
   <div class='ocr_carea' id='block_1_83' title="bbox 1922 1848 3502 1917">
    <p class='ocr_par' dir='ltr' id='par_1_83' title="bbox 1922 1848 3502 1917">
     <span class='ocr_line' id='line_1_83' title="bbox 1922 1848 3502 1917; baseline 0.001 -15"><span class='ocrx_word' id='word_1_528' title='bbox 1922 1851 2062 1903; x_wconf 79' lang='lat' dir='ltr'><strong>Deus</strong></span> <span class='ocrx_word' id='word_1_529' title='bbox 2105 1848 2488 1917; x_wconf 83' lang='lat' dir='ltr'><strong>indulgentiam</strong></span> <span class='ocrx_word' id='word_1_530' title='bbox 2530 1848 2698 1911; x_wconf 80' lang='lat' dir='ltr'><strong>dedit,</strong></span> <span class='ocrx_word' id='word_1_531' title='bbox 2735 1849 2867 1901; x_wconf 90' lang='lat' dir='ltr'><strong>nihil</strong></span> <span class='ocrx_word' id='word_1_532' title='bbox 2898 1856 3058 1902; x_wconf 85' lang='lat' dir='ltr'><strong>nocet</strong></span> <span class='ocrx_word' id='word_1_533' title='bbox 3089 1859 3273 1903; x_wconf 88' lang='lat' dir='ltr'><strong>nostra</strong></span> <span class='ocrx_word' id='word_1_534' title='bbox 3304 1851 3502 1903; x_wconf 84' lang='lat' dir='ltr'><strong>severi-</strong></span> 
     </span>
    </p>
   </div>
   <div class='ocr_carea' id='block_1_84' title="bbox 1924 1944 3502 2015">
    <p class='ocr_par' dir='ltr' id='par_1_84' title="bbox 1924 1944 3502 2015">
     <span class='ocr_line' id='line_1_84' title="bbox 1924 1944 3502 2015; baseline 0.002 -18"><span class='ocrx_word' id='word_1_535' title='bbox 1924 1955 2040 2009; x_wconf 88' lang='lat' dir='ltr'><strong>tas;</strong></span> <span class='ocrx_word' id='word_1_536' title='bbox 2089 1945 2184 1996; x_wconf 85' lang='lat' dir='ltr'><strong>sed</strong></span> <span class='ocrx_word' id='word_1_537' title='bbox 2232 1945 2279 1996; x_wconf 89' lang='lat' dir='ltr'><strong>si</strong></span> <span class='ocrx_word' id='word_1_538' title='bbox 2328 1944 2645 2010; x_wconf 87' lang='lat' dir='ltr'><strong>supplicium</strong></span> <span class='ocrx_word' id='word_1_539' title='bbox 2692 1944 3041 2013; x_wconf 76' lang='lat' dir='ltr'><strong>prteparavit,</strong></span> <span class='ocrx_word' id='word_1_540' title='bbox 3103 1945 3235 1999; x_wconf 85' lang='lat' dir='ltr'><strong>nihil</strong></span> <span class='ocrx_word' id='word_1_541' title='bbox 3291 1947 3502 2015; x_wconf 89' lang='lat' dir='ltr'><strong>prodest</strong></span> 
     </span>
    </p>
   </div>
   <div class='ocr_carea' id='block_1_85' title="bbox 1923 2036 2456 2103">
    <p class='ocr_par' dir='ltr' id='par_1_85' title="bbox 1923 2036 2456 2103">
     <span class='ocr_line' id='line_1_85' title="bbox 1923 2036 2456 2103; baseline -0.004 -14"><span class='ocrx_word' id='word_1_542' title='bbox 1923 2048 2105 2089; x_wconf 89' lang='lat' dir='ltr'><strong>nostra</strong></span> <span class='ocrx_word' id='word_1_543' title='bbox 2135 2036 2456 2103; x_wconf 69' lang='lat' dir='ltr'><strong>benignitas.</strong></span> 
     </span>
    </p>
   </div>
   <div class='ocr_carea' id='block_1_86' title="bbox 2514 2149 2934 2206">
    <p class='ocr_par' dir='ltr' id='par_1_86' title="bbox 2514 2149 2934 2206">
     <span class='ocr_line' id='line_1_86' title="bbox 2514 2149 2934 2206; baseline 0.005 -2"><span class='ocrx_word' id='word_1_544' title='bbox 2514 2149 2738 2206; x_wconf 78' lang='lat' dir='ltr'><strong>CAPUT</strong></span> <span class='ocrx_word' id='word_1_545' title='bbox 2798 2152 2934 2206; x_wconf 76' lang='grc' dir='ltr'><strong>λιιι.</strong></span> 
     </span>
    </p>
   </div>
   <div class='ocr_carea' id='block_1_87' title="bbox 1994 2240 3505 2312">
    <p class='ocr_par' dir='ltr' id='par_1_87' title="bbox 1994 2240 3505 2312">
     <span class='ocr_line' id='line_1_87' title="bbox 1994 2240 3505 2312; baseline 0.005 -18"><span class='ocrx_word' id='word_1_546' title='bbox 1994 2241 2083 2298; x_wconf 78' lang='grc'><strong>15.</strong></span> <span class='ocrx_word' id='word_1_547' title='bbox 2100 2242 2309 2306; x_wconf 78' lang='lat' dir='ltr'><strong>Petrus,</strong></span> <span class='ocrx_word' id='word_1_548' title='bbox 2325 2240 2611 2297; x_wconf 64' lang='lat' dir='ltr'><strong>Ilerdensis</strong></span> <span class='ocrx_word' id='word_1_549' title='bbox 2633 2243 3004 2312; x_wconf 88' lang='lat' dir='ltr'><strong>Hispaniarum</strong></span> <span class='ocrx_word' id='word_1_550' title='bbox 3033 2244 3348 2312; x_wconf 68' lang='lat' dir='ltr'><strong>Ecclesimei</strong></span> <span class='ocrx_word' id='word_1_551' title='bbox 3371 2246 3505 2300; x_wconf 57' lang='grc' dir='ltr'><strong>ἱροί)-</strong></span> 
     </span>
    </p>
   </div>
   <div class='ocr_carea' id='block_1_88' title="bbox 1927 2335 3508 2408">
    <p class='ocr_par' dir='ltr' id='par_1_88' title="bbox 1927 2335 3508 2408">
     <span class='ocr_line' id='line_1_88' title="bbox 1927 2335 3508 2408; baseline 0.006 -23"><span class='ocrx_word' id='word_1_552' title='bbox 1927 2353 2043 2404; x_wconf 86' lang='lat' dir='ltr'><strong>pus,</strong></span> <span class='ocrx_word' id='word_1_553' title='bbox 2078 2336 2244 2390; x_wconf 85' lang='lat' dir='ltr'><strong>edidit</strong></span> <span class='ocrx_word' id='word_1_554' title='bbox 2271 2335 2496 2390; x_wconf 84' lang='lat' dir='ltr'><strong>diversis</strong></span> <span class='ocrx_word' id='word_1_555' title='bbox 2524 2338 2950 2391; x_wconf 78' lang='lat' dir='ltr'><strong>solemnitatibus</strong></span> <span class='ocrx_word' id='word_1_556' title='bbox 2994 2351 3350 2408; x_wconf 74' lang='lat' dir='ltr'><strong>congruentes</strong></span> <span class='ocrx_word' id='word_1_557' title='bbox 3386 2357 3508 2394; x_wconf 88' lang='lat' dir='ltr'><strong>ora-</strong></span> 
     </span>
    </p>
   </div>
   <div class='ocr_carea' id='block_1_89' title="bbox 1929 2430 3508 2501">
    <p class='ocr_par' dir='ltr' id='par_1_89' title="bbox 1929 2430 3508 2501">
     <span class='ocr_line' id='line_1_89' title="bbox 1929 2430 3508 2501; baseline 0.005 -19"><span class='ocrx_word' id='word_1_558' title='bbox 1929 2430 2125 2495; x_wconf 90' lang='lat' dir='ltr'><strong>tiones,</strong></span> <span class='ocrx_word' id='word_1_559' title='bbox 2161 2437 2216 2483; x_wconf 90' lang='lat' dir='ltr'><strong>et</strong></span> <span class='ocrx_word' id='word_1_560' title='bbox 2246 2431 2438 2484; x_wconf 88' lang='lat' dir='ltr'><strong>missas</strong></span> <span class='ocrx_word' id='word_1_561' title='bbox 2469 2430 2698 2500; x_wconf 75' lang='lat' dir='ltr'><strong>eliganti</strong></span> <span class='ocrx_word' id='word_1_562' title='bbox 2731 2447 2911 2496; x_wconf 79' lang='lat' dir='ltr'><strong>sensu,</strong></span> <span class='ocrx_word' id='word_1_563' title='bbox 2946 2442 3000 2486; x_wconf 76' lang='lat' dir='ltr'><strong>el</strong></span> <span class='ocrx_word' id='word_1_564' title='bbox 3028 2443 3213 2501; x_wconf 80' lang='lat' dir='ltr'><strong>aperto</strong></span> <span class='ocrx_word' id='word_1_565' title='bbox 3242 2448 3508 2490; x_wconf 86' lang='lat' dir='ltr'><strong>sermone.</strong></span> 
     </span>
    </p>
   </div>
   <div class='ocr_carea' id='block_1_90' title="bbox 2516 2544 2909 2601">
    <p class='ocr_par' dir='ltr' id='par_1_90' title="bbox 2516 2544 2909 2601">
     <span class='ocr_line' id='line_1_90' title="bbox 2516 2544 2909 2601; baseline 0.005 -2"><span class='ocrx_word' id='word_1_566' title='bbox 2516 2544 2743 2601; x_wconf 81' lang='lat' dir='ltr'><strong>CAPUT</strong></span> <span class='ocrx_word' id='word_1_567' title='bbox 2775 2546 2909 2601; x_wconf 79' lang='lat' dir='ltr'><strong>XIV.</strong></span> 
     </span>
    </p>
   </div>
   <div class='ocr_carea' id='block_1_91' title="bbox 1998 2634 3510 2709">
    <p class='ocr_par' dir='ltr' id='par_1_91' title="bbox 1998 2634 3510 2709">
     <span class='ocr_line' id='line_1_91' title="bbox 1998 2634 3510 2709; baseline 0.006 -20"><span class='ocrx_word' id='word_1_568' title='bbox 1998 2634 2084 2689; x_wconf 83' lang='grc'><strong>16.</strong></span> <span class='ocrx_word' id='word_1_569' title='bbox 2103 2635 2461 2701; x_wconf 83' lang='lat' dir='ltr'><strong>Marcellinus,</strong></span> <span class='ocrx_word' id='word_1_570' title='bbox 2483 2636 2637 2691; x_wconf 66' lang='lat' dir='ltr'><strong>Italiae</strong></span> <span class='ocrx_word' id='word_1_571' title='bbox 2655 2643 2952 2709; x_wconf 84' lang='lat' dir='ltr'><strong>presbyter,</strong></span> <span class='ocrx_word' id='word_1_572' title='bbox 2968 2640 3182 2708; x_wconf 83' lang='lat' dir='ltr'><strong>scripsit</strong></span> <span class='ocrx_word' id='word_1_573' title='bbox 3205 2641 3510 2698; x_wconf 83' lang='lat' dir='ltr'><strong>Theodosio</strong></span> 
     </span>
    </p>
   </div>
   <div class='ocr_carea' id='block_1_92' title="bbox 1927 2725 3512 2798">
    <p class='ocr_par' dir='ltr' id='par_1_92' title="bbox 1927 2725 3512 2798">
     <span class='ocr_line' id='line_1_92' title="bbox 1927 2725 3512 2798; baseline 0.004 -19"><span class='ocrx_word' id='word_1_574' title='bbox 1927 2725 2135 2791; x_wconf 89' lang='lat' dir='ltr'><strong>Minori,</strong></span> <span class='ocrx_word' id='word_1_575' title='bbox 2164 2726 2501 2795; x_wconf 81' lang='lat' dir='ltr'><strong>Arcadioque</strong></span> <span class='ocrx_word' id='word_1_576' title='bbox 2525 2727 2961 2797; x_wconf 79' lang='lat' dir='ltr'><strong>imperatoribus,</strong></span> <span class='ocrx_word' id='word_1_577' title='bbox 2985 2733 3298 2798; x_wconf 88' lang='lat' dir='ltr'><strong>opusculum</strong></span> <span class='ocrx_word' id='word_1_578' title='bbox 3324 2749 3512 2797; x_wconf 82' lang='lat' dir='ltr'><strong>Itllllm,</strong></span> 
     </span>
    </p>
   </div>
   <div class='ocr_carea' id='block_1_93' title="bbox 1929 2819 3509 2889">
    <p class='ocr_par' dir='ltr' id='par_1_93' title="bbox 1929 2819 3509 2889">
     <span class='ocr_line' id='line_1_93' title="bbox 1929 2819 3509 2889; baseline 0 -15"><span class='ocrx_word' id='word_1_579' title='bbox 1929 2821 1980 2874; x_wconf 92' lang='lat' dir='ltr'><strong>in</strong></span> <span class='ocrx_word' id='word_1_580' title='bbox 2010 2835 2115 2889; x_wconf 89' lang='lat' dir='ltr'><strong>quo</strong></span> <span class='ocrx_word' id='word_1_581' title='bbox 2146 2819 2341 2874; x_wconf 84' lang='lat' dir='ltr'><strong>retexit</strong></span> <span class='ocrx_word' id='word_1_582' title='bbox 2381 2827 2526 2887; x_wconf 84' lang='lat' dir='ltr'><strong>gesta</strong></span> <span class='ocrx_word' id='word_1_583' title='bbox 2558 2821 2930 2888; x_wconf 67' lang='lat' dir='ltr'><strong>episcoiiorum</strong></span> <span class='ocrx_word' id='word_1_584' title='bbox 2960 2824 3047 2889; x_wconf 88' lang='lat' dir='ltr'><strong>qui</strong></span> <span class='ocrx_word' id='word_1_585' title='bbox 3081 2822 3148 2876; x_wconf 89' lang='lat' dir='ltr'><strong>ad</strong></span> <span class='ocrx_word' id='word_1_586' title='bbox 3192 2822 3509 2878; x_wconf 79' lang='lat' dir='ltr'><strong>destructio-</strong></span> 
     </span>
    </p>
   </div>
   <div class='ocr_carea' id='block_1_94' title="bbox 1929 2912 3513 2985">
    <p class='ocr_par' dir='ltr' id='par_1_94' title="bbox 1929 2912 3513 2985">
     <span class='ocr_line' id='line_1_94' title="bbox 1929 2912 3513 2985; baseline 0.003 -18"><span class='ocrx_word' id='word_1_587' title='bbox 1929 2928 2051 2968; x_wconf 89' lang='lat' dir='ltr'><strong>nem</strong></span> <span class='ocrx_word' id='word_1_588' title='bbox 2091 2912 2407 2966; x_wconf 88' lang='lat' dir='ltr'><strong>homousion</strong></span> <span class='ocrx_word' id='word_1_589' title='bbox 2461 2912 2685 2966; x_wconf 86' lang='lat' dir='ltr'><strong>Arimini</strong></span> <span class='ocrx_word' id='word_1_590' title='bbox 2741 2924 3137 2979; x_wconf 90' lang='lat' dir='ltr'><strong>convenerunt;</strong></span> <span class='ocrx_word' id='word_1_591' title='bbox 3201 2916 3396 2985; x_wconf 76' lang='lat' dir='ltr'><strong>quique</strong></span> <span class='ocrx_word' id='word_1_592' title='bbox 3446 2921 3513 2972; x_wconf 81' lang='lat' dir='ltr'><strong>ita</strong></span> 
     </span>
    </p>
   </div>
   <div class='ocr_carea' id='block_1_95' title="bbox 1931 3000 3511 3071">
    <p class='ocr_par' dir='ltr' id='par_1_95' title="bbox 1931 3000 3511 3071">
     <span class='ocr_line' id='line_1_95' title="bbox 1931 3000 3511 3071; baseline 0.003 -16"><span class='ocrx_word' id='word_1_593' title='bbox 1931 3009 2097 3055; x_wconf 91' lang='lat' dir='ltr'><strong>totum</strong></span> <span class='ocrx_word' id='word_1_594' title='bbox 2130 3000 2385 3054; x_wconf 91' lang='lat' dir='ltr'><strong>mundum</strong></span> <span class='ocrx_word' id='word_1_595' title='bbox 2421 3001 2636 3069; x_wconf 85' lang='lat' dir='ltr'><strong>perfidia</strong></span> <span class='ocrx_word' id='word_1_596' title='bbox 2673 3000 2819 3070; x_wconf 90' lang='lat' dir='ltr'><strong>impii</strong></span> <span class='ocrx_word' id='word_1_597' title='bbox 2851 3002 3118 3071; x_wconf 85' lang='lat' dir='ltr'><strong>dogmatis</strong></span> <span class='ocrx_word' id='word_1_598' title='bbox 3144 3006 3511 3069; x_wconf 71' lang='lat' dir='ltr'><strong>turbaverunt,</strong></span> 
     </span>
    </p>
   </div>
   <div class='ocr_carea' id='block_1_96' title="bbox 1930 3091 3515 3164">
    <p class='ocr_par' dir='ltr' id='par_1_96' title="bbox 1930 3091 3515 3164">
     <span class='ocr_line' id='line_1_96' title="bbox 1930 3091 3515 3164; baseline 0.004 -18"><span class='ocrx_word' id='word_1_599' title='bbox 1930 3102 1989 3146; x_wconf 93' lang='lat' dir='ltr'><strong>ut</strong></span> <span class='ocrx_word' id='word_1_600' title='bbox 2025 3093 2106 3145; x_wconf 74' lang='lat' dir='ltr'><strong>vix</strong></span> <span class='ocrx_word' id='word_1_601' title='bbox 2158 3094 2307 3160; x_wconf 86' lang='lat' dir='ltr'><strong>pauci</strong></span> <span class='ocrx_word' id='word_1_602' title='bbox 2364 3091 2629 3145; x_wconf 84' lang='lat' dir='ltr'><strong>antistites</strong></span> <span class='ocrx_word' id='word_1_603' title='bbox 2662 3095 2957 3147; x_wconf 81' lang='lat' dir='ltr'><strong>existerent</strong></span> <span class='ocrx_word' id='word_1_604' title='bbox 3001 3095 3176 3164; x_wconf 90' lang='lat' dir='ltr'><strong>quiin</strong></span> <span class='ocrx_word' id='word_1_605' title='bbox 3226 3096 3515 3152; x_wconf 85' lang='lat' dir='ltr'><strong>inviolabili</strong></span> 
     </span>
    </p>
   </div>
   <div class='ocr_carea' id='block_1_97' title="bbox 1857 3151 3513 3255">
    <p class='ocr_par' dir='ltr' id='par_1_97' title="bbox 1857 3151 3513 3255">
     <span class='ocr_line' id='line_1_97' title="bbox 1857 3151 3513 3255; baseline 0.004 -19"><span class='ocrx_word' id='word_1_606' title='bbox 1857 3151 1900 3213; x_wconf 77' lang='lat' dir='ltr'>C</span> <span class='ocrx_word' id='word_1_607' title='bbox 1935 3184 2056 3238; x_wconf 87' lang='lat' dir='ltr'><strong>fidei</strong></span> <span class='ocrx_word' id='word_1_608' title='bbox 2104 3151 2246 3237; x_wconf 75' lang='lat' dir='ltr'><strong>etiltu</strong></span> <span class='ocrx_word' id='word_1_609' title='bbox 2288 3195 2713 3249; x_wconf 85' lang='lat' dir='ltr'><strong>perseverarent.</strong></span> <span class='ocrx_word' id='word_1_610' title='bbox 2758 3184 2983 3251; x_wconf 68' lang='lat' dir='ltr'><strong>Exponit</strong></span> <span class='ocrx_word' id='word_1_611' title='bbox 3018 3151 3228 3254; x_wconf 73' lang='lat' dir='ltr'><strong>quoque</strong></span> <span class='ocrx_word' id='word_1_612' title='bbox 3269 3188 3335 3242; x_wconf 90' lang='lat' dir='ltr'><strong>de</strong></span> <span class='ocrx_word' id='word_1_613' title='bbox 3364 3188 3513 3255; x_wconf 85' lang='lat' dir='ltr'><strong>Ario,</strong></span> 
     </span>
    </p>
   </div>
   <div class='ocr_carea' id='block_1_98' title="bbox 1935 3274 3515 3345">
    <p class='ocr_par' dir='ltr' id='par_1_98' title="bbox 1935 3274 3515 3345">
     <span class='ocr_line' id='line_1_98' title="bbox 1935 3274 3515 3345; baseline 0.004 -18"><span class='ocrx_word' id='word_1_614' title='bbox 1935 3274 2061 3328; x_wconf 86' lang='lat' dir='ltr'><strong>tlum</strong></span> <span class='ocrx_word' id='word_1_615' title='bbox 2107 3275 2171 3327; x_wconf 90' lang='lat' dir='ltr'><strong>ad</strong></span> <span class='ocrx_word' id='word_1_616' title='bbox 2217 3276 2481 3341; x_wconf 82' lang='lat' dir='ltr'><strong>synodum</strong></span> <span class='ocrx_word' id='word_1_617' title='bbox 2511 3284 2759 3343; x_wconf 86' lang='lat' dir='ltr'><strong>pergeret</strong></span> <span class='ocrx_word' id='word_1_618' title='bbox 2788 3291 2907 3329; x_wconf 90' lang='lat' dir='ltr'><strong>cum</strong></span> <span class='ocrx_word' id='word_1_619' title='bbox 2940 3276 3245 3331; x_wconf 77' lang='lat' dir='ltr'><strong>Alexandro</strong></span> <span class='ocrx_word' id='word_1_620' title='bbox 3284 3280 3515 3345; x_wconf 76' lang='lat' dir='ltr'><strong>disputa-</strong></span> 
     </span>
    </p>
   </div>
   <div class='ocr_carea' id='block_1_99' title="bbox 1938 3366 3512 3434">
    <p class='ocr_par' dir='ltr' id='par_1_99' title="bbox 1938 3366 3512 3434">
     <span class='ocr_line' id='line_1_99' title="bbox 1938 3366 3512 3434; baseline 0.004 -16"><span class='ocrx_word' id='word_1_621' title='bbox 1938 3376 2106 3432; x_wconf 90' lang='lat' dir='ltr'><strong>turus,</strong></span> <span class='ocrx_word' id='word_1_622' title='bbox 2139 3366 2365 3434; x_wconf 89' lang='lat' dir='ltr'><strong>qualiter</strong></span> <span class='ocrx_word' id='word_1_623' title='bbox 2394 3380 2683 3418; x_wconf 75' lang='lat' dir='ltr'><strong>conversus</strong></span> <span class='ocrx_word' id='word_1_624' title='bbox 2715 3368 2766 3418; x_wconf 92' lang='lat' dir='ltr'><strong>in</strong></span> <span class='ocrx_word' id='word_1_625' title='bbox 2804 3369 2884 3417; x_wconf 90' lang='lat' dir='ltr'><strong>via</strong></span> <span class='ocrx_word' id='word_1_626' title='bbox 2920 3367 2984 3418; x_wconf 89' lang='lat' dir='ltr'><strong>ad</strong></span> <span class='ocrx_word' id='word_1_627' title='bbox 3019 3370 3372 3422; x_wconf 82' lang='lat' dir='ltr'><strong>necessariam</strong></span> <span class='ocrx_word' id='word_1_628' title='bbox 3394 3387 3512 3425; x_wconf 87' lang='lat' dir='ltr'><strong>cau-</strong></span> 
     </span>
    </p>
   </div>
   <div class='ocr_carea' id='block_1_100' title="bbox 1937 3456 3517 3530">
    <p class='ocr_par' dir='ltr' id='par_1_100' title="bbox 1937 3456 3517 3530">
     <span class='ocr_line' id='line_1_100' title="bbox 1937 3456 3517 3530; baseline 0.003 -18"><span class='ocrx_word' id='word_1_629' title='bbox 1937 3473 2071 3524; x_wconf 72' lang='lat' dir='ltr'><strong>sam,</strong></span> <span class='ocrx_word' id='word_1_630' title='bbox 2121 3460 2327 3512; x_wconf 85' lang='lat' dir='ltr'><strong>viscera</strong></span> <span class='ocrx_word' id='word_1_631' title='bbox 2378 3458 2493 3526; x_wconf 88' lang='lat' dir='ltr'><strong>ejus</strong></span> <span class='ocrx_word' id='word_1_632' title='bbox 2540 3457 2763 3511; x_wconf 75' lang='lat' dir='ltr'><strong>fuissent</strong></span> <span class='ocrx_word' id='word_1_633' title='bbox 2797 3456 3009 3513; x_wconf 82' lang='lat' dir='ltr'><strong>dill‘usa.</strong></span> <span class='ocrx_word' id='word_1_634' title='bbox 3052 3460 3124 3514; x_wconf 75' lang='lat' dir='ltr'><strong>[te</strong></span> <span class='ocrx_word' id='word_1_635' title='bbox 3178 3460 3279 3513; x_wconf 89' lang='lat' dir='ltr'><strong>fine</strong></span> <span class='ocrx_word' id='word_1_636' title='bbox 3310 3478 3517 3530; x_wconf 82' lang='lat' dir='ltr'><strong>quoque</strong></span> 
     </span>
    </p>
   </div>
   <div class='ocr_carea' id='block_1_101' title="bbox 1935 3547 3515 3620">
    <p class='ocr_par' dir='ltr' id='par_1_101' title="bbox 1935 3547 3515 3620">
     <span class='ocr_line' id='line_1_101' title="bbox 1935 3547 3515 3620; baseline 0.001 -17"><span class='ocrx_word' id='word_1_637' title='bbox 1935 3549 2043 3603; x_wconf 86' lang='lat' dir='ltr'><strong>Osii</strong></span> <span class='ocrx_word' id='word_1_638' title='bbox 2090 3548 2454 3603; x_wconf 85' lang='lat' dir='ltr'><strong>Cordubensis</strong></span> <span class='ocrx_word' id='word_1_639' title='bbox 2507 3547 2655 3601; x_wconf 88' lang='lat' dir='ltr'><strong>urbis</strong></span> <span class='ocrx_word' id='word_1_640' title='bbox 2681 3548 2943 3616; x_wconf 85' lang='lat' dir='ltr'><strong>episcopi,</strong></span> <span class='ocrx_word' id='word_1_641' title='bbox 2972 3549 3086 3619; x_wconf 90' lang='lat' dir='ltr'><strong>qui,</strong></span> <span class='ocrx_word' id='word_1_642' title='bbox 3120 3560 3260 3604; x_wconf 90' lang='lat' dir='ltr'><strong>metu</strong></span> <span class='ocrx_word' id='word_1_643' title='bbox 3293 3551 3515 3620; x_wconf 87' lang='lat' dir='ltr'><strong>impera-</strong></span> 
     </span>
    </p>
   </div>
   <div class='ocr_carea' id='block_1_102' title="bbox 1938 3639 3516 3711">
    <p class='ocr_par' dir='ltr' id='par_1_102' title="bbox 1938 3639 3516 3711">
     <span class='ocr_line' id='line_1_102' title="bbox 1938 3639 3516 3711; baseline 0.003 -18"><span class='ocrx_word' id='word_1_644' title='bbox 1938 3640 2089 3699; x_wconf 90' lang='lat' dir='ltr'><strong>toris.</strong></span> <span class='ocrx_word' id='word_1_645' title='bbox 2124 3640 2279 3693; x_wconf 87' lang='lat' dir='ltr'><strong>tidem</strong></span> <span class='ocrx_word' id='word_1_646' title='bbox 2307 3639 2706 3707; x_wconf 73' lang='lat' dir='ltr'><strong>prazraricatus,</strong></span> <span class='ocrx_word' id='word_1_647' title='bbox 2737 3641 2975 3709; x_wconf 72' lang='lat' dir='ltr'><strong>perﬁdiae</strong></span> <span class='ocrx_word' id='word_1_648' title='bbox 2997 3653 3230 3697; x_wconf 87' lang='lat' dir='ltr'><strong>assertor</strong></span> <span class='ocrx_word' id='word_1_649' title='bbox 3255 3656 3306 3697; x_wconf 90' lang='lat' dir='ltr'><strong>et</strong></span> <span class='ocrx_word' id='word_1_650' title='bbox 3333 3645 3516 3711; x_wconf 83' lang='lat' dir='ltr'><strong>impie-</strong></span> 
     </span>
    </p>
   </div>
   <div class='ocr_carea' id='block_1_103' title="bbox 1931 3771 2313 3834">
    <p class='ocr_par' dir='ltr' id='par_1_103' title="bbox 1931 3771 2313 3834">
     <span class='ocr_line' id='line_1_103' title="bbox 1931 3771 2313 3834; baseline 0.005 -13"><span class='ocrx_word' id='word_1_651' title='bbox 1931 3771 2100 3834; x_wconf 87' lang='lat' dir='ltr'><strong>scopi.</strong></span> <span class='ocrx_word' id='word_1_652' title='bbox 2137 3773 2313 3823; x_wconf 75' lang='lat' dir='ltr'><strong>Ansv.</strong></span> 
     </span>
    </p>
   </div>
   <div class='ocr_carea' id='block_1_104' title="bbox 2005 3838 3514 3910">
    <p class='ocr_par' dir='ltr' id='par_1_104' title="bbox 2005 3838 3514 3910">
     <span class='ocr_line' id='line_1_104' title="bbox 2005 3838 3514 3910; baseline 0.005 -18"><span class='ocrx_word' id='word_1_653' title='bbox 2005 3840 2089 3894; x_wconf 88' lang='grc'><strong>15.</strong></span> <span class='ocrx_word' id='word_1_654' title='bbox 2126 3840 2286 3892; x_wconf 71' lang='lat' dir='ltr'><strong>Missa</strong></span> <span class='ocrx_word' id='word_1_655' title='bbox 2310 3840 2357 3891; x_wconf 93' lang='lat' dir='ltr'><strong>in</strong></span> <span class='ocrx_word' id='word_1_656' title='bbox 2378 3838 2559 3910; x_wconf 88' lang='lat' dir='ltr'><strong>officio</strong></span> <span class='ocrx_word' id='word_1_657' title='bbox 2587 3838 2814 3910; x_wconf 86' lang='lat' dir='ltr'><strong>Gothico</strong></span> <span class='ocrx_word' id='word_1_658' title='bbox 2844 3848 2927 3895; x_wconf 90' lang='lat' dir='ltr'><strong>est</strong></span> <span class='ocrx_word' id='word_1_659' title='bbox 2950 3842 3193 3910; x_wconf 68' lang='lat' dir='ltr'><strong>quaedam</strong></span> <span class='ocrx_word' id='word_1_660' title='bbox 3218 3845 3413 3909; x_wconf 90' lang='lat' dir='ltr'><strong>oratio,</strong></span> <span class='ocrx_word' id='word_1_661' title='bbox 3446 3845 3514 3899; x_wconf 85' lang='lat' dir='ltr'><strong>de</strong></span> 
     </span>
    </p>
   </div>
   <div class='ocr_carea' id='block_1_105' title="bbox 1929 3909 3514 3979">
    <p class='ocr_par' dir='ltr' id='par_1_105' title="bbox 1929 3909 3514 3979">
     <span class='ocr_line' id='line_1_105' title="bbox 1929 3909 3514 3979; baseline 0.005 -18"><span class='ocrx_word' id='word_1_662' title='bbox 1929 3924 2028 3976; x_wconf 86' lang='lat' dir='ltr'><strong>qua</strong></span> <span class='ocrx_word' id='word_1_663' title='bbox 2066 3910 2184 3963; x_wconf 83' lang='lat' dir='ltr'><strong>vide</strong></span> <span class='ocrx_word' id='word_1_664' title='bbox 2212 3920 2321 3963; x_wconf 93' lang='lat' dir='ltr'><strong>not.</strong></span> <span class='ocrx_word' id='word_1_665' title='bbox 2356 3909 2448 3963; x_wconf 86' lang='lat' dir='ltr'><strong>lib.</strong></span> <span class='ocrx_word' id='word_1_666' title='bbox 2498 3909 2699 3966; x_wconf 80' lang='lat' dir='ltr'><strong>tOfiic.</strong></span> <span class='ocrx_word' id='word_1_667' title='bbox 2741 3909 3115 3979; x_wconf 29' lang='lat' dir='ltr'><strong>eccles.,’cap.</strong></span> <span class='ocrx_word' id='word_1_668' title='bbox 3148 3912 3235 3975; x_wconf 82' lang='grc'>15,</span> <span class='ocrx_word' id='word_1_669' title='bbox 3278 3929 3424 3967; x_wconf 90' lang='lat' dir='ltr'><strong>num.</strong></span> <span class='ocrx_word' id='word_1_670' title='bbox 3463 3915 3514 3969; x_wconf 90' lang='grc'>1.</span> 
     </span>
    </p>
   </div>
   <div class='ocr_carea' id='block_1_106' title="bbox 1930 3985 2931 4032">
    <p class='ocr_par' dir='ltr' id='par_1_106' title="bbox 1930 3985 2931 4032">
     <span class='ocr_line' id='line_1_106' title="bbox 1930 3985 2931 4032; baseline 0.001 -1"><span class='ocrx_word' id='word_1_671' title='bbox 1930 3985 2102 4032; x_wconf 80' lang='lat' dir='ltr'><strong>Ausv.</strong></span> <span class='ocrx_word' id='word_1_672' title='bbox 2930 4008 2931 4011; x_wconf 57' lang='grc' dir='ltr'><strong>η</strong></span> 
     </span>
    </p>
   </div>
   <div class='ocr_carea' id='block_1_107' title="bbox 2004 4049 3515 4117">
    <p class='ocr_par' dir='ltr' id='par_1_107' title="bbox 2004 4049 3515 4117">
     <span class='ocr_line' id='line_1_107' title="bbox 2004 4049 3515 4117; baseline 0.003 -15"><span class='ocrx_word' id='word_1_673' title='bbox 2004 4053 2087 4103; x_wconf 75' lang='lat' dir='ltr'><strong>lli.</strong></span> <span class='ocrx_word' id='word_1_674' title='bbox 2120 4049 2471 4102; x_wconf 63' lang='lat' dir='ltr'><strong>illurcetl&#39;nus.</strong></span> <span class='ocrx_word' id='word_1_675' title='bbox 2508 4049 2675 4117; x_wconf 81' lang='lat' dir='ltr'><strong>Hujus</strong></span> <span class='ocrx_word' id='word_1_676' title='bbox 2708 4050 2945 4104; x_wconf 89' lang='lat' dir='ltr'><strong>meminit</strong></span> <span class='ocrx_word' id='word_1_677' title='bbox 2969 4049 3345 4105; x_wconf 70' lang='lat' dir='ltr'><strong>Gennadiusin</strong></span> <span class='ocrx_word' id='word_1_678' title='bbox 3376 4055 3515 4106; x_wconf 82' lang='lat' dir='ltr'><strong>Fau-</strong></span> 
     </span>
    </p>
   </div>
   <div class='ocr_carea' id='block_1_108' title="bbox 1935 4119 3511 4243">
    <p class='ocr_par' dir='ltr' id='par_1_108' title="bbox 1935 4119 3511 4243">
     <span class='ocr_line' id='line_1_108' title="bbox 1935 4119 3511 4243; baseline 0.006 -72"><span class='ocrx_word' id='word_1_679' title='bbox 1935 4119 2077 4243; x_wconf 48' lang='lat' dir='ltr'><strong>i‘tino</strong></span> <span class='ocrx_word' id='word_1_680' title='bbox 2113 4120 2451 4189; x_wconf 87' lang='lat' dir='ltr'><strong>presbytero.</strong></span> <span class='ocrx_word' id='word_1_681' title='bbox 2480 4148 2549 4159; x_wconf 89' lang='lat'>—</span> <span class='ocrx_word' id='word_1_682' title='bbox 2578 4119 2720 4173; x_wconf 85' lang='lat' dir='ltr'><strong>Ibid.</strong></span> <span class='ocrx_word' id='word_1_683' title='bbox 2762 4119 3137 4174; x_wconf 80' lang='lat' dir='ltr'><strong>Convenerunt.</strong></span> <span class='ocrx_word' id='word_1_684' title='bbox 3180 4124 3336 4175; x_wconf 82' lang='lat' dir='ltr'><strong>Anno</strong></span> <span class='ocrx_word' id='word_1_685' title='bbox 3385 4125 3511 4180; x_wconf 60' lang='lat'><strong>55.).</strong></span> 
     </span>
     <span class='ocr_line' id='line_1_109' title="bbox 1982 4205 2136 4242; baseline 0 0"><span class='ocrx_word' id='word_1_686' title='bbox 1982 4205 2136 4242; x_wconf 76' lang='lat' dir='ltr'><strong>ensz.</strong></span> 
     </span>
    </p>
   </div>
   <div class='ocr_carea' id='block_1_109' title="bbox 1962 4192 2136 4242">
    <p class='ocr_par' dir='ltr' id='par_1_109' title="bbox 1962 4192 2136 4242">
     <span class='ocr_line' id='line_1_110' title="bbox 1962 4192 2136 4242; baseline 0 0"><span class='ocrx_word' id='word_1_687' title='bbox 1962 4192 2136 4242; x_wconf 74' lang='lat' dir='ltr'><strong>&#39;EREZ.</strong></span> 
     </span>
    </p>
   </div>
   <div class='ocr_carea' id='block_1_110' title="bbox 2005 4257 3517 4319">
    <p class='ocr_par' dir='ltr' id='par_1_110' title="bbox 2005 4257 3517 4319">
     <span class='ocr_line' id='line_1_111' title="bbox 2005 4257 3517 4319; baseline 0.005 -8"><span class='ocrx_word' id='word_1_688' title='bbox 2005 4258 2143 4313; x_wconf 87' lang='lat' dir='ltr'><strong>Ibid.</strong></span> <span class='ocrx_word' id='word_1_689' title='bbox 2180 4257 2467 4312; x_wconf 79' lang='lat' dir='ltr'><strong>Marcellini</strong></span> <span class='ocrx_word' id='word_1_690' title='bbox 2491 4260 2719 4313; x_wconf 90' lang='lat' dir='ltr'><strong>Historia</strong></span> <span class='ocrx_word' id='word_1_691' title='bbox 2743 4260 2808 4314; x_wconf 91' lang='lat' dir='ltr'><strong>de</strong></span> <span class='ocrx_word' id='word_1_692' title='bbox 2828 4261 2936 4313; x_wconf 85' lang='lat' dir='ltr'><strong>Usii</strong></span> <span class='ocrx_word' id='word_1_693' title='bbox 2962 4260 3320 4315; x_wconf 86' lang='lat' dir='ltr'><strong>Cordubensis</strong></span> <span class='ocrx_word' id='word_1_694' title='bbox 3345 4277 3517 4319; x_wconf 86' lang='lat' dir='ltr'><strong>morte</strong></span> 
     </span>
    </p>
   </div>
   <div class='ocr_carea' id='block_1_111' title="bbox 1933 4329 3516 4396">
    <p class='ocr_par' dir='ltr' id='par_1_111' title="bbox 1933 4329 3516 4396">
     <span class='ocr_line' id='line_1_112' title="bbox 1933 4329 3516 4396; baseline 0.004 -15"><span class='ocrx_word' id='word_1_695' title='bbox 1933 4329 2116 4382; x_wconf 87' lang='lat' dir='ltr'><strong>iisdem</strong></span> <span class='ocrx_word' id='word_1_696' title='bbox 2151 4331 2348 4395; x_wconf 88' lang='lat' dir='ltr'><strong>verbis,</strong></span> <span class='ocrx_word' id='word_1_697' title='bbox 2376 4334 2467 4382; x_wconf 76' lang='lat' dir='ltr'><strong>sed</strong></span> <span class='ocrx_word' id='word_1_698' title='bbox 2507 4331 2664 4396; x_wconf 87' lang='lat' dir='ltr'><strong>paulo</strong></span> <span class='ocrx_word' id='word_1_699' title='bbox 2709 4332 2875 4383; x_wconf 87' lang='lat' dir='ltr'><strong>fusior</strong></span> <span class='ocrx_word' id='word_1_700' title='bbox 2903 4342 3076 4385; x_wconf 75' lang='lat' dir='ltr'><strong>exstat</strong></span> <span class='ocrx_word' id='word_1_701' title='bbox 3102 4335 3153 4385; x_wconf 92' lang='lat' dir='ltr'><strong>in</strong></span> <span class='ocrx_word' id='word_1_702' title='bbox 3186 4335 3383 4388; x_wconf 89' lang='lat' dir='ltr'><strong>Codice</strong></span> <span class='ocrx_word' id='word_1_703' title='bbox 3405 4335 3516 4388; x_wconf 86' lang='lat' dir='ltr'><strong>Go-</strong></span> 
     </span>
    </p>
   </div>
   <div class='ocr_carea' id='block_1_112' title="bbox 1936 4398 3516 4469">
    <p class='ocr_par' dir='ltr' id='par_1_112' title="bbox 1936 4398 3516 4469">
     <span class='ocr_line' id='line_1_113' title="bbox 1936 4398 3516 4469; baseline 0.004 -19"><span class='ocrx_word' id='word_1_704' title='bbox 1936 4398 2077 4451; x_wconf 89' lang='lat' dir='ltr'><strong>thico</strong></span> <span class='ocrx_word' id='word_1_705' title='bbox 2108 4399 2446 4454; x_wconf 65' lang='lat' dir='ltr'><strong>bibliotheca:</strong></span> <span class='ocrx_word' id='word_1_706' title='bbox 2474 4400 2874 4469; x_wconf 88' lang='lat' dir='ltr'><strong>Complutensis</strong></span> <span class='ocrx_word' id='word_1_707' title='bbox 2918 4401 2984 4453; x_wconf 89' lang='lat' dir='ltr'><strong>ad</strong></span> <span class='ocrx_word' id='word_1_708' title='bbox 3017 4401 3173 4455; x_wconf 85' lang='lat' dir='ltr'><strong>linem</strong></span> <span class='ocrx_word' id='word_1_709' title='bbox 3218 4404 3405 4456; x_wconf 89' lang='lat' dir='ltr'><strong>lsidori</strong></span> <span class='ocrx_word' id='word_1_710' title='bbox 3447 4405 3516 4457; x_wconf 78' lang='lat' dir='ltr'><strong>ile</strong></span> 
     </span>
    </p>
   </div>
   <div class='ocr_carea' id='block_1_113' title="bbox 1941 4470 3513 4534">
    <p class='ocr_par' dir='ltr' id='par_1_113' title="bbox 1941 4470 3513 4534">
     <span class='ocr_line' id='line_1_114' title="bbox 1941 4470 3513 4534; baseline 0.006 -13"><span class='ocrx_word' id='word_1_711' title='bbox 1941 4470 2079 4523; x_wconf 74' lang='lat' dir='ltr'><strong>\‘iris</strong></span> <span class='ocrx_word' id='word_1_712' title='bbox 2125 4470 2450 4534; x_wconf 71' lang='lat' dir='ltr'><strong>illusuibus,</strong></span> <span class='ocrx_word' id='word_1_713' title='bbox 2496 4472 2610 4524; x_wconf 89' lang='lat' dir='ltr'><strong>sine</strong></span> <span class='ocrx_word' id='word_1_714' title='bbox 2669 4471 2885 4524; x_wconf 89' lang='lat' dir='ltr'><strong>nomine</strong></span> <span class='ocrx_word' id='word_1_715' title='bbox 2927 4474 3161 4524; x_wconf 85' lang='lat' dir='ltr'><strong>auctoris</strong></span> <span class='ocrx_word' id='word_1_716' title='bbox 3201 4471 3513 4530; x_wconf 81' lang='lat' dir='ltr'><strong>Marcellini.</strong></span> 
     </span>
    </p>
   </div>
   <div class='ocr_carea' id='block_1_114' title="bbox 1935 4538 3518 4602">
    <p class='ocr_par' dir='ltr' id='par_1_114' title="bbox 1935 4538 3518 4602">
     <span class='ocr_line' id='line_1_115' title="bbox 1935 4538 3518 4602; baseline 0.003 -11"><span class='ocrx_word' id='word_1_717' title='bbox 1935 4538 2102 4593; x_wconf 88' lang='lat' dir='ltr'><strong>Porro</strong></span> <span class='ocrx_word' id='word_1_718' title='bbox 2129 4541 2285 4593; x_wconf 84' lang='lat' dir='ltr'><strong>Osius</strong></span> <span class='ocrx_word' id='word_1_719' title='bbox 2317 4542 2680 4594; x_wconf 88' lang='lat' dir='ltr'><strong>nobilissimus</strong></span> <span class='ocrx_word' id='word_1_720' title='bbox 2702 4543 2827 4593; x_wconf 86' lang='lat' dir='ltr'><strong>olim</strong></span> <span class='ocrx_word' id='word_1_721' title='bbox 2857 4541 3148 4602; x_wconf 80' lang='lat' dir='ltr'><strong>confessor,</strong></span> <span class='ocrx_word' id='word_1_722' title='bbox 3177 4550 3232 4594; x_wconf 88' lang='lat' dir='ltr'><strong>et</strong></span> <span class='ocrx_word' id='word_1_723' title='bbox 3264 4543 3518 4596; x_wconf 64' lang='grc' dir='ltr'><strong>(106ιίρεί-</strong></span> 
     </span>
    </p>
   </div>
   <div class='ocr_carea' id='block_1_115' title="bbox 1936 4611 3516 4678">
    <p class='ocr_par' dir='ltr' id='par_1_115' title="bbox 1936 4611 3516 4678">
     <span class='ocr_line' id='line_1_116' title="bbox 1936 4611 3516 4678; baseline 0.001 -16"><span class='ocrx_word' id='word_1_724' title='bbox 1936 4626 2074 4672; x_wconf 84' lang='lat' dir='ltr'><strong>inus,</strong></span> <span class='ocrx_word' id='word_1_725' title='bbox 2107 4612 2175 4663; x_wconf 89' lang='lat' dir='ltr'><strong>ab</strong></span> <span class='ocrx_word' id='word_1_726' title='bbox 2205 4611 2501 4678; x_wconf 73' lang='lat' dir='ltr'><strong>Augustino</strong></span> <span class='ocrx_word' id='word_1_727' title='bbox 2542 4621 2595 4664; x_wconf 90' lang='lat' dir='ltr'><strong>et</strong></span> <span class='ocrx_word' id='word_1_728' title='bbox 2636 4611 2931 4663; x_wconf 83' lang='lat' dir='ltr'><strong>Athanasio</strong></span> <span class='ocrx_word' id='word_1_729' title='bbox 2964 4612 3227 4673; x_wconf 85' lang='lat' dir='ltr'><strong>laudatus,</strong></span> <span class='ocrx_word' id='word_1_730' title='bbox 3250 4611 3516 4664; x_wconf 72' lang='lat' dir='ltr'><strong>Constan-</strong></span> 
     </span>
    </p>
   </div>
   <div class='ocr_carea' id='block_1_116' title="bbox 1936 4679 3515 4747">
    <p class='ocr_par' dir='ltr' id='par_1_116' title="bbox 1936 4679 3515 4747">
     <span class='ocr_line' id='line_1_117' title="bbox 1936 4679 3515 4747; baseline 0.003 -17"><span class='ocrx_word' id='word_1_731' title='bbox 1936 4681 2047 4733; x_wconf 92' lang='lat' dir='ltr'><strong>tino</strong></span> <span class='ocrx_word' id='word_1_732' title='bbox 2076 4681 2387 4746; x_wconf 88' lang='lat' dir='ltr'><strong>imperatori</strong></span> <span class='ocrx_word' id='word_1_733' title='bbox 2412 4681 2571 4733; x_wconf 87' lang='lat' dir='ltr'><strong>etiam</strong></span> <span class='ocrx_word' id='word_1_734' title='bbox 2605 4696 2698 4746; x_wconf 88' lang='lat' dir='ltr'><strong>per</strong></span> <span class='ocrx_word' id='word_1_735' title='bbox 2722 4681 2925 4733; x_wconf 52' lang='lat' dir='ltr'><strong>litteras</strong></span> <span class='ocrx_word' id='word_1_736' title='bbox 2952 4679 3226 4733; x_wconf 81' lang='lat' dir='ltr'><strong>familiaris</strong></span> <span class='ocrx_word' id='word_1_737' title='bbox 3254 4683 3334 4747; x_wconf 91' lang='lat' dir='ltr'><strong>(ut</strong></span> <span class='ocrx_word' id='word_1_738' title='bbox 3356 4693 3437 4735; x_wconf 82' lang='lat' dir='ltr'><strong>est</strong></span> <span class='ocrx_word' id='word_1_739' title='bbox 3462 4684 3515 4735; x_wconf 91' lang='lat' dir='ltr'><strong>in</strong></span> 
     </span>
    </p>
   </div>
   <div class='ocr_carea' id='block_1_117' title="bbox 1936 4749 3522 4820">
    <p class='ocr_par' dir='ltr' id='par_1_117' title="bbox 1936 4749 3522 4820">
     <span class='ocr_line' id='line_1_118' title="bbox 1936 4749 3522 4820; baseline 0.001 -18"><span class='ocrx_word' id='word_1_740' title='bbox 1936 4750 2067 4803; x_wconf 85' lang='lat' dir='ltr'><strong>Cod.</strong></span> <span class='ocrx_word' id='word_1_741' title='bbox 2094 4749 2340 4820; x_wconf 65' lang='lat' dir='ltr'><strong>&#39;l‘heodos</strong></span> <span class='ocrx_word' id='word_1_742' title='bbox 2372 4790 2386 4813; x_wconf 91' lang='lat'><strong>,</strong></span> <span class='ocrx_word' id='word_1_743' title='bbox 2417 4750 2554 4803; x_wconf 88' lang='lat' dir='ltr'><strong>titul.</strong></span> <span class='ocrx_word' id='word_1_744' title='bbox 2586 4753 2652 4803; x_wconf 90' lang='lat' dir='ltr'><strong>de</strong></span> <span class='ocrx_word' id='word_1_745' title='bbox 2684 4750 3049 4820; x_wconf 76' lang='lat' dir='ltr'><strong>Sacrosanctis</strong></span> <span class='ocrx_word' id='word_1_746' title='bbox 3079 4750 3376 4813; x_wconf 69' lang='lat' dir='ltr'><strong>Erclr-siis),</strong></span> <span class='ocrx_word' id='word_1_747' title='bbox 3406 4754 3522 4820; x_wconf 87' lang='lat' dir='ltr'><strong>qui-</strong></span> 
     </span>
    </p>
   </div>
   <div class='ocr_carea' id='block_1_118' title="bbox 1935 4819 3517 4887">
    <p class='ocr_par' dir='ltr' id='par_1_118' title="bbox 1935 4819 3517 4887">
     <span class='ocr_line' id='line_1_119' title="bbox 1935 4819 3517 4887; baseline 0.003 -17"><span class='ocrx_word' id='word_1_748' title='bbox 1935 4835 2040 4887; x_wconf 90' lang='lat' dir='ltr'><strong>que</strong></span> <span class='ocrx_word' id='word_1_749' title='bbox 2066 4821 2121 4873; x_wconf 85' lang='lat' dir='ltr'><strong>in</strong></span> <span class='ocrx_word' id='word_1_750' title='bbox 2153 4819 2395 4873; x_wconf 82' lang='lat' dir='ltr'><strong>conciliis</strong></span> <span class='ocrx_word' id='word_1_751' title='bbox 2443 4821 2790 4883; x_wconf 76' lang='lat' dir='ltr'><strong>Eltbet‘ilnttu,</strong></span> <span class='ocrx_word' id='word_1_752' title='bbox 2833 4819 3049 4873; x_wconf 62' lang='lat' dir='ltr'><strong>Nicaeum</strong></span> <span class='ocrx_word' id='word_1_753' title='bbox 3092 4828 3147 4873; x_wconf 89' lang='lat' dir='ltr'><strong>et</strong></span> <span class='ocrx_word' id='word_1_754' title='bbox 3190 4820 3517 4887; x_wconf 80' lang='lat' dir='ltr'><strong>Sardtcensi,</strong></span> 
     </span>
    </p>
   </div>
   <div class='ocr_carea' id='block_1_119' title="bbox 1936 4888 3519 4959">
    <p class='ocr_par' dir='ltr' id='par_1_119' title="bbox 1936 4888 3519 4959">
     <span class='ocr_line' id='line_1_120' title="bbox 1936 4888 3519 4959; baseline 0.001 -18"><span class='ocrx_word' id='word_1_755' title='bbox 1936 4905 2055 4941; x_wconf 91' lang='lat' dir='ltr'><strong>cum</strong></span> <span class='ocrx_word' id='word_1_756' title='bbox 2083 4905 2273 4958; x_wconf 89' lang='lat' dir='ltr'><strong>magna</strong></span> <span class='ocrx_word' id='word_1_757' title='bbox 2298 4892 2377 4942; x_wconf 86' lang='lat' dir='ltr'><strong>sui</strong></span> <span class='ocrx_word' id='word_1_758' title='bbox 2407 4890 2559 4942; x_wconf 83' lang='lat' dir='ltr'><strong>laude</strong></span> <span class='ocrx_word' id='word_1_759' title='bbox 2592 4891 2764 4942; x_wconf 82' lang='lat' dir='ltr'><strong>fuerat</strong></span> <span class='ocrx_word' id='word_1_760' title='bbox 2792 4888 3190 4943; x_wconf 85' lang='lat' dir='ltr'><strong>Catliolicorum</strong></span> <span class='ocrx_word' id='word_1_761' title='bbox 3220 4906 3519 4959; x_wconf 80' lang='lat' dir='ltr'><strong>prOpugna-</strong></span> 
     </span>
    </p>
   </div>
   <div class='ocr_carea' id='block_1_120' title="bbox 1939 4959 3520 5030">
    <p class='ocr_par' dir='ltr' id='par_1_120' title="bbox 1939 4959 3520 5030">
     <span class='ocr_line' id='line_1_121' title="bbox 1939 4959 3520 5030; baseline 0.003 -19"><span class='ocrx_word' id='word_1_762' title='bbox 1939 4969 2042 5021; x_wconf 87' lang='lat' dir='ltr'><strong>tor,</strong></span> <span class='ocrx_word' id='word_1_763' title='bbox 2079 4964 2292 5014; x_wconf 88' lang='lat' dir='ltr'><strong>tandem</strong></span> <span class='ocrx_word' id='word_1_764' title='bbox 2328 4962 2477 5030; x_wconf 84' lang='lat' dir='ltr'><strong>senio</strong></span> <span class='ocrx_word' id='word_1_765' title='bbox 2503 4960 2757 5025; x_wconf 87' lang='lat' dir='ltr'><strong>delirans,</strong></span> <span class='ocrx_word' id='word_1_766' title='bbox 2786 4960 2838 5012; x_wconf 90' lang='lat' dir='ltr'><strong>in</strong></span> <span class='ocrx_word' id='word_1_767' title='bbox 2872 4959 3166 5030; x_wconf 87' lang='lat' dir='ltr'><strong>Syrmiensi</strong></span> <span class='ocrx_word' id='word_1_768' title='bbox 3206 4962 3411 5030; x_wconf 89' lang='lat' dir='ltr'><strong>synodo</strong></span> <span class='ocrx_word' id='word_1_769' title='bbox 3453 4962 3520 5015; x_wconf 88' lang='lat' dir='ltr'><strong>ad</strong></span> 
     </span>
    </p>
   </div>
   <div class='ocr_carea' id='block_1_121' title="bbox 1940 5029 3524 5097">
    <p class='ocr_par' dir='ltr' id='par_1_121' title="bbox 1940 5029 3524 5097">
     <span class='ocr_line' id='line_1_122' title="bbox 1940 5029 3524 5097; baseline 0.003 -16"><span class='ocrx_word' id='word_1_770' title='bbox 1940 5031 2163 5083; x_wconf 86' lang='lat' dir='ltr'><strong>Arianos</strong></span> <span class='ocrx_word' id='word_1_771' title='bbox 2185 5029 2399 5084; x_wconf 89' lang='lat' dir='ltr'><strong>defecit.</strong></span> <span class='ocrx_word' id='word_1_772' title='bbox 2440 5030 2511 5083; x_wconf 89' lang='lat' dir='ltr'><strong>De</strong></span> <span class='ocrx_word' id='word_1_773' title='bbox 2538 5044 2641 5097; x_wconf 85' lang='lat' dir='ltr'><strong>quo</strong></span> <span class='ocrx_word' id='word_1_774' title='bbox 2670 5031 2790 5083; x_wconf 84' lang='lat' dir='ltr'><strong>vide</strong></span> <span class='ocrx_word' id='word_1_775' title='bbox 2828 5032 2989 5083; x_wconf 88' lang='lat' dir='ltr'><strong>etiam</strong></span> <span class='ocrx_word' id='word_1_776' title='bbox 3023 5029 3301 5094; x_wconf 86' lang='lat' dir='ltr'><strong>Hilarium,</strong></span> <span class='ocrx_word' id='word_1_777' title='bbox 3336 5030 3426 5085; x_wconf 90' lang='lat' dir='ltr'><strong>lib.</strong></span> <span class='ocrx_word' id='word_1_778' title='bbox 3457 5032 3524 5085; x_wconf 89' lang='lat' dir='ltr'><strong>de</strong></span> 
     </span>
    </p>
   </div>
   <div class='ocr_carea' id='block_1_122' title="bbox 1940 5099 3519 5169">
    <p class='ocr_par' dir='ltr' id='par_1_122' title="bbox 1940 5099 3519 5169">
     <span class='ocr_line' id='line_1_123' title="bbox 1940 5099 3519 5169; baseline 0.001 -16"><span class='ocrx_word' id='word_1_779' title='bbox 1940 5100 2212 5169; x_wconf 87' lang='lat' dir='ltr'><strong>Synodis;</strong></span> <span class='ocrx_word' id='word_1_780' title='bbox 2256 5101 2642 5163; x_wconf 86' lang='lat' dir='ltr'><strong>Athanasium,</strong></span> <span class='ocrx_word' id='word_1_781' title='bbox 2687 5101 2781 5153; x_wconf 85' lang='lat' dir='ltr'><strong>lib.</strong></span> <span class='ocrx_word' id='word_1_782' title='bbox 2834 5099 2903 5152; x_wconf 83' lang='lat' dir='ltr'><strong>de</strong></span> <span class='ocrx_word' id='word_1_783' title='bbox 2950 5099 3160 5153; x_wconf 86' lang='lat' dir='ltr'><strong>Uuitate</strong></span> <span class='ocrx_word' id='word_1_784' title='bbox 3198 5101 3519 5166; x_wconf 86' lang='lat' dir='ltr'><strong>Trinitatis;</strong></span> 
     </span>
    </p>
   </div>
   <div class='ocr_carea' id='block_1_123' title="bbox 1941 5169 3522 5239">
    <p class='ocr_par' dir='ltr' id='par_1_123' title="bbox 1941 5169 3522 5239">
     <span class='ocr_line' id='line_1_124' title="bbox 1941 5169 3522 5239; baseline -0.001 -15"><span class='ocrx_word' id='word_1_785' title='bbox 1941 5169 2161 5238; x_wconf 87' lang='lat' dir='ltr'><strong>Sulpicii</strong></span> <span class='ocrx_word' id='word_1_786' title='bbox 2193 5170 2373 5224; x_wconf 76' lang='lat' dir='ltr'><strong>Severi</strong></span> <span class='ocrx_word' id='word_1_787' title='bbox 2406 5169 2714 5234; x_wconf 86' lang='lat' dir='ltr'><strong>Historiam,</strong></span> <span class='ocrx_word' id='word_1_788' title='bbox 2745 5178 2801 5222; x_wconf 90' lang='lat' dir='ltr'><strong>et</strong></span> <span class='ocrx_word' id='word_1_789' title='bbox 2848 5169 3141 5223; x_wconf 81' lang='lat' dir='ltr'><strong>Honorium</strong></span> <span class='ocrx_word' id='word_1_790' title='bbox 3187 5173 3522 5239; x_wconf 86' lang='lat' dir='ltr'><strong>Augustodu-</strong></span> 
     </span>
    </p>
   </div>
   <div class='ocr_carea' id='block_1_124' title="bbox 1942 5239 3179 5306">
    <p class='ocr_par' dir='ltr' id='par_1_124' title="bbox 1942 5239 3179 5306">
     <span class='ocr_line' id='line_1_125' title="bbox 1942 5239 3179 5306; baseline 0 -14"><span class='ocrx_word' id='word_1_791' title='bbox 1942 5257 2114 5301; x_wconf 69' lang='lat' dir='ltr'><strong>nens.,</strong></span> <span class='ocrx_word' id='word_1_792' title='bbox 2150 5240 2241 5294; x_wconf 88' lang='lat' dir='ltr'><strong>lih.</strong></span> <span class='ocrx_word' id='word_1_793' title='bbox 2272 5243 2336 5291; x_wconf 88' lang='lat' dir='ltr'><strong>de</strong></span> <span class='ocrx_word' id='word_1_794' title='bbox 2367 5239 2726 5306; x_wconf 76' lang='lat' dir='ltr'><strong>Scriptoribus</strong></span> <span class='ocrx_word' id='word_1_795' title='bbox 2751 5239 2956 5295; x_wconf 84' lang='lat' dir='ltr'><strong>Eccles.</strong></span> <span class='ocrx_word' id='word_1_796' title='bbox 2984 5240 3179 5292; x_wconf 70' lang='lat' dir='ltr'><strong>Pent-:1.</strong></span> 
     </span>
    </p>
   </div>
   <div class='ocr_carea' id='block_1_125' title="bbox 2013 5308 3523 5380">
    <p class='ocr_par' dir='ltr' id='par_1_125' title="bbox 2013 5308 3523 5380">
     <span class='ocr_line' id='line_1_126' title="bbox 2013 5308 3523 5380; baseline 0.003 -20"><span class='ocrx_word' id='word_1_797' title='bbox 2013 5308 2147 5380; x_wconf 79' lang='lat' dir='ltr'><strong>Ibid.</strong></span> <span class='ocrx_word' id='word_1_798' title='bbox 2176 5309 2514 5362; x_wconf 60' lang='lat' dir='ltr'><strong>Homouaiau.</strong></span> <span class='ocrx_word' id='word_1_799' title='bbox 2550 5309 2660 5374; x_wconf 80' lang='lat' dir='ltr'><strong>AL,</strong></span> <span class='ocrx_word' id='word_1_800' title='bbox 2695 5310 2960 5362; x_wconf 71' lang='lat' dir='ltr'><strong>Itomousii.</strong></span> <span class='ocrx_word' id='word_1_801' title='bbox 2994 5311 3065 5363; x_wconf 88' lang='lat' dir='ltr'><strong>De</strong></span> <span class='ocrx_word' id='word_1_802' title='bbox 3095 5320 3281 5380; x_wconf 83' lang='lat' dir='ltr'><strong>Sancto</strong></span> <span class='ocrx_word' id='word_1_803' title='bbox 3314 5311 3523 5380; x_wconf 79' lang='lat' dir='ltr'><strong>Grego-</strong></span> 
     </span>
    </p>
   </div>
   <div class='ocr_carea' id='block_1_126' title="bbox 1943 5378 3516 5449">
    <p class='ocr_par' dir='ltr' id='par_1_126' title="bbox 1943 5378 3516 5449">
     <span class='ocr_line' id='line_1_127' title="bbox 1943 5378 3516 5449; baseline 0.003 -19"><span class='ocrx_word' id='word_1_804' title='bbox 1943 5381 2021 5449; x_wconf 78' lang='lat' dir='ltr'><strong>rio</strong></span> <span class='ocrx_word' id='word_1_805' title='bbox 2052 5378 2377 5431; x_wconf 81' lang='lat' dir='ltr'><strong>Eliberitano</strong></span> <span class='ocrx_word' id='word_1_806' title='bbox 2408 5381 2836 5449; x_wconf 78' lang='lat' dir='ltr'><strong>Martyrologium</strong></span> <span class='ocrx_word' id='word_1_807' title='bbox 2872 5380 3055 5441; x_wconf 64' lang='grc' dir='ltr'>ιὶοιιιη</span> <span class='ocrx_word' id='word_1_808' title='bbox 3080 5381 3166 5433; x_wconf 85' lang='lat' dir='ltr'><strong>die</strong></span> <span class='ocrx_word' id='word_1_809' title='bbox 3187 5379 3259 5432; x_wconf 64' lang='grc'><strong>24</strong></span> <span class='ocrx_word' id='word_1_810' title='bbox 3299 5378 3516 5447; x_wconf 71' lang='lat' dir='ltr'><strong>Apriiis.</strong></span> 
     </span>
    </p>
   </div>
   <div class='ocr_carea' id='block_1_127' title="bbox 1943 5448 3518 5505">
    <p class='ocr_par' dir='ltr' id='par_1_127' title="bbox 1943 5448 3518 5505">
     <span class='ocr_line' id='line_1_128' title="bbox 1943 5448 3518 5505; baseline 0.002 -5"><span class='ocrx_word' id='word_1_811' title='bbox 1943 5448 1998 5501; x_wconf 83' lang='lat' dir='ltr'><strong>In</strong></span> <span class='ocrx_word' id='word_1_812' title='bbox 2030 5449 2272 5501; x_wconf 78' lang='lat' dir='ltr'><strong>Editione</strong></span> <span class='ocrx_word' id='word_1_813' title='bbox 2319 5449 2534 5502; x_wconf 77' lang='lat' dir='ltr'><strong>Patrum</strong></span> <span class='ocrx_word' id='word_1_814' title='bbox 2565 5448 2812 5503; x_wconf 78' lang='lat' dir='ltr'><strong>Toletan.</strong></span> <span class='ocrx_word' id='word_1_815' title='bbox 2835 5452 2900 5501; x_wconf 80' lang='lat' dir='ltr'><strong>ad</strong></span> <span class='ocrx_word' id='word_1_816' title='bbox 2930 5452 3067 5504; x_wconf 86' lang='lat' dir='ltr'><strong>hunc</strong></span> <span class='ocrx_word' id='word_1_817' title='bbox 3096 5452 3269 5504; x_wconf 85' lang='lat' dir='ltr'><strong>locuut</strong></span> <span class='ocrx_word' id='word_1_818' title='bbox 3314 5455 3518 5505; x_wconf 78' lang='lat' dir='ltr'><strong>erudito</strong></span> 
     </span>
    </p>
   </div>
   <div class='ocr_carea' id='block_1_128' title="bbox 1945 5519 3522 5592">
    <p class='ocr_par' dir='ltr' id='par_1_128' title="bbox 1945 5519 3522 5592">
     <span class='ocr_line' id='line_1_129' title="bbox 1945 5519 3522 5592; baseline 0.004 -24"><span class='ocrx_word' id='word_1_819' title='bbox 1945 5532 2066 5592; x_wconf 69' lang='lat' dir='ltr'><strong>nota</strong></span> <span class='ocrx_word' id='word_1_820' title='bbox 2086 5520 2388 5592; x_wconf 69' lang='lat' dir='ltr'><strong>subjicitur,</strong></span> <span class='ocrx_word' id='word_1_821' title='bbox 2418 5536 2517 5588; x_wconf 78' lang='lat' dir='ltr'><strong>qua</strong></span> <span class='ocrx_word' id='word_1_822' title='bbox 2541 5519 2841 5572; x_wconf 84' lang='lat' dir='ltr'><strong>ostenditur</strong></span> <span class='ocrx_word' id='word_1_823' title='bbox 2864 5521 3228 5592; x_wconf 85' lang='lat' dir='ltr'><strong>eommentitia</strong></span> <span class='ocrx_word' id='word_1_824' title='bbox 3254 5536 3372 5575; x_wconf 71' lang='lat' dir='ltr'><strong>esse</strong></span> <span class='ocrx_word' id='word_1_825' title='bbox 3406 5539 3522 5592; x_wconf 73' lang='lat' dir='ltr'><strong>qua:</strong></span> 
     </span>
    </p>
   </div>
   <div class='ocr_carea' id='block_1_129' title="bbox 1945 5589 3524 5660">
    <p class='ocr_par' dir='ltr' id='par_1_129' title="bbox 1945 5589 3524 5660">
     <span class='ocr_line' id='line_1_130' title="bbox 1945 5589 3524 5660; baseline 0.002 -19"><span class='ocrx_word' id='word_1_826' title='bbox 1945 5589 2281 5643; x_wconf 71' lang='lat' dir='ltr'><strong>Marcellinus</strong></span> <span class='ocrx_word' id='word_1_827' title='bbox 2336 5599 2515 5643; x_wconf 80' lang='lat' dir='ltr'><strong>narrat</strong></span> <span class='ocrx_word' id='word_1_828' title='bbox 2555 5591 2620 5642; x_wconf 91' lang='lat' dir='ltr'><strong>de</strong></span> <span class='ocrx_word' id='word_1_829' title='bbox 2669 5591 2901 5660; x_wconf 83' lang='lat' dir='ltr'><strong>lineUsii</strong></span> <span class='ocrx_word' id='word_1_830' title='bbox 2929 5608 2944 5656; x_wconf 88' lang='lat'><strong>;</strong></span> <span class='ocrx_word' id='word_1_831' title='bbox 2977 5592 3163 5659; x_wconf 88' lang='lat' dir='ltr'><strong>quoin</strong></span> <span class='ocrx_word' id='word_1_832' title='bbox 3212 5589 3524 5660; x_wconf 42' lang='lat' dir='ltr'><strong>argutne&#39;uto</strong></span> 
     </span>
    </p>
   </div>
   <div class='ocr_carea' id='block_1_130' title="bbox 1946 5658 3516 5732">
    <p class='ocr_par' dir='ltr' id='par_1_130' title="bbox 1946 5658 3516 5732">
     <span class='ocr_line' id='line_1_131' title="bbox 1946 5658 3516 5732; baseline -0.001 -18"><span class='ocrx_word' id='word_1_833' title='bbox 1946 5660 2147 5714; x_wconf 78' lang='lat' dir='ltr'><strong>Natalis</strong></span> <span class='ocrx_word' id='word_1_834' title='bbox 2198 5661 2522 5729; x_wconf 77' lang='lat' dir='ltr'><strong>Alexander,</strong></span> <span class='ocrx_word' id='word_1_835' title='bbox 2580 5658 2882 5725; x_wconf 77' lang='lat' dir='ltr'><strong>Florezius,</strong></span> <span class='ocrx_word' id='word_1_836' title='bbox 2927 5658 3124 5732; x_wconf 65' lang='lat' dir='ltr'><strong>ubique</strong></span> <span class='ocrx_word' id='word_1_837' title='bbox 3152 5658 3346 5717; x_wconf 75' lang='lat' dir='ltr'><strong>versati</strong></span> <span class='ocrx_word' id='word_1_838' title='bbox 3376 5671 3516 5718; x_wconf 83' lang='lat' dir='ltr'><strong>sunt.</strong></span> 
     </span>
    </p>
   </div>
   <div class='ocr_carea' id='block_1_131' title="bbox 1948 5736 2121 5786">
    <p class='ocr_par' dir='ltr' id='par_1_131' title="bbox 1948 5736 2121 5786">
     <span class='ocr_line' id='line_1_132' title="bbox 1948 5736 2121 5786; baseline 0.012 -2"><span class='ocrx_word' id='word_1_839' title='bbox 1948 5736 2121 5786; x_wconf 63' lang='grc' dir='ltr'>Δίων.</span> 
     </span>
    </p>
   </div>
  </div>
