4004 6144
436 312 570 371 I095

1457 297 1512 348 S.
1560 289 1801 348 ISII)OIII
1845 285 2290 345 IIISI‘ALENSIS
2336 283 2639 340 EPISCOPI

3576 282 3715 337 {096

429 438 642 481 inerans
671 428 862 490 quanta
890 417 1026 469 idem
1061 410 1404 466 btvatiSsimus
1433 408 1621 460 doctor
1644 404 1880 473 scripsit,
1913 401 2002 455 ubi
2037 400 2087 460 Α
2113 405 2289 451 sancta
2304 394 2553 490 paschali,
2574 391 2867 490 baptizandi
2899 391 3049 490 hora,
3074 407 3135 490 cu
3157 407 3184 441 u
3209 392 3382 444 nullus
3404 391 3601 490 canalis
3623 393 3714 452 sit,

432 518 706 587 plusquam
734 508 1243 577 quadringentorum
1292 498 1546 552 libroruin
1575 496 1843 549 volumina
1890 508 2016 560 sup-

432 585 706 675 putnntur.
741 596 1089 653 llomlliarutn
1121 606 1249 645 vero
1294 598 1349 644 et
1388 588 1735 656 epistolarum
1764 585 2016 655 quastio-

435 673 668 762 numque
722 687 957 742 inlinitus
1010 683 1199 736 modus
1248 688 1351 745 est,
1402 687 1461 732 ut
1519 690 1655 746 pene
1711 678 1794 728 vix
1846 673 2017 741 possit

433 787 710 853 quisquam
745 776 973 831 articqu
1004 788 1099 828 suo
1131 773 1301 825 aliena
1348 779 1489 823 tanta
1531 767 1789 831 scribere,
1820 772 2018 835 quanta

437 880 524 934 ille
547 875 762 947 proprio
794 871 973 925 labore
994 866 1319 936 composuit.

1002 979 1227 1035 CAPUT
1270 975 1436 1032 XXII.

504 1087 596 1141 98.
618 1083 933 1148 Primasius,
966 1080 1250 1136 Africanus
1274 1078 1576 1146 episcopus,
1593 1072 1891 1140 composuit
1911 1086 2022 1124 scrc

434 1192 595 1233 mone
615 1174 933 1231 scholastica
961 1171 1026 1225 de
1052 1166 1355 1223 Ila-resilius
1379 1178 1485 1219 tres
1517 1165 1679 1219 libros
1708 1162 1944 1216 directos
1958 1161 2023 1215 ad

439 1270 791 1325 Fortunatum
824 1266 1163 1333 episcopum,
1205 1260 1478 1327 explicans
1528 1257 1577 1310 in
1620 1255 1699 1309 eis
1726 1255 1864 1322 quod
1896 1253 2022 1306 olim

440 1362 783 1418 beatissimus
812 1357 1140 1425 Augustinus
1182 1353 1233 1406 in
1282 1353 1415 1405 liln-o
1447 1351 1732 1404 llam-escou
1774 1348 2026 1416 imperfe-

439 1463 616 1515 ctum,
676 1460 848 1504 morte
890 1444 1312 1507 interveniente,
1376 1445 1712 1509 reliquerat:
1757 1442 1805 1492 in
1855 1440 2025 1507 primo

447 1545 603 1616 152
622 1557 847 1609 natnque
870 1540 1157 1592 ostendens
1182 1536 1303 1603 quid
1332 1535 1635 1586 lia-relicum
1657 1532 1830 1593 faciat,
1861 1530 1911 1583 in
1942 1546 2026 1583 se-

441 1634 616 1689 cundo
642 1642 695 1685 et
726 1632 883 1685 tertio
904 1632 1149 1698 digerens
1180 1626 1303 1695 quid
1334 1626 1641 1678 lia-relicum
1671 1623 2023 1677 demonstret.

1005 1740 1229 1793 CAPUT
1272 1737 1456 1790 XXIII.

512 1843 602 1896 99.
630 1842 922 1907 Proterius,
947 1839 1321 1893 Alexandrina:
1348 1838 1595 1891 Ecclesiae
1635 1837 1877 1897 antistes,
1898 1835 2032 1889 scii-

446 1938 549 2005 psit
579 1934 833 2002 epistolas
869 1932 933 1985 ad
976 1930 1206 1985 Leonem
1250 1930 1503 1983 Romana:
1549 1927 1691 1983 sedis
1722 1930 2033 1996 episeopnm

449 2029 517 2081 de
560 2026 847 2079 lestivitate
907 2023 1161 2093 pascnali.
1216 2021 1366 2075 IItlttc
1405 2032 1580 2073 autem
1628 2019 1822 2072 Leonis
1854 2022 2033 2083 Augu-

447 2118 512 2171 sti
555 2114 883 2183 temporibus
936 2113 1176 2167 Dioscori
1235 2112 1470 2165 Ila‘l'clICI
1523 2124 1884 2171 successores,
1935 2124 2034 2161 au-

446 2220 596 2264 ctore
627 2207 929 2270 Timotheo,
976 2205 1243 2259 seditione
1288 2204 1446 2266 facta,
1484 2201 1855 2255 crudelissime
1885 2214 2038 2268 perc-

448 2310 680 2362 inerunt,
725 2298 1011 2367 ipsumque
1039 2296 1381 2350 Timotheum
1420 2294 1522 2347 sibi
1553 2309 1647 2363 pro
1675 2291 2038 2348 Alexandrino

449 2392 702 2461 episcopo
746 2397 1070 2443 statuerunt.

1004 2497 1231 2554 CAPUT
1274 2496 1459 2551 XXIV.

522 2601 611 2658 30.
641 2602 1019 2665 Paschasinus,
1050 2596 1346 2653 Siciliensis
1374 2596 1678 2665 episcopus,
1702 2593 2037 2649 ediditunam

453 2694 731 2762 epistolam
784 2690 1110 2759 paschalem,
1162 2690 1227 2742 ad
1260 2687 1491 2741 Leonem
1547 2686 1907 2753 supradictum
1950 2701 2039 2752 pa-

456 2802 574 2856 pain
604 2786 880 2850 directam,
916 2784 967 2837 in
994 2798 1094 2850 qua
1127 2782 1287 2835 refert
1315 2780 1580 2848 paschalis
1610 2779 1850 2849 mysterii
1882 2779 2039 2831 mira-

456 2880 630 2934 culum
668 2878 751 2932 his
782 2877 961 2932 verbis
987 2893 999 2929 :
1022 2874 1137 2936 Est,
1191 2875 1380 2943 inquit,
1409 2874 1682 2942 possessio,
1723 2887 1839 2941 qua:
1866 2872 2043 2939 appel-

458 2969 593 3024 latur
618 2969 882 3033 Meln'nas,
911 2969 962 3019 in
992 2965 1246 3019 montibus
1291 2965 1490 3029 arduis,
1533 2980 1592 3017 ac
1621 2962 1760 3016 silvis
1799 2961 2042 3015 densissi-

460 3063 556 3115 mis
598 3062 875 3115 constituta
902 3099 918 3124 ,
968 3058 1078 3111 illic
1118 3072 1370 3125 perpurva
1417 3068 1567 3125 atque
1596 3056 1682 3107 vili
1727 3070 1876 3123 opere
1922 3069 2042 3106 con-

2122 490 2199 543 rel
2222 486 2395 557 ﬁstula
2411 502 2501 538 nec
2521 500 2653 553 aqua
2676 483 3081 549 omniuovicina,
3107 482 3221 551 fons
3238 499 3301 536 ea;
3325 497 3436 534 sese
3457 480 3717 549 repletur;

2125 579 2395 647 paucisque
2406 577 2492 644 qui
2507 575 2693 645 fuerint
2709 573 3035 640 consecratis,
3055 589 3166 625 cum
3181 574 3537 625 deductorium
3557 573 3723 643 153

2124 669 2323 720 nullum
2362 669 2458 729 sit,
2485 674 2539 718 ut
2564 672 2765 717 venerat
2807 679 2963 731 aqua,
3010 679 3070 715 ca:
3108 679 3214 715 sese
3241 663 3475 715 discedit.
3507 663 3724 716 Claruit

2125 762 2225 813 sub
2254 759 2559 812 Theodosio
2585 755 2825 821 Juniore,
2862 756 3073 808 Arcadii
3119 756 3461 823 imperatoris
3492 755 3627 809 lilio.

2703 869 2930 924 CAPUT
2970 868 3136 924 XXV.

2203 964 2295 1016 51.
2324 960 2568 1016 Julianus
2606 959 2821 1027 quidam
2848 1001 2863 1023 ,
2895 959 3101 1021 Gallus,
3142 968 3496 1030 cognomento
3526 961 3729 1016 Pome-

2129 1054 2266 1107 rins.
2303 1052 2397 1103 llic
2426 1062 2547 1103 octo
2580 1050 2743 1103 libros
2773 1052 2839 1103 de
2860 1050 3053 1103 anima:
3080 1049 3274 1102 Natura
3303 1053 3353 1102 in
3384 1051 3577 1119 tIinIogi
3607 1068 3729 1104 mo-

2132 1160 2245 1198 rem
2300 1142 2637 1209 conscripsit.
2694 1142 2893 1196 llorum
2938 1141 3140 1210 primus
3193 1142 3429 1195 continet
3478 1142 3604 1210 quid
3648 1144 3723 1195 sit

2133 1238 2329 1300 anima,
2362 1235 2442 1288 vel
2472 1234 2697 1303 qualiter
2726 1233 2974 1287 credatur
3005 1232 3070 1285 ad
3117 1232 3209 1285 Dei
3239 1232 3519 1300 imaginem
3560 1233 3726 1285 laeta.

2135 1330 2190 1383 In
2222 1329 2461 1384 secundo
2489 1328 2720 1397 loquitur
2750 1338 2927 1380 utrum
2974 1328 3147 1378 anima
3194 1338 3474 1392 corporea,
3520 1339 3588 1376 an
3636 1325 3727 1377 in-

2134 1438 2389 1490 eorporea
2434 1422 2524 1475 sit.
2559 1422 2614 1475 ln
2669 1421 2825 1473 tertio
2864 1418 3080 1473 disserit
3124 1419 3293 1487 primo
3336 1417 3536 1470 homini
3585 1418 3734 1471 unde

2135 1517 2309 1567 anima
2342 1514 2410 1565 sit
2455 1512 2611 1564 facta.
2647 1510 2701 1563 In
2732 1521 2925 1577 quarto
2973 1518 3149 1561 utrum
3200 1523 3333 1561 nova
3379 1508 3557 1561 anima
3610 1506 3735 1562 sine

2139 1618 2355 1675 peccato
2379 1607 2487 1669 liat,
2517 1622 2582 1657 an
2615 1615 2890 1671 peceatum
2936 1601 3094 1670 primi
3122 1600 3355 1653 hominis
3384 1615 3450 1653 ex
3481 1600 3573 1653 illo
3604 1614 3734 1667 pro-

2138 1708 2325 1768 pagata
2351 1695 2677 1765 originaliter
2706 1694 2901 1746 trahat.

2206 1786 2293 1841 52.
2340 1788 2393 1839 In
2448 1786 2632 1851 quinto
2676 1784 2929 1838 deScribit
2976 1799 3092 1851 qua:
3139 1784 3210 1835 sit
3258 1780 3477 1834 facultas
3509 1781 3733 1833 anilitas.

2135 1877 2189 1932 In
2240 1888 2391 1930 sexto
2434 1875 2703 1945 eloquitur
2736 1876 2875 1927 unde
2922 1875 2994 1928 sit
3023 1874 3110 1926 illa
3151 1871 3415 1925 discordia
3447 1887 3550 1939 qua
3582 1871 3737 1925 carni

2136 1970 2396 2035 Spiritus,
2454 1967 2535 2020 vel
2586 1980 2713 2020 caro
2760 1963 2966 2032 spiritui
3017 1963 3351 2016 adversatur.
3395 1961 3447 2013 In
3502 1962 3739 2029 septimo

2136 2069 2310 2111 autem
2345 2057 2530 2111 scribit
2564 2057 2631 2109 de
2670 2055 2963 2108 dillerentia
2992 2054 3215 2105 vitarum
3244 2064 3296 2105 et
3328 2052 3611 2109 mortium.
3645 2051 3739 2105 vel

2139 2153 2533 2207 resurrectione
2573 2149 2750 2202 carnis
2782 2158 2836 2202 et
2881 2147 3093 2210 aninue,
3134 2147 3245 2199 sive
3291 2145 3359 2198 de
3405 2157 3584 2198 morte
3613 2160 3739 2199 car-

2140 2240 2251 2305 nis,
2303 2257 2365 2295 ac
2412 2240 2477 2293 de
2527 2238 2639 2306 ejus
2688 2239 3102 2292 resurrectione.
3157 2234 3210 2288 In
3258 2247 3448 2289 oetavo
3497 2235 3743 2302 loquitur

2140 2332 2208 2385 de
2265 2331 2350 2383 his
2405 2344 2523 2398 qua:
2582 2329 2633 2381 in
2694 2329 2797 2380 line
2851 2326 3028 2378 mundi
3083 2326 3254 2376 futura
3304 2333 3469 2387 sunt,
3528 2323 3610 2376 vel
3670 2324 3742 2377 de

2139 2420 2521 2491 quaestionibus
2552 2435 2669 2489 quas
2712 2420 2887 2473 solent
2930 2418 2997 2473 de
3028 2418 3430 2473 resurrectione
3477 2417 3739 2486 proponi,

2140 2518 2253 2569 site
2302 2516 2370 2567 de
2400 2511 2593 2566 ﬁnibus
2622 2512 2881 2565 bonorum
2913 2522 3072 2579 atque
3116 2510 3401 2565 malorum.

2214 2603 2301 2657 55.
2329 2604 2422 2657 llic
2438 2614 2634 2667 tamen,
2653 2604 2705 2655 in
2723 2602 2955 2655 secundo
2979 2600 3217 2668 ejusdem
3234 2602 3415 2667 Operis
3433 2598 3593 2664 libro,
3609 2598 3741 2653 Ter-

2144 2696 2345 2750 tufli.:ni
2362 2694 2633 2747 erroribus
2650 2691 3012 2753 consentiens,
3032 2694 3260 2743 animant
3280 2706 3602 2759 corpoream
3617 2705 3743 2743 esse

2143 2786 2295 2847 dixu,
2328 2783 2643 2851 quibusdam
2677 2780 2777 2834 hoc
2821 2779 3096 2833 fallacibus
3138 2780 3469 2847 argumentis
3496 2791 3744 2835 astruere

2142 2872 2487 2927 contendens.
2523 2871 2702 2924 Edidit
2740 2870 2901 2923 etiam
2938 2885 3098 2922 unum
3138 2868 3374 2923 libellum
3407 2869 3477 2922 de
3510 2868 3746 2939 Virgini-

2144 2963 2243 3017 bus
2274 2960 2648 3025 instituendis,
2699 2959 2834 3012 alios
2886 2973 3096 3026 quoque
3129 2968 3236 3011 tres
3276 2957 3345 3012 de
3382 2958 3579 3013 Iuturna
3620 2961 3746 3013 vita:

2144 3056 2617 3121 contemplatiOue,
2648 3053 2726 3105 vel
2754 3050 2947 3105 actuali
2975 3053 3405 3114 conversatione,
3437 3066 3649 3106 necnon
3675 3052 3745 3108 de

459 3163 649 3208 structa
682 3151 911 3206 Ecclesia
938 3162 1036 3217 est,
1094 3151 1147 3202 in
1195 3153 1342 3216 cujus
1373 3148 1666 3218 baptisteria
1691 3160 1834 3200 noc'e
1861 3161 2031 3200 sacro-
2063 3139 2112 3203 C
2147 3144 2291 3198 vitiis
2318 3152 2479 3212 atquc
2512 3141 2819 3195 virtutibus.

532 3301 665 3354 Ibid.
705 3301 854 3355 Nota:
913 3300 965 3352 in
1025 3299 1275 3353 Editione
1333 3298 1519 3351 Crialii
1576 3299 1815 3351 Confusa:
1870 3308 2046 3352 erant.

462 3373 698 3428 Joannes
728 3372 941 3425 Salinas
983 3369 1209 3423 Po.~sidii
1256 3370 1546 3423 indicnlum
1590 3378 1644 3421 et
1690 3369 1860 3419 Vitam
1908 3384 2051 3421 anno

464 3444 595 3496 1751
640 3445 821 3496 Itonia:
852 3453 993 3510 typis
1022 3441 1220 3503 edidit,
1250 3441 1473 3510 ejusque
1516 3440 1672 3491 Iidem
1719 3448 1894 3510 tuetur
1923 3453 2048 3490 con-

464 3525 543 3565 tra
574 3513 831 3567 Joamn-m
878 3508 1146 3565 Clericnm
1168 3554 1179 3567 .
1213 3510 1325 3563 sive
1356 3509 1725 3577 l’lieieponnm
1750 3550 1763 3569 ,
1797 3508 1850 3560 in
1881 3510 2054 3561 anim-

465 3582 863 3636 adversionibus
890 3583 954 3633 ad
987 3582 1155 3634 sancti
1188 3580 1464 3647 Augustini
1504 3594 1686 3642 opera.
1717 3578 1884 3631 Vitam
1927 3577 2054 3631 l’os-

466 3654 626 3717 sidii,
678 3654 746 3705 ab
791 3655 1003 3706 Oculato
1058 3660 1191 3703 teste
1238 3650 1626 3712 conscriptam,
1681 3648 1843 3701 habes
1891 3651 2052 3702 etiam

467 3723 603 3793 apud
637 3723 988 3793 Bollandistas
1018 3723 1083 3773 ad
1116 3722 1255 3793 diem
1291 3718 1729 3793 l'i__ll|aii._AnBv.

538 3792 629 3847 28.
664 3792 970 3845 Primasius.
996 3794 1149 3844 Anno
1182 3790 1303 3844 $.55.
1337 3787 1473 3842 Ibid.
1521 3786 1881 3841 Fortunatam.
1926 3789 2053 3842 Pro-

469 3865 657 3917 vincin:
692 3864 991 3933 Byzacena;
1020 3864 1209 3913 dicitur
1243 3862 1293 3912 in
1326 3876 1371 3933 ζ
1394 3859 1585 3919 concil.
1621 3860 2047 3933 {luti-tantillum,

469 3936 645 3988 collal.
678 3927 904 3985 2.'Ibid.
959 3931 1295 3983 Demonstrat.
1336 3930 1558 3983 Exstant
1592 3927 1709 3997 ejus
1751 3930 2051 3984 Comment.

472 4004 522 4056 iu
556 4009 591 4074 ᾖ
604 4014 871 4074 poca‘yps.
900 4002 1096 4055 Ρειιεῑ.

545 4072 682 4125 Ibid.
730 4069 855 4125 I‘ost
909 4074 1215 4124 demonstret
1276 4072 1325 4122 in
1384 4069 1654 4123 nonnullis
1714 4069 2055 4125 Editionibus

472 4145 711 4195 additur:
744 4142 938 4196 Claruit
969 4140 1262 4193 Iustiniano
1292 4152 1567 4209 regnante;
1605 4156 1698 4206 pro
1728 4139 2051 4201 Iustiniano,

474 4215 768 4275 mendose,
808 4212 1045 4263 Iuliano.
1091 4212 1303 4264 Miratus
1344 4213 1419 4263 ait
1462 4213 1777 4264 l’rimasium
1819 4212 2051 4278 ohiisse,

477 4299 580 4335 non
610 4298 749 4335 anno
779 4285 915 4344 sit),
953 4292 1007 4332 ut
1035 4280 1233 4349 Xystus
1265 4280 1526 4334 Senensis
1576 4282 1767 4345 rel'ert,
1800 4284 1891 4335 sed
1924 4281 2048 4336 505.

479 4354 728 4421 I'erezius
760 4352 959 4405 indicat
988 4365 1184 4421 annum
1218 4350 1342 4421 553.
1375 4356 1555 4421 dum.

547 4422 638 4476 29.
672 4419 941 4475 Proterius
1012 4418 1162 4473 Anno
1192 4419 1315 4473 457.
1364 4418 1502 4473 Ibid.
1538 4420 1688 4472 Hunc
1713 4430 1904 4479 autem,
1946 4432 2050 4476 etc.

478 4492 828 4561 Nicephorus,
847 4493 937 4545 lib.
957 4505 1175 4559 xv,cap.
1198 4489 1284 4555 15;
1300 4489 1597 4553 Liberatus,
1614 4488 2048 4561 cap.716.Psnez.

549 4560 685 4618 Ibid.
707 4563 939 4631 Epistula
965 4563 1183 4631 Protcrit
1209 4562 1273 4613 de
1297 4563 1544 4628 paschale
1565 4562 1703 4613 edita
1719 4560 1809 4612 fuit
1829 4561 2053 4629 abdigi-

480 4634 568 4687 dio
592 4630 868 4695 Bucherio,
893 4647 1009 4700 cap.
1034 4630 1068 4682 2
1090 4633 1454 4684 commentarii
1476 4633 1542 4685 ad
1570 4631 1783 4684 Victorii
1809 4633 2056 4699 Aquitani

480 4720 760 4759 ean0nem.
797 4704 896 4755 l‘ro
943 4718 1254 4756 successores
1302 4702 1545 4755 Zaccaria
1591 4700 1904 4771 conjicebat
1949 4707 2060 4771 suf-

483 4776 790 4845 fragatores.
822 4773 961 4826 Mors
1011 4772 1232 4845 I’roleiii
1263 4776 1647 4845 Contigitanno
1676 4769 1778 4826 457
1802 4814 1816 4834 ,
1849 4769 2056 4839 quarto,

488 4842 565 4896 κει
588 4885 603 4909 ,
636 4855 691 4897 ut
720 4845 809 4895 alii
846 4844 1082 4905 malunt,
1114 4842 1301 4910 quinto
1332 4844 1448 4897 Kal.
1478 4844 1693 4910 Aprilis.
1730 4850 1896 4896 Annv.

554 4914 644 4969 50.
665 4913 970 4984 Epistolam.
994 4918 1146 4966 Anno
1162 4912 1267 4965 445
1294 4917 1489 4979 scripta
1512 4922 1594 4968 est
1610 4914 1853 4979 epistola.
1875 4913 2062 4966 Exstat

485 5001 604 5039 cum
634 4984 872 5054 epistolis
898 4984 1282 5054 Leonis,tom.
1308 4986 1323 5038 I
1349 4985 1547 5039 Concil.
1584 4984 1930 5037 Pascliasmus
1974 4986 2059 5036 hic

489 5052 830 5127 Lilybetanus
853 5054 928 5127 (in
954 5052 1153 5127 Sicilia)
1172 5059 1462 5127 cpiscopus
1495 5056 1611 5127 fuit,
1640 5056 1840 5127 legatus
1865 5054 2056 5127 [ieiunis

490 5121 638 5193 papae
660 5126 711 5180 in
733 5121 924 5178 concil.
952 5121 1379 5178 Chalcedoneus.
1395 5140 1535 5177 anno
1562 5121 1735 5177 ωσι
1745 5124 1850 5175 bid.
1877 5123 2058 5189 Bapti-

490 5198 640 5250 saudi
670 5200 812 5248 liora.
845 5195 1078 5263 Cootigit
1117 5210 1258 5247 anno
1291 5194 1418 5249 417.
1450 5197 1631 5249 Simile
1658 5195 1970 5247 miraculum
2005 5196 2056 5249 in

494 5268 742 5333 IliSpauia
764 5309 778 5333 ,
811 5280 949 5317 anno
979 5264 1113 5326 555,
1156 5280 1218 5316 ex
1254 5265 1476 5334 Gregor.
1510 5266 1834 5329 Turonens.,
1870 5267 1966 5319 lib.
1993 5280 2053 5329 ι,

492 5354 610 5402 Cap.
641 5340 733 5400 Ἡ,
759 5347 806 5389 cl
840 5336 1133 5404 Sigebettu.
1172 5336 1364 5388 I'Eltl-Zz.

566 5407 703 5461 Ibid.
758 5407 918 5460 Notas
977 5405 1239 5459 Edittoms
1296 5405 1475 5476 Grialii
1527 5406 1625 5460 hoc
1681 5420 1891 5476 quoque
1943 5408 2060 5460 loco

494 5479 745 5531 confusas
776 5480 825 5531 in
857 5476 1095 5530 ordinem
1140 5477 1336 5543 redegi.
1383 5475 1762 5540 Pascliasiuus;
1802 5479 1907 5538 aL,
1955 5476 2059 5529 Pa-

496 5549 746 5601 schasius.
798 5548 898 5601 I’io
926 5546 1220 5609 pbleltinas,
1261 5549 1368 5611 al.,
1412 5546 1681 5610 Miltiuas;
1719 5551 1789 5603 al.
1813 5587 1827 5610 ,
1872 5547 2061 5600 Menti-

498 5634 607 5677 ηας
658 5630 707 5670 et
751 5634 844 5682 pro
894 5617 1140 5681 discedit;
1187 5619 1295 5680 al.,
1342 5618 1515 5671 minus
1562 5619 1727 5681 bene,
1780 5619 2058 5671 descendit.

503 5688 655 5745 Quod
706 5690 866 5738 reti-rt
914 5697 1127 5757 sanctus
1176 5687 1470 5757 Gregorius
1517 5688 1843 5742 Turonensis
1889 5690 2063 5741 simile

505 5757 819 5805 miraculum
870 5756 918 5806 in
966 5756 1006 5807 ll
1035 5759 1215 5821 spania
1264 5756 1561 5825 accidisse,
1614 5759 1804 5813 mirum
1834 5799 1847 5823 ,
1898 5760 2063 5827 inquit

2081 4526 2129 4587 D

2153 3304 2435 3365 Schottus,
2479 3302 2528 3355 id
2572 3302 2640 3355 ah
2684 3301 2887 3354 Isidoro
2938 3317 3041 3353 non
3086 3302 3386 3361 recenseri,
3433 3317 3609 3370 neque
3642 3307 3743 3357 hoc

2157 3377 2305 3436 loco,
2342 3389 2513 3441 neque
2544 3375 2595 3427 in
2627 3374 2771 3425 libris
2807 3374 3293 3440 litymolug‘arnm,
3340 3373 3431 3423 ubi
3473 3374 3544 3425 de
3582 3388 3743 3428 ceieo

2158 3445 2390 3512 paschali
2420 3446 2545 3509 agit.
2578 3444 2689 3497 Alia
2721 3441 2972 3494 miracula
3003 3443 3124 3493 huic
3152 3443 3328 3493 aflinta
3360 3452 3548 3512 narrat
3576 3444 3741 3495 Inan-

2156 3530 2251 3568 nes
2281 3514 2561 3580 Moschus,
2597 3512 2837 3567 inl’rato
2867 3512 3155 3573 spirituali,
3188 3528 3307 3577 cap.
3350 3511 3459 3565 214
3500 3528 3550 3566 et
3594 3512 3738 3577 215,

2156 3585 2256 3637 alia
2289 3585 2410 3647 alii,
2455 3593 2512 3637 ut
2554 3585 2718 3637 videri
2763 3594 2933 3648 potest
2974 3586 3023 3634 in
3065 3594 3175 3635 nat.
3222 3584 3284 3633 ad
3332 3584 3527 3636 librum
3571 3587 3741 3639 sancti

2158 3656 2436 3718 lldeiousi,
2468 3656 2533 3708 de
2572 3652 2885 3722 cognitione
2928 3653 3206 3718 baptismi,
3253 3659 3387 3706 tom.
3433 3652 3471 3705 ll
3523 3654 3739 3707 Patrum

2155 3726 2566 3787 Toletanorum,
2619 3722 2906 3787 Cap.105,
2962 3738 3080 3789 pag.
3121 3723 3257 3782 ilo,
3307 3725 3395 3775 ubi
3438 3724 3742 3777 eruditissio

2157 3810 2276 3849 mus
2319 3806 2507 3848 auctor
2552 3795 2835 3851 ostendere
2876 3802 3099 3845 conatur
3151 3792 3328 3845 simile
3382 3794 3741 3855 miraculum,

2156 3868 2295 3933 quod
2331 3866 2621 3919 lldel'onsns
2646 3874 3062 3924 commemorat.
3091 3878 3209 3915 esse
3238 3863 3364 3915 illud
3396 3868 3570 3930 ipsum
3600 3867 3741 3932 quod

2156 3937 2445 4002 liregnrius
2485 3936 2816 3989 Turonensis
2864 3934 3129 4003 llispanire
3168 3933 3453 3998 ascripsit,
3494 3940 3743 4002 quatnvis

2158 4004 2455 4057 Ildelonsus
2486 4007 2660 4058 locum
2693 4004 2933 4074 miraculi
2968 4020 3073 4055 non
3116 4006 3468 4068 expresserit.
3516 4006 3745 4074 Semper

2158 4086 2332 4128 tamen
2365 4078 2557 4129 mirum
2593 4074 2759 4127 videri
2789 4073 2947 4128 debet
2977 4075 3115 4143 quod
3150 4088 3324 4140 neque
3359 4074 3619 4137 Isidorus,
3651 4073 3744 4128 ne.

2155 4161 2259 4212 que
2307 4146 2597 4199 Ildelonsus
2647 4146 2697 4197 in
2754 4145 3004 4212 Ilispania
3063 4145 3364 4208 hujusmndi
3422 4146 3741 4198 miraculum

2156 4219 2444 4286 contigisse
2474 4216 2849 4286 indicaverint.
2886 4216 3119 4286 I'Zpistola
3156 4215 3463 4267 Pasrliasini
3495 4231 3525 4267 a
3546 4216 3744 4286 Mirati
3772 4222 3775 4223 '

2155 4284 2349 4349 scripta
2380 4286 2573 4339 dicitur
2602 4302 2741 4337 anno
2767 4284 2892 4338 413.
2914 4284 3064 4349 Quod
3091 4285 3346 4356 ,Peresius
3374 4288 3482 4346 ait,
3514 4285 3740 4356 Contigit

2154 4372 2289 4407 anno
2321 4358 2440 4418 417,
2474 4360 2536 4408 ad
2571 4358 2880 4408 miraculum
2914 4355 3101 4408 referri
3130 4356 3359 4409 videtur.
3396 4357 3566 4408 Ansv.

2228 4429 2313 4480 51.
2347 4425 2607 4479 Julianus.
2634 4430 2785 4480 Anno
2812 4424 2936 4478 4.30.
2966 4426 3161 4478 νεικεῖ.

2227 4494 2364 4549 Ibid.
2397 4495 2600 4549 Gallus.
2651 4497 2885 4550 Maurum
2918 4496 2990 4547 ait
3012 4494 3177 4548 fuisse
3213 4494 3544 4549 Gennadius.
3583 4496 3742 4549 Falso

2162 4582 2293 4636 ergo
2323 4567 2653 4619 confundunt
2678 4568 2889 4634 quidam
2919 4566 3218 4618 Pomerium
3241 4581 3362 4636 cum
3394 4566 3605 4620 Iuliano
3625 4569 3741 4634 epi-

2162 4634 2327 4704 scopo
2361 4638 2638 4702 Toletano,
2666 4639 2753 4705 qui
2777 4638 2905 4689 obiit
2934 4652 3075 4687 anno
3100 4636 3226 4689 690.
3261 4634 3464 4691 Psasz.

2238 4707 2373 4759 Ibid.
2418 4708 2831 4775 Autiquissitnus
2870 4718 2948 4759 est
2993 4707 3077 4757 hic
3127 4721 3450 4775 error,_quo
3500 4705 3747 4758 Julianus

2164 4778 2450 4830 'l'oletanus
2488 4772 2608 4829 cum
2651 4778 2863 4830 Iuliano
2908 4776 3151 4829 l‘omerio
3192 4772 3558 4836 Confunditur,
3593 4788 3647 4826 ut
3675 4793 3745 4828 ex

2165 4851 2430 4901 veteribus
2455 4846 2736 4900 Codicilius
2788 4848 2968 4915 liquet.
3010 4846 3257 4914 Alioquin
3309 4846 3558 4899 Julianus
3588 4846 3748 4899 Tole-

2166 4928 2321 4972 tnnus
2364 4934 2506 4984 saepe
2557 4919 2855 4971 Pomerium
2913 4917 3138 4980 laudat,
3194 4920 3561 4985 sequiturque.
3617 4917 3748 4968 \‘ide

2166 4988 2469 5054 Hispaniam
2500 5003 2727 5052 Sacram,
2762 4998 2889 5040 tom.
2918 4985 2986 5049 ν,
3020 5002 3137 5054 pag.
3170 4985 3293 5049 500,
3325 4997 3379 5038 et
3423 4988 3595 5039 Vitam
3624 5001 3745 5039 sau-

2167 5060 2235 5111 cti
2264 5057 2458 5112 Iuliani
2485 5059 2726 5111 Toletani
2750 5059 3007 5125 episc0pi,
3043 5064 3174 5109 tutu.
3208 5056 3246 5108 Il
3280 5057 3497 5109 I’atrutn
3526 5055 3743 5109 Toleta-

2168 5143 2381 5182 norum.
2413 5130 2814 5181 Observandum
2838 5126 2975 5195 quod
3010 5125 3338 5190 Gennadius,
3374 5128 3474 5180 etsi
3509 5128 3743 5179 Maurum

2166 5202 2380 5252 natione
2404 5199 2533 5252 dicit
2562 5198 2881 5263 Ptnneiium,
2915 5199 2964 5247 in
2993 5196 3162 5249 Gallia
3213 5207 3391 5249 tamen
3441 5197 3744 5249 ordinatum

2169 5270 2532 5337 presbyterum
2560 5272 2778 5332 asserit;
2808 5283 2911 5334 quo
2942 5268 3074 5319 forte
3120 5267 3307 5337 alludit
3336 5268 3586 5337 Isidorus,
3617 5269 3742 5317 dum

2166 5334 2374 5391 Gallum
2406 5349 2587 5398 vocit;
2640 5341 2721 5392 vel
2763 5339 3110 5391 omittendum
3139 5346 3217 5390 est
3243 5334 3422 5391 Gallus
3459 5352 3580 5390 cum
3612 5350 3746 5389 non-

2167 5410 2321 5462 nullis
2352 5409 2703 5463 Editionibus.
2736 5412 2903 5461 Ansv.

2240 5480 2330 5531 51.
2375 5482 2684 5546 Sus-pacatur
2724 5479 2975 5533 Seliotlus
3014 5486 3260 5531 octavum
3317 5476 3507 5529 librum
3546 5475 3615 5529 de
3659 5475 3745 5527 his

2171 5562 2288 5614 quae
2317 5550 2368 5602 in
2414 5549 2517 5603 line
2548 5551 2728 5603 mumli
2778 5548 2953 5602 futura
2998 5559 3139 5613 sunt,
3193 5562 3314 5602 esse
3367 5548 3743 5613 I’roguosticon

2171 5619 2324 5680 illud.
2373 5620 2510 5687 quod
2557 5620 2717 5673 Dnaci
2765 5620 2975 5673 Boetius
3003 5616 3116 5685 Epo
3146 5619 3331 5671 edidit.
3378 5619 3444 5671 At
3484 5620 3585 5670 hoc
3615 5616 3740 5668 1⁵η)-

2170 5690 2448 5758 gnosticou
2502 5700 2651 5744 certo
2695 5702 2777 5745 est
2824 5705 2958 5757 opus
3013 5688 3205 5742 Iuliani
3263 5688 3523 5752 Toletani,
3555 5687 3745 5754 inquo

2174 5760 2458 5815 identidem
2493 5763 2654 5815 verba
2690 5760 2917 5816 l’omerii
2956 5761 3275 5815 relcruntur.
3309 5759 3472 5810 Anzv.
