4084 6160
271 280 274 283 λ
300 277 315 299 ν

344 339 489 407 ἴιοί

886 455 1111 512 CAPUT
1154 454 1391 510 XXXVI.

422 547 512 604 47.
541 550 746 614 Avitus,
776 546 1097 603 Viennensis
1123 548 1427 616 cpiscopus,
1460 548 1683 602 scientia
1714 548 1935 602 sarcula-

353 640 493 696 rium
524 639 821 693 litterarum
878 638 1221 693 doctissimus
1249 637 1412 693 edidit
1450 638 1684 707 quinque
1725 638 1935 693 libellos

354 729 573 784 heroico
622 741 794 782 metro
834 730 1160 798 compositos
1186 772 1200 795 ,
1244 745 1465 799 quorum
1499 730 1705 798 primus
1747 740 1830 785 est
1868 730 1936 786 de

352 823 568 893 Origine
607 822 827 885 mundi,
870 821 1134 875 secundus
1182 821 1248 875 de
1276 822 1529 890 originali
1558 830 1791 888 peccato,
1821 833 1933 877 ter-

354 915 457 968 tius
501 914 565 966 de
609 913 853 967 Essontia
904 912 996 966 Dei
1023 953 1040 978 ,
1096 924 1316 980 quartus
1357 913 1424 966 de
1465 912 1675 966 Diluvio
1726 912 1931 979 mundi,

352 1005 566 1075 quintus
592 1006 659 1059 de
688 1004 938 1057 'I‘rausitu
971 1004 1134 1057 maris
1164 1003 1348 1056 Rubri.
1373 1002 1599 1070 Scrips‘:t
1628 1011 1679 1056 et
1706 1002 1769 1055 ad
1798 1001 1933 1057 Fus—

354 1094 531 1147 eiuam
583 1108 830 1146 sororem
876 1092 943 1147 de
990 1092 1167 1146 Laude
1197 1092 1517 1160 virginitatis
1549 1091 1740 1145 librum
1770 1106 1932 1145 unum

353 1183 714 1250 pulcherrimo
761 1184 1115 1252 compositum
1160 1183 1434 1248 carmine,
1488 1192 1543 1236 et
1566 1182 1793 1251 eleganti
1824 1183 1937 1252 epi-

351 1280 649 1341 grammate
679 1281 1004 1341 coaptatum.

872 1364 1098 1419 CAPUT
1134 1363 1400 1419 XXXVII.

423 1453 510 1507 48.
547 1456 857 1510 Dracontius
884 1459 1183 1526 composuit
1215 1458 1440 1513 heroicis
1469 1458 1711 1515 versibus
1753 1458 1931 1513 Hexa-

352 1560 535 1599 meron
565 1548 851 1599 creationis
884 1547 1064 1600 mundi
1092 1588 1106 1612 ,
1140 1556 1193 1601 et
1224 1547 1523 1602 luculenter
1555 1547 1767 1617 quidem
1789 1561 1934 1603 com-

350 1639 525 1707 posuit
546 1647 601 1693 et
624 1638 859 1707 scripsit.

865 1728 1091 1785 CAPUT
1128 1729 1418 1785 XXXVIII.

1392 344 1478 399 DE
1520 341 1697 401 VIRIS
1742 337 2190 396 ILLUSTRIBUS
2235 338 2453 394 LIBER.

1958 452 2005 510 Δ
2035 452 2315 507 stimabilis
2332 453 2690 517 abstinentiae,
2709 461 2762 507 et
2779 453 3137 524 cleemosynis
3155 461 3357 507 tantum
3373 451 3580 524 largissi
3593 486 3610 496 -

3472 335 3610 393 H09.

2035 557 2171 607 mus,
2194 551 2250 595 ut
2280 542 2397 597 zelo
2430 543 2666 597 avaritia:
2696 543 2954 598 adversus
2986 559 3106 598 eum
3137 544 3425 611 imperator
3461 545 3609 600 Mau-

2033 632 2194 686 ricius
2220 641 2490 700 permotus
2518 674 2532 698 ,
2583 632 2716 687 urbe
2744 648 3004 703 pauperes
3035 634 3309 701 pellendus
3351 635 3609 693 ediceret.

2105 719 2191 775 52.
2235 722 2333 776 llic
2373 721 2559 775 Cra-co
2591 723 2800 792 eloquio
2840 724 3006 776 edidit
3039 722 3107 777 de
3145 735 3478 781 sacramento
3508 726 3605 779 ha-

2034 812 2300 881 ptismatis
2346 815 2665 884 rescriptum
2697 814 2760 868 ad
2811 814 2964 868 bona:
3013 813 3399 870 recordationis
3446 816 3613 872 domi-

2034 919 2161 959 num
2192 914 2432 959 nostrum
2465 914 2519 959 et
2550 905 3004 973 prmdecessorem
3050 904 3347 959 Leandrum
3398 907 3611 974 episco-

2034 1012 2180 1065 pum,
2217 999 2268 1051 in
2298 1013 2404 1068 quo
2445 997 2578 1051 nihil
2625 998 2895 1066 proprium
2924 999 3093 1066 ponit,
3121 997 3214 1052 sed
3248 999 3614 1051 tantummodo

2033 1090 2371 1159 antiquorum
2420 1092 2631 1145 Patrum
2664 1091 2889 1159 replicat
2918 1090 2983 1143 de
3011 1089 3147 1142 trina
3192 1090 3459 1144 mersione
3489 1104 3603 1144 seu.

2035 1183 2248 1237 tentias.
2288 1183 2492 1238 Claruit
2544 1185 2874 1253 temporibus
2917 1184 3151 1238 Mauricii
3190 1184 3446 1254 principis
3471 1224 3486 1251 ,
3524 1184 3611 1239 de-

2035 1272 2356 1345 functusque
2377 1283 2459 1329 est
2486 1276 2726 1345 Augusto
2750 1279 2935 1330 eodem
2963 1286 3219 1345 regnante

2668 1365 2898 1421 CAPUT
2937 1365 3045 1419 XL.

2070 1458 2071 1461 ‘
2108 1452 2197 1507 55.
2228 1451 2516 1524 Gregorius
2538 1468 2671 1524 papa
2700 1454 2956 1509 Romanae
2989 1456 3131 1511 sedis
3157 1457 3466 1526 apostoliczn
3493 1473 3619 1527 ιιι-ωε
3658 1443 3661 1445 ’

2034 1543 2139 1607 sul,
2169 1546 2580 1614 compunctione
2612 1546 2820 1600 timoris
2847 1546 2939 1601 Dei
2980 1546 3170 1615 plenus
3204 1559 3255 1601 et
3286 1547 3616 1601 humanitate

2035 1647 2300 1697 summus,
2320 1642 2569 1703 tantoque
2593 1649 2688 1703 per
2700 1638 2920 1706 gratiam
2946 1636 3176 1705 Spiritus
3196 1636 3366 1692 sancti
3382 1637 3617 1692 scientia:

2037 1722 2235 1779 lumiue
2281 1727 2534 1795 praeditus
2578 1766 2592 1792 ,
2620 1736 2679 1782 ut
2720 1743 2826 1782 non
2873 1729 3031 1783 modo
3074 1730 3146 1783 illi
3187 1730 3240 1783 in
3268 1730 3617 1799 prmsentibus

420 1819 510 1874 49.
549 1820 727 1873 Victor
745 1860 760 1884 ,
788 1820 1091 1875 'I‘unnensis
1115 1822 1358 1876 ecclesiae
1402 1821 1682 1877 Africanus
1730 1822 1936 1890 episco-
1966 1810 2012 1869 Β
2043 1814 2369 1880 temporibus
2391 1816 2666 1884 quisquam
2690 1815 2992 1881 doctorum,
3017 1816 3110 1871 sed
3129 1832 3228 1871 nec
3252 1818 3302 1871 in
3334 1820 3617 1887 prmteritis

352 1923 471 1976 pus.
498 1910 594 1963 llic
623 1924 650 1961 a
684 1910 944 1980 principio
974 1912 1157 1965 mundi
1186 1926 1355 1981 usque
1384 1912 1449 1964 ad
1479 1912 1705 1978 primum
1736 1910 1932 1966 Justiul

350 1998 587 2053 Juuioris
620 1998 829 2068 imperii
857 2016 1053 2055 annum
1080 2000 1294 2056 brevem
1336 2016 1430 2071 per
1454 2002 1699 2057 consules
1725 2016 1930 2056 annuos

350 2089 663 2143 bellicarum
702 2090 1294 2161 ecclesiasticarumque
1324 2108 1504 2147 rerum
1545 2094 1928 2148 nobilissimam

352 2180 709 2248 promulgavit
741 2182 1052 2251 Historiam,
1073 2183 1233 2239 laude
1263 2191 1320 2239 et
1349 2183 1625 2239 notatione
1647 2184 1928 2250 illustrem,

357 2271 516 2341 159
534 2286 597 2325 ac
623 2274 879 2327 memoria
909 2273 1293 2344 dignissimam.
1337 2273 1454 2341 llic,
1490 2290 1586 2343 pro
1615 2274 1932 2331 defensione

351 2363 508 2414 trium
569 2362 923 2431 capitulorum
962 2380 991 2416 a
1047 2363 1347 2420 Jostiniano
1398 2368 1636 2436 Augusto
1689 2366 1933 2421 Ecclesia

350 2467 445 2507 sua
479 2456 664 2521 pulsus
684 2496 699 2520 ,
729 2456 918 2511 exsilio
946 2456 997 2510 in
1022 2457 1305 2529 (Egyptum
1338 2469 1750 2531 tranSportatur.

426 2545 516 2599 50.
568 2547 694 2602 Inde
732 2564 941 2603 rursum
979 2550 1473 2621 Constantinopolin
1524 2563 1772 2621 vocatus,
1804 2555 1931 2612 dum

350 2636 650 2691 Iustiniano
682 2638 1009 2707 imperatori,
1042 2653 1093 2697 et
1122 2643 1416 2713 Eutychio,
1446 2644 1932 2715 ConstantinOpoli-

355 2741 490 2784 tante
521 2731 665 2785 urbis
683 2734 952 2802 episcopo,
973 2735 1420 2791 obtrectatoribus
1442 2738 1751 2793 eorumdem
1770 2741 1932 2796 trium

352 2824 707 2891 capitulorum
738 2826 1029 2895 resisteret,
1062 2842 1245 2881 rursus
1267 2827 1322 2882 in
1346 2830 1671 2885 monasterio
1690 2831 1932 2900 ejusdem

351 2914 583 2971 civitatis
601 2917 982 2973 custodiendus
1005 2916 1252 2983 mittitur,
1276 2930 1435 2988 atque
1475 2919 1526 2973 in
1565 2920 1753 2976 eadem
1782 2921 1933 2977 dam-

352 3008 571 3064 natione
599 3010 683 3078 (ut
709 3008 914 3077 dicunt)
946 3025 1284 3079 permanens,
1311 3011 1556 3067 moritur.

894 3102 1117 3159 CAPUT
1159 3102 1399 3158 XXXIX.

2038 1906 2252 1975 quidem
2274 1923 2367 1977 par
2388 1906 2547 1963 fuerit
2564 1924 2815 1978 unquam.
2842 1909 2934 1963 llic
2957 1909 3007 1963 in
3041 1910 3262 1964 exordio
3278 1914 3617 1979 episcopatus

2037 1998 2203 2052 edidit
2225 1999 2415 2053 librant
2433 1998 2650 2069 Regulae
2674 2000 2977 2068 pastoralis,
2992 1999 3247 2055 directum
3264 2000 3330 2053 ad
3352 2001 3612 2056 Joannem

2038 2090 2628 2159 Constantinopolitanae
2641 2092 2784 2146 sedis
2797 2092 3123 2161 episcopum.
3139 2091 3193 2145 In
3207 2108 3312 2162 quo
3325 2092 3616 2165 docetqua-

2038 2184 2337 2255 lisquisque
2359 2186 2514 2256 160
2528 2185 2594 2240 ad
2609 2184 2841 2241 ofﬁcium
2863 2185 3136 2254 regiminis
3170 2186 3369 2254 veniat,
3390 2188 3471 2242 vel
3490 2204 3615 2257 qua-

2038 2277 2180 2341 liter,
2195 2277 2319 2331 dnm
2341 2277 2566 2342 venerit,
2584 2277 2782 2341 vivere,
2797 2278 2878 2332 vel
2892 2277 3086 2331 docere
3098 2277 3366 2347 subjectos
3380 2278 3609 2333 studeat.

2109 2365 2202 2422 54.
2252 2367 2395 2422 Idem
2440 2368 2636 2433 etiam,
2680 2368 3003 2438 efﬂagitante
3030 2367 3275 2423 Leandre
3317 2371 3611 2439 episcopo,

2038 2456 2235 2513 librum
2286 2459 2426 2514 beati
2468 2458 2569 2514 Job
2618 2460 2843 2530 mystico
2895 2472 2958 2513 ac
3004 2460 3189 2514 murali
3238 2475 3396 2514 sensu
3432 2461 3614 2516 disse-

2038 2550 2182 2615 ruit,
2240 2560 2510 2619 totamque
2573 2550 2690 2619 ejus
2747 2549 3111 2620 propbeticam
3173 2550 3451 2607 historiam
3511 2555 3612 2609 tri-

2036 2642 2185 2714 ginta
2227 2643 2464 2713 quinque
2512 2642 2876 2698 voluminibus
2920 2642 3067 2712 largo
3108 2643 3424 2713 eloquentia:
3466 2646 3612 2701 fonte

2039 2733 2314 2804 explicuit.
2347 2734 2402 2789 In
2439 2734 2629 2804 quibus
2658 2733 2870 2803 quidem
2912 2741 3106 2803 quanta
3154 2735 3403 2805 mysteria
3430 2751 3612 2790 sacra-

2038 2837 2340 2883 mentorum
2381 2827 2708 2895 aperiantnr,
2764 2833 3068 2896 quantaque
3116 2825 3225 2879 sint
3274 2826 3327 2879 in
3372 2840 3613 2880 amorem

2040 2920 2162 2975 vita:
2201 2928 2421 2975 aeterna:
2465 2928 2729 2988 praecepta
2755 2957 2770 2985 ,
2821 2916 2907 2972 vel
2954 2926 3146 2987 quanta
3193 2918 3432 2973 clareant
3462 2932 3617 2973 orna-

2039 3021 2219 3069 menta
2269 3013 2558 3068 verborum
2585 3052 2599 3077 ,
2642 3025 2802 3065 nemo
2840 3010 3053 3081 sapiens
3095 3010 3362 3079 explicare
3398 3010 3617 3076 valebit,

2040 3106 2205 3161 etiam
2254 3104 2296 3159 si
2353 3116 2547 3160 omnes
2591 3113 2740 3157 artus
2792 3103 2907 3171 ejus
2960 3112 3240 3157 vertantur
3288 3102 3339 3156 in
3390 3102 3617 3172 linguas.

427 3188 515 3245 51.
546 3193 781 3248 Joannes
806 3233 823 3261 ,
870 3202 1071 3248 sanctae
1121 3196 1397 3249 memoriae
1434 3195 1932 3268 Constantinopoli-
1960 3174 2007 3236 Ο
2110 3192 2198 3247 55.
2230 3192 2452 3264 Scripsit
2476 3196 2662 3258 etiam,
2686 3203 2745 3247 et
2770 3193 3024 3261 quasdam
3049 3192 3304 3260 epistolas
3332 3191 3398 3245 ad
3428 3192 3617 3261 prmdi-

352 3291 511 3339 tanus
537 3285 840 3355 episcopus,
875 3286 1090 3341 natione
1122 3285 1439 3356 Cappadox,
1468 3287 1532 3341 ad
1562 3305 1716 3357 quem
1750 3291 1936 3348 beatus

353 3372 645 3447 Gregorius
671 3378 861 3432 librum
894 3376 1106 3449 Regulm
1136 3378 1418 3448 pastoralis
1439 3380 1670 3449 scripsit,
1706 3381 1784 3436 vir
1810 3383 1939 3439 inae-

422 3529 514 3584 47.
556 3531 712 3586 Anno
753 3529 948 3586 Christi
988 3530 1113 3588 L90.
1163 3531 1295 3586 Vide
1333 3533 1555 3600 Gregor.
1587 3532 1920 3601 Turonens.,

352 3601 693 3670 Sigebertum
740 3611 794 3655 et
839 3603 1103 3657 Adonem.
1153 3631 1225 3644 —-
1270 3603 1488 3657 Libellos
1515 3642 1530 3667 ,
1561 3613 1667 3658 etc.
1697 3604 1924 3662 Exstant

352 3671 635 3739 impressa.
669 3673 866 3727 Penez.

423 3740 562 3812 Ibid.
600 3742 739 3796 Aviti
768 3742 1007 3810 epistolae
1044 3742 1324 3797 exstabant
1373 3742 1509 3812 apud
1556 3743 1918 3810 Sirmondum,

392 3811 439 3863 ui
474 3813 753 3866 nonnullas
806 3812 1108 3880 publicavit,
1135 3820 1267 3869 tom.
1294 3813 1313 3867 l
1341 3811 1685 3869 conciliorum
1712 3816 1917 3872 Galliis.

400 3881 683 3944 allandius,
716 3892 845 3936 tom.
873 3879 915 3936 X
945 3897 1055 3954 sum;
1081 3884 1354 3944 Biblioth.,
1382 3899 1502 3952 pag.
1534 3884 1636 3939 697
1666 3896 1720 3939 et
1742 3901 1917 3954 seqq.,

352 3962 548 4075 {irreter
564 3961 807 4020 poemata
820 3953 1178 4016 quaalsidorns
1196 3954 1393 4017 laudat,
1413 3955 1627 4022 collegit
1641 3953 1918 4024 epistolas,

374 4023 601 4074 tomilias
622 4032 677 4075 et
706 4022 926 4075 aliorum
974 4024 1347 4075 opusculorum
1389 4024 1703 4075 fragmenta.
1745 4026 1915 4075 Annv.

374 4023 601 4092 tomilias
622 4032 677 4076 et
706 4022 926 4077 aliorum
974 4024 1347 4087 opusculorum
1389 4022 1703 4092 fragmenta.
1745 4026 1915 4081 Anev.

425 4090 510 4163 Q8.
535 4092 717 4163 Exstat
745 4093 1131 4163 impress.Vide
1153 4091 1286 4148 infra
1304 4092 1355 4146 in
1375 4090 1611 4163 Eugenio
1626 4094 1712 4148 Ill.
1728 4094 1927 4149 PEMI.

427 4160 567 4216 Ibid.
602 4163 872 4218 Dracontii
902 4162 1149 4217 Carmina
1192 4164 1355 4231 duplo
1376 4160 1611 4231 auctiora
1644 4182 1800 4231 quam
1830 4182 1926 4220 an-

350 4240 436 4285 tea
479 4231 782 4299 prodierant
810 4249 873 4287 ex
905 4234 1034 4288 Mss.
1065 4229 1329 4289 Vaticanis
1358 4229 1498 4287 edidi
1525 4229 1736 4301 Romae,
1769 4235 1925 4300 1791,

350 4301 602 4371 notisque
623 4303 891 4359 recenSni.
944 4306 995 4357 In
1029 4304 1421 4372 prolegomenis
1465 4303 1579 4357 fuse
1600 4306 1667 4358 de
1709 4314 1927 4361 auctore

351 4372 606 4435 disserui,
658 4389 815 4441 quem
869 4373 1157 4441 Hispanum
1208 4374 1373 4428 fuisse
1429 4374 1803 4443 conjiciebam.
1844 4380 1925 4431 An

353 4443 637 4513 presbyter
658 4444 835 4506 fuerit,
868 4459 971 4498 non
1002 4455 1228 4498 constat.
1257 4452 1426 4498 ARIV.

427 4510 776 4567 AQIVictoris
821 4514 1122 4569 Tunnensis
1161 4514 1393 4583 episcopi
1426 4515 1595 4569 habeo
1623 4516 1924 4573 Chronicon

353 4584 774 4658 manuscriptum
794 4622 809 4649 ,
839 4585 889 4638 in
916 4601 1045 4652 quo,
1068 4595 1181 4652 post
1218 4585 1525 4658 Eusebium,
1552 4586 1927 4658 Hieronymum

354 4663 414 4707 et
445 4653 785 4720 I‘rospernm,
810 4666 1047 4723 tempora
1077 4656 1412 4722 prosequitur
1438 4670 1468 4708 a
1494 4653 1768 4709 consulatu
1802 4674 1927 4711 xvm

353 4723 649 4777 Theodosii
678 4723 915 4779 Junioris
940 4766 951 4784 .
982 4725 1039 4795 id
1069 4733 1184 4795 est,
1210 4740 1349 4795 anno
1378 4724 1573 4795 Christi
1606 4725 1729 4785 444.
1761 4743 1929 4795 usque

352 4795 423 4846 ad
452 4809 649 4847 annum
698 4796 922 4863 primum
965 4794 1160 4849 Justini
1208 4794 1473 4859 Junioris,
1500 4793 1549 4847 id
1581 4806 1658 4851 est
1682 4837 1697 4858 ,
1731 4793 1927 4852 Cbrisri

356 4863 488 4917 567.
535 4864 607 4918 lbi
658 4878 811 4918 suum
856 4865 1100 4933 deplorat
1139 4864 1384 4917 exsilium
1410 4906 1425 4927 ,
1477 4878 1583 4933 quo
1614 4866 1740 4919 mihi
1778 4867 1931 4921 valde

354 4933 552 5005 dignus
601 4934 765 5005 fuisse
811 4933 1037 4989 videtur.
1117 4934 1329 5005 Restitit
1368 4934 1509 4987 enim
1564 4934 1736 5002 Vigilii
1780 4953 1930 5005 papae

354 5001 641 5058 Justiniani
692 5004 821 5074 imp.
862 5013 919 5059 et
956 5005 1143 5076 synodi
1184 5001 1649 5076 Constantinopol.’
1678 5001 1927 5069 decretis,

358 5076 488 5125 dum
520 5076 616 5127 tria
647 5076 905 5143 capitula,
938 5074 1004 5128 de
1026 5075 1215 5144 quibus
1244 5088 1402 5141 supra
1433 5074 1662 5129 diximus
1683 5117 1698 5141 ,
1732 5076 1930 5130 mordi-

359 5158 457 5196 cus
478 5144 738 5214 defendit.
783 5147 877 5199 llic
905 5146 1041 5214 apud
1091 5144 1380 5209 Isidorum,
1415 5144 1504 5197 lib.
1539 5161 1569 5195 v
1602 5148 1924 5214 litymologq

310 5275 318 5291 '
359 5228 482 5279 cap.
502 5211 770 5291 ⁸Ξὶδζρΐξιξιῡ
814 5211 1139 5291 Turonensis
1182 5214 1451 5291 scribitur,
1484 5215 1552 5291 ab
1601 5211 1719 5269 aliis
1755 5211 1932 5291 Tutiu-

312 5284 318 5359 ς
360 5284 893 5359 nensis,_'l‘ritbeluio
939 5286 1341 5338 Cummenensis
1362 5285 1507 5359 ,_scd
1540 5285 1653 5353 ipse
1673 5302 1732 5341 se
1759 5287 1929 5359 inve-

310 5353 315 5385 ί
361 5364 508 5424 Iusto
545 5353 739 5409 Codice
768 5354 1107 5409 Tunuensem
1150 5364 1325 5408 vocat.
1375 5354 1507 5424 Puto
1535 5371 1654 5411 esse
1678 5357 1929 5424 oppidum

360 5422 554 5494 Africa:
584 5425 996 5490 proconsularis,
1024 5424 1163 5494 quod
1193 5424 1360 5494 Tunis
1386 5422 1602 5494 Polybio
1630 5436 1683 5480 et
1709 5422 1930 5482 Strabo-

361 5493 417 5544 ni
449 5503 686 5557 vocatur,
738 5494 1036 5547 Tuni-ense
1076 5493 1277 5555 Plinio,
1308 5493 1456 5547 Livio
1488 5493 1674 5549 autem
1719 5496 1928 5560 Tunes,

358 5562 608 5633 Tum-tis,
639 5562 944 5633 inﬂectitur.
988 5562 1174 5615 Nobile
1207 5562 1287 5633 bis
1316 5564 1641 5631 temporibus
1666 5564 1735 5620 ob
1765 5580 1930 5633 expe-

360 5631 616 5684 ditionem
640 5633 813 5685 Caroli
846 5630 1023 5696 Quinti
1067 5632 1313 5686 Cmsaris.
1370 5633 1537 5699 Hujus
1570 5633 1794 5689 Victoris
1822 5630 1932 5691 mc-

361 5702 818 5775 minerunt‘et'am
854 5702 975 5775 ratio
1011 5700 1355 5770 Viennensis,
1386 5713 1438 5759 ct
1464 5703 1603 5760 Otho
1630 5704 1932 5775 Frisingen-

362 5770 460 5832 sis,
494 5771 585 5825 lib.
620 5773 686 5837 5,
716 5789 833 5841 cap.
865 5768 915 5824 4.
951 5772 1147 5825 Ριειιιῑῖ.

2040 3297 2182 3345 ctum
2200 3286 2521 3351 Leandrum,
2552 3302 2583 3342 e
2610 3286 2804 3356 quibus
2832 3299 2934 3339 nua
2965 3285 3017 3338 in
3043 3283 3240 3337 eisdem
3267 3283 3531 3338 librisJob
3556 3285 3617 3337 ti-

2045 3381 2157 3437 tulo
2180 3376 2506 3449 prazfationis
2549 3376 2881 3441 annectitur;
2910 3376 3073 3429 altera
3096 3374 3362 3444 eloquitur
3384 3375 3451 3431 de
3477 3391 3617 3433 uter-

2104 3534 2244 3590 Ibid.
2276 3534 2458 3589 Victor
2507 3548 2537 3587 a
2572 3531 2774 3588 Grialio
2822 3531 3141 3587 Turtunenst's
3188 3542 3406 3588 vocatur
3461 3534 3556 3591 lib.
3588 3555 3618 3589 ν

2033 3606 2358 3677 Etymolog.,
2386 3620 2505 3677 cap.
2531 3603 2797 3677 58,_num.
2827 3603 2881 3657 7.
2910 3603 3184 3677 Scliottus,
3214 3619 3282 3677 ex
3308 3604 3402 3658 Iis.
3435 3605 3616 3673 lngol-

2030 3674 2308 3738 stadiensi,
2342 3676 2571 3730 malebat
2609 3674 2966 3728 Tunmuensis.
3018 3674 3269 3728 Nonnulli
3300 3678 3612 3732 Comminis-

2030 3757 2228 3824 cuntur
2277 3745 2707 3824 Tinnena_is,.qu:e
2754 3743 2973 3824 [Egypti
3028 3754 3123 3824 est.
3155 3746 3300 3799 urbs.
3336 3744 3613 3824 _Ej_nsdent

2035 3817 2262 3872 Victoris
2286 3817 2526 3870 meminit
2559 3815 2790 3869 Isidorus
2833 3813 2885 3866 in
2923 3813 3231 3881 prnzlatione
3283 3813 3348 3867 ad
3383 3816 3579 3870 (.lironi

2031 3902 2156 3942 con.
2187 3885 2589 3940 Observandum
2617 3885 2755 3953 quod
2790 3883 2971 3936 Victor
3008 3892 3125 3952 post
3182 3885 3525 3952 Prosperum,
3558 3898 3616 3942 ut

2033 3959 2109 4010 ait
2141 3957 2409 4019 Perezius,
2442 3964 2681 4021 tempora
2736 3964 3053 4019 prosecutus
3110 3965 3217 4017 est,
3265 3964 3426 4022 atque
3477 3957 3613 4012 adeo

2035 4023 2367 4080 continuavit
2416 4024 2690 4078 historiam
2726 4039 2882 4090 quam
2916 4024 2983 4077 ab
3012 4023 3217 4087 origine
3245 4025 3426 4077 mundi
3461 4026 3619 4083 Ense-

2037 4095 2152 4151 bius
2182 4096 2494 4161 auspicatus
2518 4094 2631 4147 fuit.
2663 4093 2789 4162 Ejus
2811 4094 3112 4147 Chronicon
3138 4094 3376 4161 pluribus
3400 4096 3449 4148 in
3483 4098 3617 4152 locis

2036 4168 2357 4227 restitutum,
2402 4164 2649 4231 nmisque
2704 4164 3044 4228 illustratum,
3096 4175 3226 4218 tum.
3255 4163 3345 4219 XII
3395 4180 3508 4222 sua:
3535 4170 3617 4222 bi-

2032 4235 2222 4290 blioth.
2250 4235 2562 4289 Callandius
2589 4233 2775 4289 edidit.
2811 4238 2984 4290 Anev.

2101 4308 2163 4362 51
2176 4344 2190 4361 .
2204 4306 2479 4371 Jejunator
2495 4314 2753 4358 vocatura
2768 4304 2987 4373 Nicepb.
3002 4304 3406 4372 Constantinop.
3420 4306 3614 4364 Ρειιει.

2103 4375 2241 4431 Ibid.
2265 4378 2497 4433 Joannes
2522 4374 2801 4443 Jejuuator
2820 4375 3064 4429 diversus
3084 4385 3168 4429 est
3197 4376 3265 4427 ab
3285 4375 3390 4429 alio
3410 4375 3617 4432 Joanno

1956 4471 2001 4529 ο
2031 4443 2348 4529 Οθρρτιρρρεξ
2395 4444 2986 4529 ϐοιιειξιιιιίιιᾳροιίιιιιιο
3018 4446 3316 4529 ‘ejti‘scqprr,
3360 4446 3448 4529 qui
3482 4448 3621 4500 obiit

2032 4534 2172 4572 anno
2186 4516 2290 4586 555
2317 4518 2383 4571 de
2413 4533 2519 4586 quo
2544 4515 2839 4582 Fabricius,
2861 4525 2989 4586 tom.
3018 4514 3086 4567 XI
3106 4515 3357 4586 Biblio_th.
3388 4514 3609 4586 Crzecm,

2030 4605 2149 4658 pag.
2190 4585 2347 4644 1571.
2384 4580 2443 4639 In
2471 4586 2656 4658 Isidori
2692 4580 3080 4658 textufortasse
3123 4580 3323 4658 abalio
3347 4583 3611 4658 adjectum

2030 4652 2133 4716 est.
2163 4658 2369 4712 natione
2398 4657 2697 4727 Cappadox.
2722 4655 2972 4709 Memoria
3017 4652 3239 4727 Joannis
3284 4652 3612 4727 Jejuuatoris

2031 4745 2059 4782 a
2085 4729 2284 4783 Graecis
2312 4723 2613 4781 celebratur
2635 4733 2821 4794 quarto
2865 4737 3031 4794 nonas
3082 4723 3443 4794 Septembris.
3469 4725 3611 4780 Obiit

2031 4814 2175 4854 anno
2232 4796 2356 4853 593.
2431 4796 2559 4850 Vide
2630 4792 2689 4848 Ρ.
2759 4792 3033 4858 ιοοριιίεη
3068 4832 3082 4853 .
3138 4802 3272 4849 tom.
3328 4792 3345 4846 ι
3399 4795 3609 4852 Urient.

2029 4870 2253 4930 Cltrist.,
2284 4870 2386 4923 col.
2410 4865 2537 4920 226.
2573 4866 2744 4919 Anna.

2102 4937 2191 4993 53.
2216 4937 2817 5001 Conslantinopolitanw.
2842 4933 2914 4986 Ita
2936 4948 2948 4986 ι
2971 4931 3063 4986 lib.
3086 4932 3338 5001 Registr.,
3370 4934 3528 5002 epist.
3552 4934 3610 4987 4.

2031 5008 2144 5062 Non
2177 5024 2302 5076 ergo
2347 5010 2412 5060 ad
2441 5006 2698 5061 Joannem
2734 5004 3093 5058 Ravennatem
3120 5043 3134 5067 ,
3185 5014 3235 5055 ut
3268 5002 3321 5057 in
3356 5004 3604 5073 Iinprcss.

2032 5078 2233 5133 Penes.

2105 5149 2241 5201 Ibid.
2279 5146 2390 5199 Non
2421 5147 2592 5199 solum
2619 5145 2669 5198 in
2700 5144 3003 5213 Impressis,
3025 5153 3083 5197 ut
3112 5144 3185 5197 ait
3216 5144 3483 5209 Perezius,
3509 5148 3602 5200 sed

2032 5220 2191 5272 etiam
2225 5219 2276 5269 in
2301 5219 2481 5269 multis
2504 5215 2635 5269 Mss.
2663 5215 2916 5284 antiquis,
2966 5216 3099 5268 liber
3128 5213 3341 5281 Regulae
3368 5226 3609 5284 pastora-

2034 5289 2097 5341 lis
2143 5288 2378 5340 dircctus
2424 5295 2645 5353 apparet
2683 5286 2746 5339 ad
2777 5283 3033 5338 Joannem
3092 5283 3472 5339 Ravennatem.
3502 5287 3606 5343 Sed

2034 5357 2361 5426 praeferenda
2414 5356 2625 5410 videtur
2672 5356 2960 5426 auctoritas
2996 5354 3216 5426 Isidori,
3260 5365 3314 5409 et
3352 5354 3604 5424 Registri,

2032 5423 2172 5495 uua),
2205 5427 2378 5493 capite
2410 5427 2430 5480 Ι
2464 5427 2581 5479 libri
2616 5425 2863 5479 lldclonsi
2895 5425 2963 5477 de
2995 5424 3102 5495 Vir.
3129 5423 3339 5495 illustr.
3360 5423 3610 5494 etimpro-

2035 5493 2212 5560 batur,
2242 5496 2343 5548 nisi
2377 5495 2615 5550 dicamus
2640 5496 2704 5548 ad
2733 5505 3014 5563 utrumque
3067 5493 3232 5548 luisse
3258 5508 3381 5549 eum
3412 5493 3607 5550 librum

2033 5567 2312 5621 directum.
2348 5568 2518 5621 Anm‘.

2106 5636 2194 5691 55.
2228 5635 2492 5706 Epistolas
2542 5635 2606 5706 ad
2640 5633 2959 5706 Leandrum.
2989 5644 3096 5688 etc.
3126 5633 3189 5688 Et
3219 5634 3367 5698 alia),
3422 5633 3619 5706 libat?

2034 5704 2288 5778 chistr.,
2331 5707 2485 5771 epist.
2531 5705 2621 5778 bii.
2653 5719 2770 5778 cap.
2801 5704 2906 5773 90,
2935 5714 2988 5778 et
3018 5706 3119 5778 lib.
3143 5719 3213 5758 th
3240 5748 3253 5771 ,
3286 5706 3443 5773 epist.
3490 5704 3610 5760 125.

2035 5773 2214 5835 Alticra
2251 5777 2427 5832 I‘rimn
2457 5777 2547 5832 lib.
2587 5775 2840 5845 Registt,
2874 5775 3032 5843 epist.
3062 5773 3149 5828 ιι.
3200 5778 3394 5829 I’RREZ.
