4084 6160
345 308 475 365 ιιαθ

644 416 940 485 l‘raareptus
970 418 1144 473 subito
1171 418 1348 488 lingua
1382 428 1607 473 nocente
1639 419 1735 474 l‘ui.

564 487 827 553 Condere,
851 491 893 542 si
923 490 1116 554 credis,
1147 487 1321 544 studui
1346 499 1424 543 tot
1449 490 1610 544 millia
1634 490 1819 556 libros,

632 561 770 621 Quot
801 561 937 627 legio
963 561 1153 615 missos
1180 561 1326 614 ducit
1357 561 1406 613 in
1436 576 1582 613 arma
1608 563 1767 615 viros.

564 628 715 684 Nulla
768 647 917 686 meos
976 645 1207 703 unquam
1258 631 1428 700 tetigit
1477 631 1807 703 blasphemia

1561 715 1772 755 sensus.

643 769 747 854 ξω
776 770 902 854 vigil
932 780 981 825 et
1011 772 1262 854 prii-dens,
1310 702 1842 854 tutusnalisliriisstgsiui.

572 836 698 895 Sola
726 836 858 895 mihi
880 836 1061 896 casum
1096 843 1414 896 Periarchun
1437 841 1573 895 dicta
1598 841 1877 907 dederunt,

643 910 732 981 llis
758 928 845 966 me
869 911 1167 981 conjectum
1192 912 1349 980 impia
1380 913 1484 966 tela
1517 922 1781 976 premunt.

444 979 529 1033 lll.
573 978 737 1050 Gallia
761 997 847 1037 rue
871 978 1131 1050 genitura,
1158 998 1241 1036 tne
1270 978 1495 1036 Pictavis
1524 996 1618 1035 ore
1645 983 1850 1036 tonanti

642 1049 925 1106 Doctorein
955 1053 1210 1105 Hilarium
1239 1055 1382 1105 misit
1401 1053 1612 1106 alumna
1635 1068 1810 1107 suum.

446 1119 533 1174 iV.
574 1119 1113 1194 Alnbrosiusdoctor,
1139 1122 1303 1193 signis
1336 1122 1579 1194 insignis.
1602 1131 1656 1176 et
1684 1124 1914 1194 hymnis,

643 1193 817 1245 Enitet
850 1192 934 1245 hic
965 1194 1153 1258 titulis,
1188 1192 1354 1246 enitet
1379 1192 1627 1258 eloquiis.

469 1260 529 1315 V.
568 1260 838 1324 Mentitur,
864 1264 953 1331 qui
978 1274 1028 1317 te
1055 1272 1222 1317 totum
1256 1263 1450 1333 legisse
1478 1260 1693 1316 fatetur.

646 1337 724 1385 Au
755 1335 871 1401 quis
899 1343 1092 1387 cuncta
1123 1344 1208 1387 tua
1240 1334 1409 1386 lector
1442 1333 1641 1387 habere
1669 1333 1884 1399 potest?

574 1401 813 1472 Namque
860 1404 1218 1459 voluminibus
1273 1403 1437 1470 mille,
1477 1404 1790 1473 Augustine,
1836 1418 1926 1458 rc-

636 1543 920 1597 Testantur
946 1543 1063 1597 libri
1086 1544 1223 1611 quod
1257 1544 1443 1609 loquor
1468 1544 1580 1612 ipse
1611 1474 1848 1597 inritus”.

565 1611 817 1679 Quamvis
847 1615 1131 1668 multorum
1165 1614 1366 1680 placeat
1396 1611 1670 1677 prudentia
1700 1613 1870 1668 libris.

648 1683 703 1739 Si
738 1683 1059 1753 Augustinus
1093 1684 1264 1748 adest,
1296 1684 1493 1739 suilicit
1518 1684 1633 1752 ipse
1665 1686 1776 1738 tibi.

448 1749 538 1809 Vl.
582 1749 904 1824 Hieronyme
936 1756 1239 1823 interpres,
1272 1754 1434 1808 variis
1455 1749 1766 1810 doctissime
1815 1754 1919 1810 lin-

1672 1824 1689 1895 [
1714 1827 1850 1894 guis.

568 1893 644 1949 Te
702 1893 1011 1949 Bethlehem
1067 1895 1339 1961 celebrat,
1376 1904 1519 1950 totus
1569 1903 1620 1949 te
1672 1893 1923 1963 personat

1644 1964 1663 2036 [
1685 1967 1853 2023 orbis.

569 2031 644 2088 Te
671 2050 883 2106 quoque
921 2047 1104 2093 nostra
1145 2036 1247 2091 tuis
1280 2035 1475 2106 promit
1518 2031 1831 2091 bibliotheca
1856 2038 1923 2092 li-

1724 2107 1852 2161 bris.

415 2172 525 2228 Vll.
570 2175 795 2230 Nomine
823 2176 1059 2232 Joannes
1087 2176 1499 2246 Chrysostomus
1528 2177 1650 2231 inde
1680 2106 1921 2244 iiiiiiis,

637 2248 811 2300 Aurea
842 2248 983 2313 quod
1016 2261 1256 2301 unsrrum
1292 2249 1466 2318 lingua
1490 2258 1737 2302 coruscat
1766 2262 1923 2311 onus.

578 2318 731 2387 181
765 2318 1252 2389 Constantinopolis
1280 2333 1365 2373 mc
1404 2327 1734 2389 prmceptore
1766 2318 1926 2372 retul-

641 2452 705 2509 Et
735 2456 979 2513 celebror
1009 2459 1157 2513 libris
1189 2458 1374 2513 ductor
1402 2460 1599 2528 ubique
1628 2386 1851 2513 meis?"

572 2522 855 2597 Composui
886 2544 1084 2593 mores,
1119 2531 1366 2582 virtutum
1395 2522 1583 2597 praelia
1613 2530 1747 2596 dixi,

646 2595 712 2650 Et
748 2598 903 2652 docui
937 2602 1163 2655 miseros
1190 2595 1411 2653 crimina
1445 2601 1575 2653 llere
1602 2595 1742 2653 reos.

404 2660 538 2717 Vill.
581 2664 786 2740 Cla_riur
821 2668 1037 2736 eloquio
1085 2669 1315 2734 cunctis,
1352 2668 1641 2740 Cypriane,
1669 2669 1922 2738 refulges.

647 2735 723 2810 In
755 2740 913 2791 modo
932 2735 1121 2794 doctor
1134 2756 1275 2804 eras,
1293 2750 1347 2793 tu
1375 2735 1535 2795 modo
1555 2750 1755 2810 martyr
1776 2735 1922 2793 ades.

445 2800 543 2861 1X.
583 2804 640 2860 Si
671 2806 838 2875 Maro,
873 2811 917 2863 si
950 2809 1191 2875 Flaccus,
1219 2800 1272 2865 si
1287 2812 1449 2878 Naso,
1482 2822 1533 2865 et
1562 2800 1773 2865 Persius
1802 2811 1929 2863 lior-

641 2945 889 3003 Lucanus
912 2950 952 3003 si
983 2960 1057 3015 te,
1083 2952 1442 3019 Fapiniusque
1475 2951 1640 3013 tedet,
1699 2882 1709 2951 1
1748 2889 1851 2946 Νι,

575 3014 675 3070 Par
705 3028 821 3073 erat
850 3014 1050 3074 eximio
1078 3014 1247 3077 dulcis
1282 3014 1599 3077 Prudentius
1630 3035 1747 3087 ore,

648 3087 987 3146 Carminibus
1018 3094 1178 3147 variis
1207 3092 1400 3148 nobilis
1423 3093 1511 3147 ille
1538 3091 1689 3148 satis.

528 3248 686 3308 Quem
712 3250 915 3309 primum
952 3248 1065 3299 lidei
1089 3249 1278 3299 Grzecis
1306 3251 1433 3299 clara
1460 3250 1614 3299 dedit.

461 3311 633 3375 Celsus
652 3322 785 3360 eram
814 3313 1025 3375 meritis,
1051 3320 1103 3361 et
1124 3313 1286 3361 clarus
1309 3316 1447 3375 c0pia
1471 3312 1603 3361 laudi
1629 3348 1645 3373 ,

527 3373 814 3434 Praereptus
828 3374 1059 3422 subito...

344 3456 445 3512 Pro
472 3455 691 3520 Graecia,
722 3457 860 3523 Vat.,
888 3459 1093 3529 gratia;
1122 3466 1179 3512 et
1224 3472 1320 3526 pro
1351 3457 1545 3525 clarus,
1570 3457 1752 3526 Malr.,
1778 3470 1927 3512 men-

344 3529 493 3588 dnse,
520 3530 730 3581 clarius.

412 3598 494 3650 ΙΙΙ.
524 3598 769 3653 Fortasse
801 3615 817 3651 :

435 3686 585 3737 Gallia
611 3702 690 3738 me
716 3691 910 3751 genuit,
934 3702 1012 3739 me
1036 3690 1247 3741 Pictavis
1270 3700 1354 3738 ora
1384 3696 1689 3740 tonantem...

344 3767 451 3825 Pro
480 3772 684 3823 alumna
714 3773 799 3825 alii
828 3775 1037 3837 alitque.

416 3840 501 3911 iV.
540 3841 741 3907 Enitet;
770 3845 865 3911 al.,
892 3846 1095 3897 eminet.

418 3910 482 3965 V.
508 3912 772 3980 Corrupte
800 3915 937 3981 apud
964 3914 1289 3980 Florezium,
1314 3915 1620 3985 Augustine,

529 4003 756 4053 Mentitur
776 4006 859 4067 qui
879 4011 930 4055 te
950 4014 1103 4055 totum
1126 4005 1312 4068 legisse
1332 4006 1529 4056 fatetur.

348 4082 452 4157 Pro
478 4098 543 4135 an
568 4085 679 4150 quis
708 4086 795 4139 alii
824 4094 923 4157 aut,
943 4088 1076 4153 quis.
1109 4087 1187 4142 De
1227 4102 1285 4141 re
1332 4087 1446 4157 ipsa
1477 4087 1595 4141 vide
1626 4083 1928 4157 Etymolog.

346 4154 439 4227 lib.
471 4168 687 4227 vt,__c_ap.
712 4157 774 4227 r7,
800 4172 852 4212 n.
897 4156 951 4210 5.
983 4157 1147 4211 Versu
1189 4158 1245 4221 4,
1278 4156 1385 4220 alii,
1440 4174 1553 4225 qua:
1598 4154 1797 4227 loquor.
1831 4156 1931 4211 Pro

346 4224 476 4287 ipse,
508 4224 595 4295 alii
622 4226 740 4291 ipsi,
766 4226 904 4294 quod
937 4236 1108 4280 metro
1140 4242 1243 4280 non
1270 4231 1532 4293 congruit.
1570 4224 1671 4281 Pro
1702 4228 1932 4295 pruden-

346 4294 444 4372 tia,
471 4293 557 4345 alii
589 4296 867 4360 volumina,
892 4296 1031 4365 quod
1058 4296 1286 4352 fortasse
1311 4293 1721 4366 praeferendum,
1742 4313 1933 4368 quam-

347 4378 427 4415 vis
456 4374 624 4416 metro
646 4375 922 4431 repugnet.

421 4432 642 4504 VltAlii
678 4451 980 4504 perperam,
1010 4446 1057 4491 te
1084 4446 1219 4490 lotus
1246 4438 1561 4491 concelebrat
1594 4437 1746 4491 orbis.
1785 4436 1927 4492 Non-

347 4502 476 4556 nulli
511 4502 648 4576 Editi
673 4506 907 4559 indicant
936 4502 1052 4576 post
1110 4512 1247 4560 hunc
1298 4524 1512 4561 versum
1542 4510 1703 4561 alium
1737 4512 1925 4575 penta-

349 4583 578 4646 nietrum
610 4575 937 4639 desiderari;
990 4577 1086 4631 sed
1138 4578 1384 4631 videntur
1427 4578 1601 4646 potius
1648 4592 1766 4632 esse
1820 4587 1931 4633 tres

352 4644 648 4699 hexametri
680 4648 795 4699 sine
828 4648 935 4700 ullo
961 4655 1311 4709 pentametro.
1348 4644 1608 4703 Deitertio
1658 4664 1818 4702 versu
1851 4649 1933 4702 di-

350 4726 494 4767 etuin
527 4714 577 4768 in
606 4715 925 4780 Isidorizinis,
962 4718 1064 4771 loc.
1090 4720 1180 4771 cit.

432 4784 535 4836 VII.
575 4784 826 4849 Vocatus;
858 4790 953 4851 a|.,
976 4789 1195 4855 vocaris,
1227 4788 1310 4843 vel
1344 4798 1569 4841 vocatur.
1600 4787 1780 4841 Codex
1809 4786 1929 4842 Vat.

356 4854 464 4909 Pal.
492 4856 647 4908 liabet
676 4868 917 4920 vocatus;
950 4860 1028 4910 vel
1066 4854 1189 4924 hoc,
1216 4860 1297 4911 vel
1349 4860 1562 4911 vocabar
1613 4857 1923 4913 tenendum.

356 4924 606 4978 νωδυεὲ
635 4927 712 4979 sic
742 4928 793 4979 in
826 4929 922 4981 Ms.
956 4929 1135 4992 Matr.,
1170 4929 1428 4983 mendose
1456 4946 1467 4980 :

537 5016 700 5064 Aurea
724 5016 851 5078 quod
875 5021 1051 5066 nostris
1078 5032 1303 5081 promere
1328 5019 1490 5081 lingua
1519 5019 1631 5069 tuis.

354 5097 457 5223 aro
485 5111 733 5181 nostrum,
762 5102 851 5156 alii
873 5114 1068 5157 nostra.
1094 5104 1211 5158 Mox
1243 5119 1388 5159 vers.
1407 5105 1462 5169 5,
1485 5103 1763 5169 mendose,
1793 5103 1928 5161 Cod.

409 5180 551 5223 atrtt.
588 5190 600 5223 :

409 5180 551 5223 atrtt.
588 5190 600 5223 :

448 5260 702 5324 Composui
725 5277 885 5313 mores
912 5266 1177 5325 hominum,
1204 5266 1430 5313 virtutum
1466 5264 1663 5325 praemia
1679 5264 1802 5314 dixi.

360 5340 491 5396 Vide
525 5344 714 5397 librum
747 5344 935 5401 lsidori
983 5347 1050 5401 de
1102 5347 1213 5399 Vir.
1241 5346 1460 5408 illustr.,
1489 5345 1576 5398 ubi
1626 5345 1692 5398 de
1745 5356 1933 5401 sancto

357 5412 563 5486 Joanne
602 5413 988 5486 CAIII'VSOSIOIIIO
1029 5416 1160 5485 agit,
1188 5417 1408 5484 ejusque
1451 5429 1585 5484 opus
1612 5415 1681 5471 de
1708 5431 1931 5486 compu-

356 5485 571 5555 gnautia
605 5484 857 5538 virtutum
883 5496 937 5540 et
963 5484 1210 5555 vitieruni
1238 5487 1438 5540 laudat.

434 5554 879 5626 Villtllefulges;
904 5556 1001 5620 aL,
1028 5554 1301 5626 refulgens.

433 5624 847 5697 lxsTeditalta
887 5624 1229 5681 scribendum
1280 5641 1377 5694 pro
1426 5629 1596 5693 uertet,
1650 5637 1708 5682 ut
1760 5628 1930 5697 prima

361 5696 774 5767 couripiupossit.
811 5696 911 5750 Pro
941 5713 1033 5767 pur
1061 5706 1189 5761 erat,
1220 5698 1330 5760 alii,
1359 5715 1451 5765 pur
1472 5709 1575 5751 eat.

444 5764 504 5819 Χ.
539 5764 842 5823 Gentilibus.
875 5764 959 5823 Al.
987 5807 1003 5836 ,
1038 5770 1211 5825 minus
1242 5764 1398 5835 bene,
1428 5770 1678 5840 gentibus.
1723 5767 1797 5824 De
1828 5767 1927 5824 huc

1124 302 1416 359 APPEND.
1462 301 1522 357 il.
1567 330 1636 343 -—
1677 298 1982 355 CARMINA
2024 299 2079 355 S.
2124 298 2391 358 ISIDORO
2432 302 2788 359 ASCRlPTA.

1944 420 1995 480 A

3464 305 3593 361 iiii)

2142 418 2208 474 Χ.
2250 417 2467 487 Perlege
2501 418 2709 474 facundi
2736 420 3028 473 studiosum
3053 434 3268 472 carmen
3290 419 3447 483 Aviti,

2326 490 2462 544 Ecce
2489 489 2755 546 Juvencus
2802 491 2973 553 adest,
3000 491 3352 560 Seduliusque
3385 492 3499 547 tibi.

2251 558 2420 613 Ambo
2444 560 2616 630 lingua
2659 576 2832 629 pares,
2867 562 3118 615 ﬂorentes
3145 558 3390 616 versibus
3418 564 3600 629 ambo,

2328 630 2496 685 Fonte
2527 634 2837 699 evangelica
2868 632 3052 701 pocula
3080 633 3222 700 larga
3258 632 3453 687 ferunt.

2252 698 2444 754 Desine
2472 698 2760 770 gentilibus
2791 698 2917 771 ergo
2942 698 3198 756 inservire
3230 705 3421 764 poetis,

2326 771 2457 825 Dum
2485 775 2618 826 bona
2642 782 2783 825 tanta
2812 782 2980 838 poles,
3011 774 3134 839 quid
3163 774 3258 826 tibi
3288 772 3555 828 Calliroen
3580 775 3607 828 1

2117 839 2205 894 XI.
2250 837 2508 893 Historias
2531 859 2708 896 rerqu
2742 854 2794 897 et
2816 837 3067 896 transacii
3103 856 3339 907 tempora
3371 845 3525 906 secli,

2326 911 2549 967 Condita
2587 913 2913 984 membranis
2938 914 3052 967 lia3c
3100 914 3260 968 simul
3288 929 3412 967 arca
3438 916 3606 984 gerit.

2093 980 2202 1036 Xil.
2246 982 2511 1049 Quantum
2540 983 2838 1050 AuguStino
2876 984 3046 1038 clares
3073 993 3148 1051 tu,
3181 980 3604 1052 llipponefuia-

3344 1065 3509 1121 gistro

2329 1121 2559 1177 Tantum
2581 1122 2751 1178 Roma
2776 1139 2874 1179 suo
2906 1124 3131 1194 prassule
3161 1099 3462 1195 Gregiii‘i-o'.‘
3479 1099 3529 1126 ν’

2077 1214 2210 1271 χιιι.
2253 1212 2367 1269 Non
2396 1217 2527 1270 satis
2555 1218 2786 1282 antiquis
2815 1218 3119 1272 doctoribus
3152 1218 3324 1284 impar
3356 1218 3601 1285 liaberis,

2317 1286 2559 1341 Leander
2586 1297 2758 1346 vates.
2780 1288 2893 1342 Hoc
2923 1298 3010 1341 tua
3038 1288 3177 1342 dicta
3207 1290 3424 1345 docent.

2072 1376 2206 1431 XIV.
2248 1375 2507 1433 Conditur
2529 1378 2615 1432 hic
2634 1378 2773 1448 juris
2795 1380 2963 1433 series
2986 1379 3314 1445 amplissima
3346 1380 3541 1445 legum,

2328 1448 2571 1503 Veridico
2602 1447 2806 1503 Latium
2839 1463 2956 1516 quae
2988 1451 3123 1517 regit
3154 1464 3250 1503 ore
3274 1447 3474 1503 furum.

2255 1518 2369 1574 Non
2398 1519 2546 1573 fucos
2579 1520 2742 1572 libros
2771 1528 2980 1587 gestant
3009 1522 3119 1572 haec
3168 1520 3361 1573 scrinia
3396 1527 3601 1574 nostra.

2324 1589 2419 1655 Qui
2452 1589 2626 1657 cupis,
2654 1603 2779 1643 ecce
2808 1590 2940 1658 lege,
2974 1591 3018 1641 si
3052 1600 3138 1642 tua
3170 1600 3288 1642 vota
3314 1588 3499 1642 libent.

2248 1660 2400 1730 Tolle
2428 1659 2512 1714 hic
2537 1660 2843 1730 segnitiem,
2882 1674 3018 1727 pone
3041 1660 3249 1713 fastidia
3284 1663 3496 1713 mentis.

2333 1729 2506 1784 Crede
2533 1729 2685 1793 milii,
2713 1730 2898 1792 lrater,
2923 1730 3133 1784 doctior
3162 1730 3291 1784 inde
3314 1731 3481 1785 redis.

2264 1799 2346 1855 An
2371 1798 2505 1855 dicis
2558 1800 2694 1855 forte
2724 1815 2740 1855 :
2783 1800 2919 1867 Quid
2946 1800 3058 1869 jaiu
3100 1801 3229 1855 mihi
3285 1801 3383 1912 i|sta
3416 1814 3607 1912 nefas-

3338 1886 3397 1912 SA
3424 1886 3478 1912 ρς

3338 1888 3359 1922 s
3518 1872 3538 1924 ’ἓ

2330 1941 2482 2010 Quod
2514 1942 2742 1997 mediter
2761 1939 2925 1996 studii
2950 1955 3055 1995 non
3085 1870 3538 2009 supereslseemﬁiii.

2264 2012 2509 2077 Explicui
2537 2012 2809 2077 historias,
2834 2014 3178 2079 percurrique
3208 2013 3386 2065 omnia
3420 2012 3570 2080 legis,

2335 2085 2491 2154 182
2517 2083 2651 2138 Vere
2682 2084 2782 2138 hoc
2808 2082 2854 2137 si
2883 2083 3035 2147 dicis,
3066 2083 3176 2151 jam
3224 2082 3353 2136 nihil
3382 2082 3496 2225 ilpse
3525 2095 3615 2134 sa-

3441 2168 3544 2221 pts,

3441 2168 3544 2221 pts,

2104 2243 2219 2297 XV.
2261 2244 2406 2312 Quos
2446 2243 2623 2298 claros
2674 2242 2805 2298 orbe
2843 2242 3078 2298 celebrat
3146 2242 3412 2298 medicina
3452 2257 3615 2310 inagi-

3380 2323 3523 2366 stros

2331 2384 2439 2439 llos
2461 2399 2701 2451 przesens
2734 2385 2900 2452 pictos
2934 2385 3110 2453 signat
3139 2383 3313 2452 imago
3340 2313 3507 2436 [viros
3532 2354 3545 2374 θ

2266 2455 2402 2512 Sunt
2434 2455 2644 2509 medico
2687 2458 2849 2522 dona,
2878 2456 3111 2521 quandiu
3141 2455 3365 2522 quisque
3387 2454 3613 2508 laborat.

2344 2524 2509 2597 [Eger
2536 2526 2642 2593 jam
2669 2529 2860 2593 surgit,
2886 2525 3026 2597 nulla
3061 2526 3242 2591 Iagena
3272 2525 3434 2597 venit.
3562 2532 3575 2547 ’

2254 2595 2408 2663 Quod
2424 2594 2594 2651 debes
2619 2597 2846 2663 medico,
2874 2596 3036 2650 redde
3065 2609 3222 2664 inger,
3242 2610 3307 2648 ne
3334 2594 3468 2664 mala
3502 2609 3616 2647 rur-

3134 2693 3139 2698 -
3457 2679 3548 2718 sus

2328 2738 2650 2801 Occurrant,
2682 2746 2861 2791 curret
2892 2735 3068 2790 denuo
3096 2749 3255 2789 nemo
3282 2663 3431 2789 tibi.[

2270 2808 2528 2877 Pauperis
2578 2808 2819 2862 attendat
2873 2807 3112 2863 medicus
3162 2820 3403 2885 censum,
3456 2811 3617 2885 atque

2336 2949 2527 3015 Dispar
2549 2947 2790 3003 conditio
2817 2947 3013 3016 dispari
3062 2877 3617 3000 liabenilguiiieltiesest.

2263 3019 2321 3077 Si
2354 3019 2514 3073 fuerit
2534 3017 2707 3085 (lives,
2740 3019 2802 3072 sit
2827 3017 2968 3087 justa
2998 3019 3214 3087 occasio
3241 3016 3406 3079 lucri;

2346 3091 2403 3147 Si
2432 3104 2652 3159 pauper,
2685 3086 2894 3145 merces
2920 3086 3121 3142 sufﬁcit
3144 3101 3247 3141 una
3277 3087 3391 3141 tibi.

1958 3249 2005 3315 C
2039 3248 2192 3303 titulo
2222 3247 2340 3302 vide
2383 3241 2762 3315 prolegomena
2815 3245 2881 3299 ad
2919 3244 3237 3307 iuvencum,
3269 3260 3420 3301 num.
3448 3246 3537 3308 92.
3570 3258 3618 3302 et

2034 3320 2099 3373 ad
2130 3319 2407 3373 Sedulium
2462 3334 2608 3371 nutu.
2652 3317 2775 3370 167.
2809 3315 2884 3369 Ex
2939 3316 3130 3369 tuendo
3157 3315 3253 3368 his.
3310 3316 3334 3368 1
3392 3318 3618 3371 arcliivii

2038 3398 2173 3454 vat.,
2201 3404 2351 3458 quam
2370 3390 2422 3440 in
2454 3385 2915 3509 (inlige,_coujici
2940 3395 3126 3509 xusset
3152 3384 3273 3465 quid
3310 3385 3399 3436 tibi
3432 3383 3619 3468 Callch

2038 3460 2143 3509 ne?
2173 3474 2267 3509 oro
2297 3459 2421 3509 quid
2464 3459 2552 3509 tibi
2624 3457 2886 3509 alltroen?
2990 3456 3070 3509 ltt.
3112 3452 3487 3509 Callirrhoem:
3530 3456 3619 3509 alii

2036 3475 2097 3526 pe
2120 3452 2267 3528 ?Vpro
2297 3459 2421 3529 quid
2464 3459 2552 3512 tibi
2582 3452 2886 3512 Calliroen?
2940 3452 3070 3523 Alii,
3112 3452 3487 3523 Callirrhoem;
3530 3456 3619 3513 alii

2035 3531 2163 3582 alia.

2110 3599 2198 3659 XI.
2233 3598 2346 3653 Xll.
2373 3597 2652 3666 Eusebius,
2683 3597 2927 3661 Orosius,
2954 3594 3264 3666 Gregorius.

2110 3669 2244 3724 Xlll.
2278 3669 2509 3723 Leander
2529 3680 2682 3723 vates.
2741 3669 2825 3724 Al.
2861 3666 3063 3722 Isidore
3086 3666 3317 3732 antistes,
3346 3676 3403 3723 ut
3431 3666 3541 3724 disi
3568 3670 3620 3726 in

2038 3739 2369 3807 lsidnrianis,
2396 3742 2498 3794 loc.
2523 3741 2615 3793 cit.

2110 3809 2247 3863 XIV.
2275 3810 2631 3876 Theodosius,
2664 3807 2878 3873 Paulus,
2912 3807 3099 3867 Gaius.

2110 3878 2249 3934 Ibid.
2282 3878 2404 3940 Alii,
2432 3878 2551 3932 Non
2578 3895 2760 3946 parvos
2782 3879 2937 3933 libros
2966 3886 3187 3949 gestant,
3212 3888 3344 3943 etc..
3372 3881 3456 3936 vel
3491 3878 3622 3935 Per-

2042 3952 2228 4004 multos
2255 3950 2412 4003 libros
2438 3958 2655 4019 gestant,
2689 3960 2796 4004 etc.
2824 3950 2953 4014 lloc,
2981 3961 3033 4003 et
3066 3950 3162 4003 tria
3212 3952 3490 4019 sequentia
3513 3953 3623 4005 dis-

2048 4020 2183 4073 ticha
2199 4018 2776 4087 constituuntprimum
2799 4020 3009 4073 titulum
3035 4018 3363 4075 Bibliotheca:
3382 4039 3413 4075 α
3434 4023 3623 4075 domno

2043 4088 2249 4146 Isidoro
2279 4091 2473 4144 editum
2502 4090 2554 4143 in
2597 4090 2697 4145 Ms.
2744 4089 3065 4156 Matritensi,
3091 4106 3248 4159 quem
3277 4092 3624 4160 subsequitur

2040 4164 2177 4218 alius
2204 4161 2389 4216 titulus
2420 4178 2432 4214 :
2456 4170 2575 4213 sunt
2605 4161 2689 4213 hic
2718 4160 2893 4230 plura,
2923 4171 3051 4225 etc.,
3080 4176 3245 4229 usque
3268 4161 3334 4215 ad
3368 4178 3510 4216 sume
3538 4178 3619 4214 ro—

2036 4247 2144 4300 sas,
2178 4245 2232 4286 ut
2253 4248 2411 4302 supra
2440 4235 2491 4287 in
2518 4231 2691 4303 primo
2722 4231 2914 4303 titulo:
2928 4231 3031 4303 Pro
3059 4249 3210 4299 pone,
3242 4232 3380 4290 male
3402 4233 3492 4288 alii
3525 4232 3625 4284 de-

2038 4320 2192 4372 pone.
2218 4300 2333 4359 Pro'
2349 4300 2534 4374 frater,
2559 4303 2649 4356 alii
2678 4305 2857 4357 lector.
2883 4300 3123 4359 Subinde
3156 4319 3170 4354 :

2520 4418 2637 4478 quid
2659 4418 2755 4477 iam
2775 4416 2894 4478 mihi
2913 4423 3041 4466 tanta
3063 4430 3272 4467 necesse
3296 4427 3375 4470 est

2221 4477 2332 4536 Quo
2351 4477 2565 4529 mediter
2585 4479 2768 4541 studio,
2793 4477 2861 4528 nil
2883 4492 3148 4540 superesse
3173 4482 3271 4529 mei

2034 4562 2138 4617 Alii
2171 4580 2182 4616 :

2220 4654 2356 4714 Quod
2381 4655 2615 4706 meditem
2637 4653 2806 4716 studii,
2829 4652 2895 4702 nil
2918 4665 3183 4715 superesse
3208 4655 3344 4713 mihi,

2035 4738 2122 4794 vel
2150 4755 2165 4793 :

2220 4830 2355 4890 Quod
2377 4830 2615 4880 meditem
2634 4829 2829 4888 studiis,
2848 4828 2913 4877 nil
2932 4840 3197 4889 superesse
3222 4831 3364 4879 meis.

2037 4906 2303 4975 Fortasse,
2335 4910 2408 4963 nil
2429 4926 2579 4979 super
2608 4925 2743 4973 ecce,
2774 4923 2870 4977 pro
2898 4925 3183 4979 superesse.
3211 4911 3330 4965 Mox
3366 4928 3379 4967 :

2218 5019 2442 5083 Explicat
2466 5021 2709 5083 historias,
2736 5025 2789 5069 et
2814 5020 3033 5083 percurri
3056 5020 3215 5069 omnia
3238 5020 3388 5083 legis,

2218 5080 2400 5142 Verba,
2429 5081 2531 5131 hac
2553 5083 2597 5128 si
2617 5080 2801 5130 dicis...

2033 5166 2172 5222 Alii:

2146 5313 2151 5321 ι
2226 5256 2445 5320 Explicui
2473 5256 2714 5317 historias,
2744 5269 2967 5318 percurri
2993 5256 3195 5306 crimina
3219 5257 3363 5320 legis.

2106 5340 2222 5395 XV.
2250 5340 2492 5403 Cosmas,
2527 5341 2834 5408 Damiauus,
2867 5340 3206 5409 Hippocrate.
3230 5341 3480 5397 Galenus.

2107 5412 2243 5464 Ibid.
2280 5412 2415 5465 Sunt
2444 5412 2660 5465 medico.
2694 5413 2953 5480 Corrupte
2982 5411 3137 5473 Editi,
3175 5411 3308 5465 Sunt
3336 5414 3521 5466 medio.
3554 5415 3613 5472 in

2034 5482 2305 5538 nonnullis
2336 5484 2484 5544 Mss.,
2515 5492 2637 5535 ante
2660 5497 2870 5553 versum
2901 5483 3048 5547 Quod
3071 5481 3219 5535 debes
3238 5484 3430 5551 legitur
3450 5483 3611 5553 lteris,

2034 5562 2087 5607 et
2119 5554 2188 5605 ita
2216 5553 2376 5623 etiam
2408 5562 2531 5623 ante
2555 5567 2791 5617 versum,
2817 5551 3069 5623 Pauperis
3090 5554 3294 5607 attende
3317 5568 3335 5607 :
3358 5554 3500 5621 quod
3528 5551 3613 5611 in;

2031 5625 2195 5695 dicat,
2227 5622 2360 5676 duns
2391 5622 2631 5678 diversos
2660 5637 2780 5695 esse
2831 5622 3186 5695 hos_titulos,
3217 5627 3463 5691 quamvis
3515 5644 3612 5695 pro

2034 5682 2247 5747 medico
2273 5707 2459 5766 omnes
2482 5694 2762 5766 compositi
2802 5695 2930 5752 sint.
2957 5693 3060 5751 i'r'o
3106 5682 3275 5751 curret
3315 5696 3481 5751 denuo
3515 5682 3619 5754 alii

2035 5774 2260 5821 occurret
2290 5765 2473 5820 demto.
