4084 6160
353 316 483 380 1117

1113 312 1406 370 APPEND.
1452 316 1513 372 v.
1556 347 1624 359 —
1664 315 2012 373 cnnomca
2055 318 2292 377 REGUM
2333 276 2869 378 vtsmoruonuit.

3483 325 3619 382 1118

352 433 544 491 Gallias
591 430 777 494 rediit;
810 428 985 506 ibique
1025 427 1093 483 ab
1136 430 1333 487 Eurico
1371 431 1489 501 ejus
1530 430 1692 488 fratre
1718 433 1931 487 occisus
1960 417 2144 506 A'cisa
2174 433 2371 506 dextra
2392 434 2680 506 innocuum
2714 431 3033 506 \Victertt'us
3054 432 3280 506 occidit,
3307 443 3362 489 et
3400 450 3621 506 regnum

350 507 447 561 sub
470 505 792 570 imperatore
819 501 1015 554 Leone.

418 576 471 631 9.
503 573 723 628 Euriciis
750 572 987 641 regnavit
1016 586 1142 625 ann.
1173 587 1318 626 xm.
1346 572 1451 627 Iste
1479 572 1805 628 Lusitaniam
1834 573 1932 627 de-

350 645 627 715 pratdavit,
664 643 1051 715 Pampilonam,
1083 651 1141 715 et
1182 644 1643 715 Caesaraugustam
1683 646 1845 712 eepit.
1879 653 1934 698 et

350 712 537 771 ilothis
586 716 754 783 legem
805 712 970 767 dedit.
1020 713 1235 768 Arelate
1284 714 1416 768 obiit
1440 712 1559 769 ’sub
1610 714 1935 784 imperatore

351 786 585 841 Zenone.

423 859 507 912 10.
536 848 796 921 ΛΙτιι-ἰίίιις,
834 853 972 907 filius
999 854 1135 921 ejus,
1162 855 1404 923 regnavit
1431 871 1557 908 ann.
1590 871 1739 915 xxiii.
1776 870 1932 923 quem

347 919 662 981 C'oilovaaus
691 919 791 979 rex'
816 919 1139 979 Francorum
1180 919 1317 988 apud
1352 926 1637 979 Pictaviutn
1674 919 1811 978 bello
1843 928 1936 979 in-

352 999 577 1052 terfecit.
606 996 686 1049 0b
712 995 863 1067 cujus
890 994 1177 1048 vindictam
1200 996 1563 1067 Theodericus
1598 998 1757 1067 189
1785 1011 1936 1067 socer

347 1073 469 1134 eius
501 1068 662 1120 ltalite
691 1081 783 1119 rex
820 1065 1054 1119 Francos
1079 1066 1385 1133 perterruit,
1411 1077 1464 1119 et
1496 1065 1717 1133 regnum
1748 1066 1935 1121 Gmhis

356 1142 618 1205 integrum
649 1136 880 1191 reSIituit
906 1135 1006 1189 sub
1039 1141 1358 1203 imperatore
1390 1136 1693 1190 Anastasitt.

426 1212 512 1263 ll.
546 1205 874 1271 Ges-deictus,
902 1206 1095 1260 Alarici
1125 1208 1280 1271 titius,
1310 1209 1694 1276 regnavitann.
1730 1222 1799 1260 tv.
1833 1206 1936 1260 Iste

353 1296 381 1332 τι
412 1278 763 1332 Gnndebatdo
798 1276 1227 1345 Burgundionum
1262 1293 1387 1343 rege
1417 1279 1467 1331 in
1493 1276 1739 1332 Narbona
1768 1292 1937 1343 supe-

354 1360 521 1413 ratus,
553 1350 617 1401 ad
655 1346 980 1400 Barcilonam
1014 1347 1166 1414 fugit.
1197 1349 1322 1402 Inde
1346 1348 1409 1401 ad
1441 1350 1673 1403 Africam
1702 1348 1766 1400 ad
1789 1347 1935 1401 Van-

355 1422 505 1474 ilatos
538 1434 630 1485 pro
660 1418 859 1471 auxilio
907 1420 1163 1485 perrexit,
1204 1426 1259 1471 et
1288 1433 1393 1471 non
1442 1419 1768 1487 impetravit.
1812 1418 1936 1471 Inde

357 1504 626 1555 reversus,
659 1490 796 1556 apud
830 1488 1158 1542 Barrilonant
1188 1504 1215 1540 a
1248 1488 1382 1543 duce
1411 1490 1730 1545 Theoderici
1770 1489 1936 1543 Italiae

357 1563 497 1632 regis
522 1561 834 1632 interiectus
864 1558 964 1613 sub
994 1557 1314 1632 imperatore
1346 1562 1641 1614 Anastasio.

430 1629 516 1685 12.
567 1629 934 1690 Theodericus
985 1629 1357 1696 supradictus,
1415 1633 1593 1685 occiso
1650 1631 1934 1695 Gisateico,

357 1718 578 1767 regnum
612 1701 905 1756 Gothorum
958 1701 1129 1754 tenuit
1167 1716 1293 1754 ann.
1324 1712 1418 1766 vv;
1442 1712 1494 1755 et
1536 1704 1806 1769 superstiti
1841 1718 1936 1755 ne-

2035 503 2134 555 sibi
2165 504 2398 562 suscepit
2423 506 2521 556 sub
2550 503 2871 571 imperatore
2901 503 3173 558 Mauricio.

2114 575 2271 644 190
2298 573 2388 626 22.
2423 574 2739 628 Wictericus
2765 577 3001 640 regnavit
3032 588 3155 627 ann.
3186 589 3280 636 vn,
3305 574 3386 626 vir
3406 575 3619 643 quidem

2036 651 2288 697 strenuus
2318 646 2368 697 in
2384 660 2653 697 armorum
2678 655 2811 709 arte,
2835 644 2925 695 sed
2942 658 3162 708 exsiiers
3185 646 3451 709 victoriae;
3481 648 3622 711 quod

2039 713 2165 767 fecit
2195 717 2415 781 recepit.
2453 716 2591 768 Inter
2617 716 2801 782 epulas
2832 716 2972 767 enim
3017 716 3223 782 prandii
3255 731 3282 767 a
3317 718 3429 768 suis
3461 717 3623 771 inter-

2038 782 2209 839 fectus
2236 798 2312 835 est
2349 787 2447 836 sub
2478 786 2801 849 imperatore
2833 785 3027 836 Phoca.

2108 854 2196 907 ‘23.
2233 852 2603 907 Gtintlemarus
2648 857 2890 922 regnavit
2933 854 3086 906 annis
3118 869 3174 909 ιι.
3221 855 3490 907 Vascones
3522 872 3623 910 una

2038 923 2382 991 expeditione
2410 926 2654 983 vastavit,
2680 936 2733 977 et
2764 936 2932 979 morte
2980 928 3195 994 proin-ia
3221 926 3412 979 Toleto
3442 929 3626 981 deces-

2038 996 2106 1047 sit
2135 1000 2234 1047 sub
2261 994 2487 1061 imperio
2520 996 2768 1049 tleraclii.

2110 1064 2197 1116 '24.
2236 1065 2464 1119 Sisehnb
2487 1080 2513 1118 s
2545 1068 2783 1128 regnavit
2807 1083 2935 1121 ann.
2964 1081 3075 1121 vin.
3111 1065 3216 1119 Iste
3248 1076 3510 1130 potestate
3536 1066 3627 1120 Ju-

2039 1134 2184 1187 titros
2216 1135 2278 1187 ad
2311 1136 2465 1187 fidem
2499 1135 2692 1190 Christi
2737 1139 3001 1203 perduxit,
3036 1148 3085 1190 et
3116 1139 3397 1190 ecclesiam
3430 1152 3627 1191 sanetae

2040 1203 2319 1257 Leucadia}
2366 1205 2555 1259 Toleto
2599 1222 2759 1272 opere
2808 1223 2941 1259 nitro
2994 1208 3250 1260 fundavit.
3302 1211 3521 1260 Astures
3575 1217 3629 1260 et

2043 1275 2313 1328 Vascones
2349 1276 2399 1328 in
2432 1276 2701 1330 montibus
2726 1278 3047 1330 rebellantes
3081 1278 3400 1341 Itutniliavit,
3432 1287 3486 1331 et
3516 1279 3628 1331 suis

2041 1360 2135 1413 per
2187 1345 2365 1399 omnia
2425 1346 2711 1399 benevolus
2766 1347 2880 1399 fuit.
2942 1348 3089 1399 tluuc
3143 1347 3355 1412 quidam
3412 1348 3629 1415 prolirio

2043 1415 2233 1469 inorbo
2262 1457 2277 1481 ,
2322 1417 2412 1469 alii
2464 1418 2695 1484 potionis
2747 1418 2938 1469 haustu
2988 1418 3339 1470 immoderato
3385 1427 3631 1472 asserunt

2041 1486 2277 1540 Ot'CiSltm
2332 1488 2431 1540 sub
2483 1487 2709 1551 imperio
2759 1487 3008 1541 lleraclii.
3052 1487 3201 1539 Tunc
3236 1489 3494 1540 nefandus
3523 1488 3632 1540 Ma—

2042 1556 2224 1628 hotnat
2266 1556 2319 1611 in
2352 1556 2530 1611 Africa
2564 1558 2853 1627 nequitiam
2886 1559 3016 1628 legis
3047 1557 3224 1611 stultis
3256 1558 3466 1628 populis
3498 1573 3633 1627 pra:-

2042 1627 2268 1687 dicavit,

2112 1718 2200 1772 25.
2237 1718 2465 1773 Snintila
2499 1723 2734 1787 regnavit
2781 1733 2907 1771 ann.
2954 1734 3009 1773 Χ.
3056 1716 3282 1770 Victoria
3314 1727 3368 1771 et
3405 1718 3631 1771 consilio

356 1775 465 1857 poti
495 1788 613 1853 _suo
655 1771 1232 1857 ‘A.ll.tll.i:tl‘ic.0.re'iqntt.
1280 1771 1394 1857 Ipse
1436 1773 1643 1853 italiam
1678 1773 1853 1838 rediit,
1886 1780 1939 1826 et

2047 1804 2266 1857 magnus
2297 1790 2411 1843 fuit.
2447 1771 2715 1843 Vascones
2745 1789 2964 1853 devicit,
2996 1788 3130 1840 duos
3156 1790 3407 1846 patricios
3441 1788 3631 1841 Roma-

359 1840 429 1896 ibi
457 1842 620 1896 vitam
655 1841 943 1895 tinivitsub
967 1840 1287 1905 imperatore
1314 1842 1633 1900 Justiniano.

429 1914 516 1968 13.
551 1912 880 1966 Amalarit-us
913 1914 1156 1980 regnavit
1184 1926 1310 1965 ann.
1337 1928 1386 1965 v.
1418 1914 1522 1967 lste
1544 1929 1572 1966 a
1598 1914 1939 1969 Childeberto

358 1983 684 2039 Francorum
719 1997 840 2051 rege
875 1992 1175 2050 superatus,
1206 1982 1454 2038 Narbone
1484 1986 1685 2039 interiit
1710 1988 1811 2040 sub
1843 1986 1941 2039 int-

356 2065 610 2123 peratore
638 2054 958 2107 Justiniano.

430 2126 516 2179 Η.
544 2124 778 2178 Thetidis
810 2122 1048 2191 regnavit
1075 2137 1162 2177 an.
1191 2139 1318 2178 xvii.
1350 2124 1474 2189 Iste,
1504 2126 1745 2191 quamvis
1770 2125 1941 2181 turre-

357 2196 512 2259 ticus,
548 2210 731 2258 pacem
762 2194 1025 2246 concessit
1059 2195 1331 2257 Ecclesize,
1365 2204 1419 2249 et
1462 2196 1726 2263 episcopis
1772 2198 1940 2250 licen-

355 2267 484 2319 tiam
510 2266 653 2320 dedit
678 2264 1013 2319 intToletana
1044 2264 1174 2318 urbe
1204 2266 1425 2318 concilia
1462 2280 1736 2333 peragere.
1771 2266 1938 2320 Fran-

357 2352 543 2389 corum
570 2351 721 2406 reges
746 2334 881 2388 infra
904 2334 1183 2406 Hispanias
1207 2351 1372 2404 usque
1396 2336 1611 2390 Minium
1637 2340 1938 2402 superavit;

356 2422 588 2476 euntque
618 2404 667 2458 in
700 2406 893 2472 palatio
914 2404 1133 2476 quidam
1159 2407 1418 2461 insaniam
1446 2406 1748 2461 simulando
1769 2406 1941 2463 inter-

359 2473 620 2531 fecit'snh
653 2479 975 2543 imperatore
998 2473 1323 2531 Justiniano.

436 2547 521 2617 15.
574 2547 925 2601 Theudisclus
958 2547 1200 2613 regnavit
1247 2562 1372 2601 ann.
1417 2562 1475 2613 ι;
1508 2547 1595 2617 qui
1640 2546 1764 2602 dum
1798 2558 1943 2603 toros

366 2618 652 2671 multorum
681 2617 1007 2689 m_acutarel,_
1023 2624 1077 2669 et
1105 2618 1275 2689 obiter
1304 2620 1483 2671 multis
1508 2633 1697 2689 necem
1730 2621 1946 2689 excogi-

364 2699 523 2751 taret,
559 2703 681 2760 mox
704 2686 863 2760 inter
889 2685 1071 2753 epulas
1101 2686 1277 2756 gladio
1316 2688 1518 2758 ttispali
1544 2689 1815 2760 jugulatur
1844 2685 1945 2744 sub

363 2761 552 2813 eodem
582 2757 902 2811 Justiniano.

440 2827 524 2882 16.
557 2830 702 2897 Agila
737 2830 975 2897 regnavit
1005 2844 1093 2883 an.
1126 2845 1179 2884 v.
1207 2828 1310 2883 Iste
1357 2827 1483 2882 dum
1535 2828 1598 2883 ad
1640 2827 1943 2884 Cordubam

361 2898 547 2953 urbem
582 2910 859 2967 pugnaret,
889 2910 941 2952 et
986 2902 1037 2953 in
1063 2908 1373 2968 contemptu
1398 2899 1603 2969 Christi
1642 2901 1944 2969 sepulcrum

361 2971 534 3023 sancti
580 2973 828 3039 martyris
874 2971 1069 3023 Aciscli
1117 2972 1345 3035 quodam
1396 2968 1618 3023 horrore
1664 2968 1944 3039 pollueret,

365 3040 529 3092 filium
576 3041 645 3093 ibi
678 3056 796 3094 cum
828 3043 992 3094 multa
1044 3042 1196 3107 capia
1249 3040 1607 3103 interfectum,
1640 3050 1696 3095 et
1732 3055 1945 3095 omnem

362 3111 669 3163 thesaurum
719 3125 901 3180 regum
946 3111 1144 3176 amisit,
1176 3120 1229 3164 et
1262 3111 1550 3164 Emeritam
1583 3114 1742 3180 fugit;
1772 3110 1948 3180 ibique

362 3181 445 3234 sui
474 3196 595 3234 eum
631 3184 1007 3235 interfecerunt
1035 3181 1134 3234 sub
1165 3181 1487 3251 imperatore
1516 3181 1834 3235 Justiniano.

435 3252 525 3305 17.
578 3252 960 3319 Athanagildus
1005 3255 1244 3317 regnavit
1289 3268 1416 3305 ann.
1472 3267 1578 3305 tttv.
1615 3254 1717 3307 Iste
1762 3259 1948 3305 contra

368 3322 564 3375 milites
594 3320 875 3374 .tustiniani
911 3324 1269 3393 imperatoris,
1303 3338 1435 3391 quos
1466 3322 1580 3393 ipse
1610 3333 1804 3393 contra
1824 3322 1949 3388 Agi-

366 3393 540 3462 tant-m
589 3394 833 3460 petierat,
878 3392 964 3444 diu
1020 3394 1277 3458 conllixit,
1329 3391 1497 3462 atque
1528 3407 1623 3448 eos
1672 3391 1947 3462 exstinxit.

365 3460 555 3542 Teleto
581 3471 753 3516 morte
782 3462 995 3531 propria
1023 3462 1255 3518 decessu
1298 3460 1415 3519 subi
1444 3465 1763 3533 imperatore
1790 3461 1953 3515 Justi-

366 3546 544 3585 manu.

445 3604 529 3657 18.
562 3602 725 3655 Livua
752 3606 993 3673 regnavit
1016 3618 1143 3658 ann.
1168 3619 1245 3667 ιιι,
1276 3604 1328 3657 in
1370 3602 1635 3659 Narbona.
1666 3604 1770 3660 Iste
1803 3607 1953 3663 fratri

368 3672 995 3749 beovigildodtispaniaa
1047 3675 1560 3729 adminstrationem
1609 3677 1783 3743 dedit;
1839 3680 1953 3749 ipse

369 3744 553 3797 Galliis
584 3743 811 3810 praefuit.

440 3816 530 3868 ltt.
563 3813 917 3890 Leovigiidus,
944 3815 1132 3890 adepta
1158 3815 1351 3890 Gallia,
1379 3825 1432 3870 et
1458 3816 1732 3885 Hispania,
1761 3835 1955 3890 regna-

368 3884 447 3937 vit
476 3899 603 3937 ann.
636 3899 744 3937 xiv.
789 3886 890 3939 Iste
918 3888 1075 3958 valde
1104 3888 1291 3939 lueresi
1334 3890 1542 3940 Arianae
1564 3884 1805 3958 deditus,
1827 3884 1954 3958 per-

370 3959 703 4009 secutionem
746 3957 1031 4010 Catholicis
1067 3957 1273 4017 intulit.
1305 3969 1358 4009 et
1400 3957 1744 4013 ecclesiarum
1789 3957 1955 4025 privi-

373 4026 509 4092 legta
534 4026 668 4078 tulit.
692 4025 984 4079 Mas-onam
1008 4028 1414 4081 Emeritensium
1435 4028 1743 4096 episc0pum
1765 4031 1955 4083 exsilio

372 4096 649 4164 relegavit.
684 4096 803 4149 Suis
843 4097 1174 4164 perniciosus
1206 4098 1319 4159 fuit,
1356 4108 1599 4165 potentes
1630 4115 1724 4165 per
1747 4101 1949 4167 cupidi-

373 4176 534 4217 tatem
585 4167 874 4219 damnavit.
917 4167 1122 4221 Suevos
1150 4172 1439 4234 superavit,
1472 4180 1524 4222 et
1572 4169 1834 4223 Gallaaciie
1866 4187 1952 4224 re-

370 4250 530 4308 gnum
562 4236 752 4289 Gothis
780 4239 1085 4308 admiscuit.
1123 4238 1329 4291 PlitllUS
1373 4241 1531 4308 regali
1568 4252 1712 4293 veste
1739 4251 1955 4307 opertus

370 4305 509 4381 solio
557 4308 783 4381 resedit.
812 4307 1005 4381 Urbem
1038 4310 1088 4362 in
1120 4308 1403 4362 Celtiberia
1438 4305 1591 4377 iet-it,
1624 4321 1678 4363 et
1712 4305 1952 4381 tiecopo-

371 4376 463 4447 bin
520 4376 836 4432 nominavit.
885 4376 1181 4432 Gothorum
1238 4382 1377 4447 leges
1420 4389 1544 4433 ante
1577 4376 1870 4445 correxit,’
1902 4392 1956 4437 et

368 4444 561 4500 Toleto
594 4450 805 4516 prOpria
837 4458 1010 4503 tuorte
1034 4450 1269 4504 decessit
1290 4444 1395 4503 Sub
1435 4450 1691 4505 Ill-auricro
1723 4444 1954 4521 impera-

370 4525 506 4569 ture.

442 4588 531 4640 2t).
567 4588 895 4655 Recaredus,
929 4589 1065 4641 filius
1088 4588 1224 4661 ejus,
1256 4589 1503 4658 regnavit
1539 4606 1662 4645 ann.
1700 4608 1787 4647 xv.
1821 4591 1955 4661 Iste,

364 4646 424 4708 1ιι
450 4660 671 4711 exordio
702 4661 848 4727 regni
882 4646 978 4712 'sui
1006 4646 1511 4714 catlioticatnulideui
1562 4665 1805 4728 adeptus,
1840 4646 1953 4716 om:

372 4742 493 4780 lem
525 4728 821 4782 Gothorum
846 4741 1059 4799 gentem
1089 4732 1153 4782 ad
1180 4736 1376 4784 Cultum
1407 4733 1517 4792 Dei.
1544 4745 1805 4800 rectusque
1833 4734 1957 4787 tidei

374 4802 770 4872 revocavit,_et
819 4816 911 4867 per
959 4802 1218 4872 synodum
1268 4802 1634 4869 episcoporum
1685 4804 1871 4857 Gallia:
1904 4816 1957 4858 et

375 4866 645 4934 Hispaniae
678 4870 833 4922 fidem
862 4866 1175 4924 catholicam
1220 4866 1575 4937 continuavit,
1624 4872 1955 4929 Francorum

375 4936 529 4992 hoste
559 4954 619 4991 ιι
653 4941 819 4992 millia
848 4942 899 4993 in
944 4942 1194 5009 llispania
1224 4942 1363 4995 bello
1396 4944 1697 5010 prostravit,
1740 4954 1793 4998 et
1823 4955 1957 4997 tctu-

380 5023 509 5084 pora
540 5011 685 5078 regni
710 5011 954 5084 suiomni
984 5012 1220 5065 bonitate
1251 5014 1546 5066 honorant.
1574 5013 1705 5067 Fine
1737 5018 1958 5084 pacilico

376 5078 568 5149 Toleto
597 5080 846 5149 decessit,
881 5082 1199 5149 imperatore
1227 5084 1500 5137 Mauricio.

444 5148 536 5204 2t.
570 5152 756 5218 Livua,
791 5152 926 5206 titius
950 5148 1083 5224 ejus,
1119 5156 1357 5224 regnavit
1384 5172 1509 5209 ann.
1542 5169 1601 5208 ιι.
1629 5154 1790 5209 Istum
1824 5168 1960 5224 prae-

2046 1874 2143 1911 nos
2170 1861 2342 1927 cepit;
2377 1875 2566 1913 omnes
2612 1859 2891 1927 His-partim
2921 1870 2973 1912 et
3018 1858 3240 1912 Galliam
3288 1867 3508 1911 strenue
3538 1874 3625 1911 re-

2046 1929 2141 1993 xit,
2176 1941 2229 1983 et
2258 1933 2327 1982 ob
2378 1932 2623 1983 meritum
2670 1941 2817 1996 pater
2853 1944 3140 1997 pauperum
3175 1938 3395 1981 vocatus
3428 1938 3543 1993 est;
3576 1937 3633 1983 et

2042 1998 2146 2053 fine
2178 2002 2390 2069 proprio
2422 2000 2608 2054 Toleto
2632 2000 2862 2054 decessit
2892 2002 2992 2054 Sub
3024 2000 3249 2064 imperio
3282 1999 3532 2053 Iteraciii.

2113 2093 2203 2146 26.
2234 2092 2563 2149 Sist-nandus
2597 2094 2837 2163 regnavit
2866 2107 2991 2145 anu.
3024 2107 3095 2144 tv.
3123 2092 3227 2145 Iste
3254 2093 3494 2163 synodos
3516 2091 3631 2157 epi-

2042 2178 2322 2233 scoporum
2356 2168 2492 2229 egit;
2526 2161 2742 2231 patiens
2775 2162 2892 2227 fitit,
2924 2170 2979 2215 et
3008 2163 3203 2225 regulis
3231 2161 3512 2233 catholicis
3540 2177 3630 2233 or-

2046 2238 2310 2358 :itodoitus
2352 2235 2578 2290 exstitit.
2612 2233 2799 2289 Toleto
2830 2240 2989 2287 vitam
3042 2233 3212 2287 tittivit
3257 2232 3358 2285 sub
3398 2232 3627 2300 imperio

2092 2320 2215 2360 erae
2240 2322 2295 2358 ιι.

2114 2398 2204 2454 27.
2235 2397 2465 2451 Chintila
2514 2395 2756 2465 regnavit
2804 2409 2928 2448 ann.
2982 2409 3060 2447 ut.
3091 2392 3335 2465 Synodos
3372 2392 3629 2465 plurimas

2043 2468 2230 2523 Toleto
2257 2484 2377 2523 cum
2409 2461 2673 2535 episcopis
2708 2466 2839 2536 egit,
2877 2474 2931 2517 et
2968 2461 3239 2536 subditum
3273 2478 3494 2531 regnum
3529 2461 3633 2516 ﬁde

2046 2540 2293 2594 ﬁrmavit.
2327 2539 2516 2593 Toleto
2552 2535 2787 2591 decessit
2818 2536 2916 2590 sub
2949 2536 3173 2603 imperio
3204 2535 3449 2587 lteraclii.

2046 2628 2205 2753 f.28.
2257 2628 2420 2697 Tulga
2477 2626 2718 2696 regnavit
2760 2640 2888 2679 ann.
2943 2638 3023 2677 ιιι.
3076 2623 3305 2676 Blandus
3351 2621 3403 2676 in
3453 2621 3633 2683 omnia

2069 2708 2161 2753 tttt.

2069 2708 2161 2754 ιιιι.

2116 2790 2205 2844 29.
2234 2788 2696 2843 Chiodasuinthus
2726 2786 2967 2855 regnavit
2996 2784 3143 2838 soles
3164 2800 3290 2836 ann.
3326 2800 3401 2844 vt,
3432 2791 3485 2837 et
3514 2798 3634 2835 cum

2049 2859 2157 2915 ﬁlio
2190 2876 2288 2914 suo
2321 2860 2716 2914 Rcccesuintho
2746 2875 2872 2911 ann.
2906 2873 2977 2909 tv.
3014 2856 3182 2920 tlnjus
3215 2865 3454 2921 tempore
3480 2856 3635 2919 quie-

2047 2935 2125 2984 vit
2156 2930 2429 2998 ltispania,
2461 2942 2512 2983 et
2545 2946 2638 2997 per
2668 2929 2900 2997 synodos
2927 2927 3156 2998 erudivit
3193 2924 3505 2979 Ecclesium.
3532 2924 3636 2977 To-

2051 3002 2157 3057 leto
2188 2995 2328 3055 obiit
2360 3001 2462 3054 sub
2493 2995 2719 3068 imperio
2741 2997 3077 3051 Constantini
3107 2995 3260 3049 Novi.

2120 3092 2211 3145 50.
2239 3089 2464 3144 Wainha
2496 3089 2734 3156 regnavit
2760 3103 2887 3141 ann.
2912 3102 2986 3139 Ix.
3016 3087 3193 3139 Primo
3223 3085 3369 3154 regni
3397 3082 3638 3156 soianno

1975 3163 2022 3225 C
2055 3162 2350 3216 rcbettanle
2378 3161 2477 3214 sibi
2510 3154 2675 3212 l’aulo
2704 3159 2839 3211 duce
2866 3173 2987 3211 cum
3013 3156 3239 3223 quadam
3273 3168 3420 3225 parte
3451 3154 3639 3217 Histia-

2053 3233 2178 3295 nias,
2231 3233 2376 3298 prius
2432 3231 2639 3283 feroces
2686 3227 2960 3281 Vasctines
2990 3222 3063 3298 in
3111 3222 3303 3298 finibus
3333 3222 3639 3298 _Cautabria:

2053 3293 2387 3370 perdomuit;
2438 3301 2631 3354 deinde
2689 3299 2898 3352 cunctis
2954 3296 3264 3370 civitatibus
3324 3293 3530 3370 Gothne
3587 3301 3639 3346 et

2053 3362 2237 3425 Galliae
2282 3372 2475 3437 captis,
2532 3370 2706 3436 ipsum
2758 3378 3027 3437 postremo
3070 3363 3373 3437 t'aulumin
3415 3362 3640 3437 Nemau-

2052 3458 2210 3496 Sense
2256 3432 2386 3493 urbe
2436 3432 2631 3491 Victum
2680 3432 2879 3490 celebri
2935 3434 3203 3502 triumpho
3248 3435 3347 3486 sibi
3392 3432 3638 3498 subjecit.

2054 3513 2242 3567 Postea
2272 3511 2340 3563 ab
2393 3510 2605 3579 Ervigio
2642 3521 2806 3578 regno
2836 3507 3075 3577 privatur
3105 3507 3204 3559 sub
3244 3505 3470 3573 imperio
3500 3502 3641 3555 Con.

2053 3582 2273 3638 stantini
2303 3580 2463 3636 Novi.

2124 3674 2214 3728 51.
2251 3672 2499 3742 Ervigius
2540 3670 2781 3743 regnavit
2820 3684 2947 3743 ann.
2983 3683 3056 3743 vi.
3089 3667 3193 3721 Iste
3232 3664 3475 3743 synodos
3498 3660 3638 3715 tnui-

2055 3753 2134 3798 tas
2158 3744 2345 3797 Toleto
2372 3739 2493 3795 cum
2519 3740 2789 3809 episc0pis
2814 3742 2959 3807 egit;
2989 3739 3149 3790 filiam
3174 3752 3324 3809 suain
3358 3739 3639 3809 conjugem

2054 3817 2199 3882 dedit
2232 3813 2467 3882 Egicani.
2501 3806 2688 3882 Toleto
2718 3806 3234 3882 oltiit’sulrimperio
3264 3806 3567 3859 Justiniani.

2124 3874 2211 3937 52.
2250 3874 2404 3950 ligica
2440 3880 2677 3950 rcgnavit
2706 3896 2831 3953 anu.
2862 3878 3084 3953 xvalste
3116 3877 3253 3953 dum
3279 3890 3511 3953 regnum
3546 3886 3638 3953 ae-

2055 3956 2214 4017 cepit,
2247 3946 2407 4007 filiam
2444 3946 2636 4019 Ervigit
2668 3966 2786 4001 cum
2813 3948 3084 4019 juratioue
3116 3946 3356 3998 Watnba:
3386 3946 3638 4011 subjecit.

2059 4026 2250 4079 Filium
2305 4038 2460 4077 suum
2511 4018 2829 4075 thizanem
2883 4018 3178 4086 principem
3235 4032 3414 4069 secuti
3473 4028 3641 4083 regno

2055 4098 2327 4166 praefecit.
2348 4093 2537 4145 Toleto
2570 4095 2795 4143 decessu
2828 4094 2925 4143 sub
2958 4092 3185 4166 imperio
3219 4087 3427 4165 Leonis.

2128 4164 2216 4217 53.
2264 4163 2458 4216 Witiza
2509 4172 2746 4229 rtgnavu
2789 4174 2912 4212 ann.
2970 4154 3257 4212 x.'Toleto
3285 4159 3446 4209 vitam
3476 4154 3644 4209 ﬁnivit

2057 4238 2157 4291 sub
2186 4234 2408 4299 imperio
2436 4233 2653 4285 Tiberii.

2130 4305 2218 4359 54.
2252 4298 2551 4358 Rudericus
2580 4301 2818 4369 regnavit
2848 4314 2973 4354 ann.
3004 4314 3077 4352 ιιι.
3112 4298 3526 4369 Istiustempore
3552 4312 3641 4349 era

2059 4376 2185 4441 752,
2221 4376 2487 4430 Fartnalio
2519 4368 2673 4427 terra:
2705 4370 2957 4425 Saraceni
2989 4372 3195 4423 evocati
3242 4368 3520 4435 Hispanias
3546 4382 3649 4441 oc-_-

2063 4437 2410 4516 cupaverunt,
2455 4457 2783 4512 regnumque
2830 4441 3125 4516 Gothorum
3172 4437 3643 4516 ceperunt;qnml

1989 4531 2041 4591 1)
2064 4507 2237 4591 adhuc
2269 4507 2434 4591 usque
2447 4507 2541 4591 exi
2558 4507 2712 4582 parte
2748 4512 3085 4591 pertinaciter
3113 4507 3425 4591 possident;
3444 4514 3497 4558 et
3521 4520 3644 4591 enim

2065 4576 2380 4643 Christianis
2428 4586 2513 4639 die
2558 4576 2824 4651 noctuque
2874 4582 3008 4633 bella
3058 4580 3279 4651 ineunt,
3310 4586 3363 4628 et
3409 4576 3648 4651 quotidie

2064 4662 2380 4727 confligunt,
2410 4658 2534 4710 dum
2584 4646 3006 4727 prtedestination
3032 4664 3209 4727 usque
3230 4647 3405 4727 divina
3455 4646 3651 4727 dehinc

2064 4746 2160 4784 eos
2188 4717 2384 4795 eipclli
2416 4717 2705 4782 erudeiiter
2732 4724 2936 4790 jubeat.
2972 4717 3468 4795 che5_(_}t_ithor_utn
3496 4717 3650 4768 defe—

2064 4787 2276 4855 cerunt:
2322 4804 2455 4853 bunt
2501 4795 2621 4865 (sic)
2675 4787 2775 4845 sub
2820 4808 2938 4865 uno_
2968 4787 3093 4843 auti.
3327 4788 3539 4865 elarico
3571 4802 3655 4839 re-

2065 4884 2261 4941 gnante
2306 4870 2374 4923 ab
2421 4857 2518 4921 era'
2556 4857 2680 4927 301,
2717 4861 2953 4941 ingressi
2983 4859 3291 4941 sintit_Gottii
3335 4860 3386 4911 in
3424 4857 3650 4941 Italiam.

2066 4927 2191 4995 il’nst
2216 4942 2372 5007 hujus
2400 4952 2568 4990 annos
2598 4948 2751 5002 reges
2778 4927 2971 5007 ‘69iili-
2990 4930 3213 5007 Gaiiiam
3252 4927 3481 5007 ingressi
3506 4938 3651 4979 sunt.

2075 5015 2226 5081 191
2262 4998 2387 5064 [sust
2418 5020 2621 5074 septem
2653 4998 3656 5081 annos.Gotliinil‘ispaniatn.migrave-

2069 5067 2299 5135 ιῗιῖἶιτιιι
2331 5094 2419 5132 era
2455 5067 2505 5130 o'.
2539 5092 2608 5129 ιχ.
2638 5090 2759 5129 va.
2788 5070 2977 5138 (forte,
3010 5070 3135 5131 855)
3164 5068 3404 5140 regnavit
3434 5067 3656 5123 Carolus

2068 5152 2394 5207 Francorum
2430 5164 2545 5216 rex,
2579 5156 2631 5201 et
2663 5143 2917 5215 patricius
2948 5145 3152 5196 ιιυωειι.
