  <div class='ocr_page' id='page_1' title='image "/cluster/home/n/w/nwhite01/storage/ocr_20150623/83/hvd.32044054758875/569.png"; bbox 0 0 4084 6160; ppageno 0'>
   <div class='ocr_carea' id='block_1_1' title="bbox 456 279 590 336">
    <p class='ocr_par' dir='ltr' id='par_1_1' title="bbox 456 279 590 336">
     <span class='ocr_line' id='line_1_1' title="bbox 456 279 590 336; baseline -0.022 0"><span class='ocrx_word' id='word_1_1' title='bbox 456 279 590 336; x_wconf 71' lang='lat'><strong>“‘27</strong></span> 
     </span>
    </p>
   </div>
   <div class='ocr_carea' id='block_1_2' title="bbox 1210 279 2909 341">
    <p class='ocr_par' dir='ltr' id='par_1_2' title="bbox 1210 279 2909 341">
     <span class='ocr_line' id='line_1_2' title="bbox 1210 279 2909 341; baseline 0.004 -7"><span class='ocrx_word' id='word_1_2' title='bbox 1210 281 1296 334; x_wconf 78' lang='lat' dir='ltr'><strong>AD</strong></span> <span class='ocrx_word' id='word_1_3' title='bbox 1336 281 1393 335; x_wconf 92' lang='lat' dir='ltr'><strong>S.</strong></span> <span class='ocrx_word' id='word_1_4' title='bbox 1433 279 1677 336; x_wconf 71' lang='lat' dir='ltr'><strong>ISIDORI</strong></span> <span class='ocrx_word' id='word_1_5' title='bbox 1720 279 2157 336; x_wconf 81' lang='lat' dir='ltr'><strong>lllSPALENSlS</strong></span> <span class='ocrx_word' id='word_1_6' title='bbox 2197 280 2423 336; x_wconf 71' lang='lat' dir='ltr'><strong>OPERA</strong></span> <span class='ocrx_word' id='word_1_7' title='bbox 2464 283 2909 341; x_wconf 72' lang='lat' dir='ltr'><strong>API’ENDICES.</strong></span> 
     </span>
    </p>
   </div>
   <div class='ocr_carea' id='block_1_3' title="bbox 3585 273 3720 346">
    <p class='ocr_par' dir='ltr' id='par_1_3' title="bbox 3585 273 3720 346">
     <span class='ocr_line' id='line_1_3' title="bbox 3585 273 3720 346; baseline 0 0"><span class='ocrx_word' id='word_1_8' title='bbox 3585 273 3720 346; x_wconf 61' lang='lat' dir='ltr'><strong>iter;</strong></span> 
     </span>
    </p>
   </div>
   <div class='ocr_carea' id='block_1_4' title="bbox 453 393 3710 466">
    <p class='ocr_par' dir='ltr' id='par_1_4' title="bbox 453 393 3710 466">
     <span class='ocr_line' id='line_1_4' title="bbox 453 393 3710 466; baseline 0.002 -16"><span class='ocrx_word' id='word_1_9' title='bbox 453 414 573 460; x_wconf 68' lang='lat' dir='ltr'><strong>quae</strong></span> <span class='ocrx_word' id='word_1_10' title='bbox 603 399 654 451; x_wconf 89' lang='lat' dir='ltr'><strong>in</strong></span> <span class='ocrx_word' id='word_1_11' title='bbox 687 397 903 453; x_wconf 85' lang='lat' dir='ltr'><strong>homine</strong></span> <span class='ocrx_word' id='word_1_12' title='bbox 921 397 1104 466; x_wconf 79' lang='lat' dir='ltr'><strong>gessit,</strong></span> <span class='ocrx_word' id='word_1_13' title='bbox 1130 395 1342 449; x_wconf 79' lang='lat' dir='ltr'><strong>divitias</strong></span> <span class='ocrx_word' id='word_1_14' title='bbox 1368 395 1552 462; x_wconf 69' lang='lat' dir='ltr'><strong>gloriae</strong></span> <span class='ocrx_word' id='word_1_15' title='bbox 1574 394 1819 462; x_wconf 80' lang='lat' dir='ltr'><strong>perfecit.</strong></span> <span class='ocrx_word' id='word_1_16' title='bbox 1848 394 2026 449; x_wconf 72' lang='lat' dir='ltr'><strong>Plente</strong></span> <span class='ocrx_word' id='word_1_17' title='bbox 2057 393 2105 450; x_wconf 83' lang='grc' dir='ltr'><strong>Α</strong></span> <span class='ocrx_word' id='word_1_18' title='bbox 2133 393 2380 466; x_wconf 68' lang='lat' dir='ltr'><strong>doctores</strong></span> <span class='ocrx_word' id='word_1_19' title='bbox 2401 439 2414 457; x_wconf 89' lang='lat'><strong>,</strong></span> <span class='ocrx_word' id='word_1_20' title='bbox 2469 394 2522 447; x_wconf 92' lang='lat' dir='ltr'><strong>in</strong></span> <span class='ocrx_word' id='word_1_21' title='bbox 2575 396 2815 464; x_wconf 80' lang='lat' dir='ltr'><strong>gemellis</strong></span> <span class='ocrx_word' id='word_1_22' title='bbox 2869 395 3066 452; x_wconf 78' lang='lat' dir='ltr'><strong>fetibus</strong></span> <span class='ocrx_word' id='word_1_23' title='bbox 3119 407 3382 466; x_wconf 79' lang='lat' dir='ltr'><strong>praecepta</strong></span> <span class='ocrx_word' id='word_1_24' title='bbox 3435 403 3710 458; x_wconf 68' lang='lat' dir='ltr'><strong>cltaritatis</strong></span> 
     </span>
    </p>
   </div>
   <div class='ocr_carea' id='block_1_5' title="bbox 454 467 2026 538">
    <p class='ocr_par' dir='ltr' id='par_1_5' title="bbox 454 467 2026 538">
     <span class='ocr_line' id='line_1_5' title="bbox 454 467 2026 538; baseline -0.001 -16"><span class='ocrx_word' id='word_1_25' title='bbox 454 468 772 538; x_wconf 82' lang='lat' dir='ltr'><strong>hyacinthis,</strong></span> <span class='ocrx_word' id='word_1_26' title='bbox 788 470 908 536; x_wconf 89' lang='lat' dir='ltr'><strong>quia</strong></span> <span class='ocrx_word' id='word_1_27' title='bbox 927 467 990 520; x_wconf 87' lang='lat' dir='ltr'><strong>ad</strong></span> <span class='ocrx_word' id='word_1_28' title='bbox 1013 480 1161 538; x_wconf 81' lang='lat' dir='ltr'><strong>Spem</strong></span> <span class='ocrx_word' id='word_1_29' title='bbox 1186 481 1281 518; x_wconf 88' lang='lat' dir='ltr'><strong>nos</strong></span> <span class='ocrx_word' id='word_1_30' title='bbox 1299 467 1590 538; x_wconf 65' lang='lat' dir='ltr'><strong>(&#39;(elestium</strong></span> <span class='ocrx_word' id='word_1_31' title='bbox 1609 475 1767 538; x_wconf 84' lang='lat' dir='ltr'><strong>atque</strong></span> <span class='ocrx_word' id='word_1_32' title='bbox 1787 481 2026 521; x_wconf 88' lang='lat' dir='ltr'><strong>amorem</strong></span> 
     </span>
    </p>
   </div>
   <div class='ocr_carea' id='block_1_6' title="bbox 452 537 2024 605">
    <p class='ocr_par' dir='ltr' id='par_1_6' title="bbox 452 537 2024 605">
     <span class='ocr_line' id='line_1_6' title="bbox 452 537 2024 605; baseline -0.002 -12"><span class='ocrx_word' id='word_1_33' title='bbox 452 537 691 594; x_wconf 63' lang='lat' dir='ltr'><strong>excitant</strong></span> <span class='ocrx_word' id='word_1_34' title='bbox 713 580 728 601; x_wconf 94' lang='lat'><strong>,</strong></span> <span class='ocrx_word' id='word_1_35' title='bbox 760 539 882 604; x_wconf 84' lang='lat' dir='ltr'><strong>quia</strong></span> <span class='ocrx_word' id='word_1_36' title='bbox 925 537 1237 605; x_wconf 79' lang='lat' dir='ltr'><strong>hyacinthus</strong></span> <span class='ocrx_word' id='word_1_37' title='bbox 1279 537 1427 589; x_wconf 87' lang='lat' dir='ltr'><strong>aurei</strong></span> <span class='ocrx_word' id='word_1_38' title='bbox 1463 537 1654 589; x_wconf 85' lang='lat' dir='ltr'><strong>coloris</strong></span> <span class='ocrx_word' id='word_1_39' title='bbox 1683 551 1888 603; x_wconf 83' lang='lat' dir='ltr'><strong>gemina</strong></span> <span class='ocrx_word' id='word_1_40' title='bbox 1923 546 2024 590; x_wconf 91' lang='lat' dir='ltr'><strong>est.</strong></span> 
     </span>
    </p>
   </div>
   <div class='ocr_carea' id='block_1_7' title="bbox 528 606 2026 678">
    <p class='ocr_par' dir='ltr' id='par_1_7' title="bbox 528 606 2026 678">
     <span class='ocr_line' id='line_1_7' title="bbox 528 606 2026 678; baseline -0.001 -17"><span class='ocrx_word' id='word_1_41' title='bbox 528 611 615 665; x_wconf 83' lang='lat'><strong>18.</strong></span> <span class='ocrx_word' id='word_1_42' title='bbox 653 607 834 678; x_wconf 74' lang='lat' dir='ltr'><strong>Venter</strong></span> <span class='ocrx_word' id='word_1_43' title='bbox 855 612 964 678; x_wconf 76' lang='lat' dir='ltr'><strong>ejus</strong></span> <span class='ocrx_word' id='word_1_44' title='bbox 995 608 1258 678; x_wconf 77' lang='lat' dir='ltr'><strong>eburneus.</strong></span> <span class='ocrx_word' id='word_1_45' title='bbox 1289 608 1558 678; x_wconf 82' lang='lat' dir='ltr'><strong>distinctus</strong></span> <span class='ocrx_word' id='word_1_46' title='bbox 1581 606 1862 678; x_wconf 82' lang='lat' dir='ltr'><strong>sapphiris.</strong></span> <span class='ocrx_word' id='word_1_47' title='bbox 1884 606 2026 661; x_wconf 79' lang='lat' dir='ltr'><strong>Vett-</strong></span> 
     </span>
    </p>
   </div>
   <div class='ocr_carea' id='block_1_8' title="bbox 452 677 2021 744">
    <p class='ocr_par' dir='ltr' id='par_1_8' title="bbox 452 677 2021 744">
     <span class='ocr_line' id='line_1_8' title="bbox 452 677 2021 744; baseline -0.001 -12"><span class='ocrx_word' id='word_1_48' title='bbox 452 691 536 733; x_wconf 89' lang='lat' dir='ltr'><strong>ter</strong></span> <span class='ocrx_word' id='word_1_49' title='bbox 589 677 764 731; x_wconf 68' lang='lat' dir='ltr'><strong>dilecti</strong></span> <span class='ocrx_word' id='word_1_50' title='bbox 820 677 1155 744; x_wconf 75' lang='lat' dir='ltr'><strong>fragilitatem</strong></span> <span class='ocrx_word' id='word_1_51' title='bbox 1205 677 1544 730; x_wconf 78' lang='lat' dir='ltr'><strong>humanitatis</strong></span> <span class='ocrx_word' id='word_1_52' title='bbox 1585 677 1699 742; x_wconf 82' lang='lat' dir='ltr'><strong>ejus</strong></span> <span class='ocrx_word' id='word_1_53' title='bbox 1746 677 2021 744; x_wconf 77' lang='lat' dir='ltr'><strong>designat,</strong></span> 
     </span>
    </p>
   </div>
   <div class='ocr_carea' id='block_1_9' title="bbox 449 747 2026 818">
    <p class='ocr_par' dir='ltr' id='par_1_9' title="bbox 449 747 2026 818">
     <span class='ocr_line' id='line_1_9' title="bbox 449 747 2026 818; baseline -0.001 -16"><span class='ocrx_word' id='word_1_54' title='bbox 449 753 716 802; x_wconf 80' lang='lat' dir='ltr'><strong>eburneus</strong></span> <span class='ocrx_word' id='word_1_55' title='bbox 741 751 985 800; x_wconf 83' lang='lat' dir='ltr'><strong>decorem</strong></span> <span class='ocrx_word' id='word_1_56' title='bbox 1009 750 1284 800; x_wconf 74' lang='lat' dir='ltr'><strong>castitatis.</strong></span> <span class='ocrx_word' id='word_1_57' title='bbox 1303 747 1593 815; x_wconf 88' lang='lat' dir='ltr'><strong>Sapphirus</strong></span> <span class='ocrx_word' id='word_1_58' title='bbox 1611 749 1766 818; x_wconf 76' lang='lat'><strong>201</strong></span> <span class='ocrx_word' id='word_1_59' title='bbox 1783 747 2026 802; x_wconf 87' lang='lat' dir='ltr'><strong>sublimi-</strong></span> 
     </span>
    </p>
   </div>
   <div class='ocr_carea' id='block_1_10' title="bbox 451 819 2025 887">
    <p class='ocr_par' dir='ltr' id='par_1_10' title="bbox 451 819 2025 887">
     <span class='ocr_line' id='line_1_10' title="bbox 451 819 2025 887; baseline 0 -14"><span class='ocrx_word' id='word_1_60' title='bbox 451 829 530 873; x_wconf 83' lang='lat' dir='ltr'><strong>tas</strong></span> <span class='ocrx_word' id='word_1_61' title='bbox 551 831 626 871; x_wconf 87' lang='lat' dir='ltr'><strong>est</strong></span> <span class='ocrx_word' id='word_1_62' title='bbox 657 820 956 872; x_wconf 58' lang='lat' dir='ltr'><strong>caelestium</strong></span> <span class='ocrx_word' id='word_1_63' title='bbox 981 821 1255 871; x_wconf 86' lang='lat' dir='ltr'><strong>virtutum.</strong></span> <span class='ocrx_word' id='word_1_64' title='bbox 1278 820 1563 871; x_wconf 88' lang='lat' dir='ltr'><strong>Distinctns</strong></span> <span class='ocrx_word' id='word_1_65' title='bbox 1585 819 1870 884; x_wconf 70' lang='lat' dir='ltr'><strong>sappttiris.</strong></span> <span class='ocrx_word' id='word_1_66' title='bbox 1901 819 2025 887; x_wconf 85' lang='lat' dir='ltr'><strong>quia</strong></span> 
     </span>
    </p>
   </div>
   <div class='ocr_carea' id='block_1_11' title="bbox 448 889 2025 959">
    <p class='ocr_par' dir='ltr' id='par_1_11' title="bbox 448 889 2025 959">
     <span class='ocr_line' id='line_1_11' title="bbox 448 889 2025 959; baseline 0.002 -19"><span class='ocrx_word' id='word_1_67' title='bbox 448 892 641 959; x_wconf 83' lang='lat' dir='ltr'><strong>partim</strong></span> <span class='ocrx_word' id='word_1_68' title='bbox 676 890 901 941; x_wconf 89' lang='lat' dir='ltr'><strong>humana</strong></span> <span class='ocrx_word' id='word_1_69' title='bbox 936 889 1188 956; x_wconf 80' lang='lat' dir='ltr'><strong>fragilitas</strong></span> <span class='ocrx_word' id='word_1_70' title='bbox 1233 891 1407 942; x_wconf 86' lang='lat' dir='ltr'><strong>esurie</strong></span> <span class='ocrx_word' id='word_1_71' title='bbox 1433 933 1446 951; x_wconf 92' lang='lat'><strong>,</strong></span> <span class='ocrx_word' id='word_1_72' title='bbox 1494 891 1808 959; x_wconf 84' lang='lat' dir='ltr'><strong>tentatione,</strong></span> <span class='ocrx_word' id='word_1_73' title='bbox 1842 889 2025 958; x_wconf 78' lang='lat' dir='ltr'><strong>fatiga-</strong></span> 
     </span>
    </p>
   </div>
   <div class='ocr_carea' id='block_1_12' title="bbox 454 958 2024 1027">
    <p class='ocr_par' dir='ltr' id='par_1_12' title="bbox 454 958 2024 1027">
     <span class='ocr_line' id='line_1_12' title="bbox 454 958 2024 1027; baseline 0.001 -14"><span class='ocrx_word' id='word_1_74' title='bbox 454 958 617 1020; x_wconf 86' lang='lat' dir='ltr'><strong>tione,</strong></span> <span class='ocrx_word' id='word_1_75' title='bbox 649 969 839 1024; x_wconf 87' lang='lat' dir='ltr'><strong>morte,</strong></span> <span class='ocrx_word' id='word_1_76' title='bbox 871 971 1059 1027; x_wconf 84' lang='lat' dir='ltr'><strong>partim</strong></span> <span class='ocrx_word' id='word_1_77' title='bbox 1088 960 1262 1012; x_wconf 88' lang='lat' dir='ltr'><strong>divina</strong></span> <span class='ocrx_word' id='word_1_78' title='bbox 1307 958 1572 1013; x_wconf 80' lang='lat' dir='ltr'><strong>celsitudo</strong></span> <span class='ocrx_word' id='word_1_79' title='bbox 1604 959 1907 1023; x_wconf 87' lang='lat' dir='ltr'><strong>miraculis,</strong></span> <span class='ocrx_word' id='word_1_80' title='bbox 1941 975 2024 1015; x_wconf 86' lang='lat' dir='ltr'><strong>re-</strong></span> 
     </span>
    </p>
   </div>
   <div class='ocr_carea' id='block_1_13' title="bbox 448 1030 1773 1098">
    <p class='ocr_par' dir='ltr' id='par_1_13' title="bbox 448 1030 1773 1098">
     <span class='ocr_line' id='line_1_13' title="bbox 448 1030 1773 1098; baseline 0 -14"><span class='ocrx_word' id='word_1_81' title='bbox 448 1031 780 1084; x_wconf 79' lang='lat' dir='ltr'><strong>sttrrectinne</strong></span> <span class='ocrx_word' id='word_1_82' title='bbox 807 1041 861 1082; x_wconf 89' lang='lat' dir='ltr'><strong>et.</strong></span> <span class='ocrx_word' id='word_1_83' title='bbox 886 1031 1198 1084; x_wconf 77' lang='lat' dir='ltr'><strong>ascensione</strong></span> <span class='ocrx_word' id='word_1_84' title='bbox 1229 1030 1773 1098; x_wconf 57' lang='lat' dir='ltr'><strong>glorizecinielligittir.</strong></span> 
     </span>
    </p>
   </div>
   <div class='ocr_carea' id='block_1_14' title="bbox 521 1100 2024 1167">
    <p class='ocr_par' dir='ltr' id='par_1_14' title="bbox 521 1100 2024 1167">
     <span class='ocr_line' id='line_1_14' title="bbox 521 1100 2024 1167; baseline 0 -12"><span class='ocrx_word' id='word_1_85' title='bbox 521 1103 606 1155; x_wconf 81' lang='grc'><strong>19.</strong></span> <span class='ocrx_word' id='word_1_86' title='bbox 649 1100 812 1154; x_wconf 84' lang='lat' dir='ltr'><strong>Crura</strong></span> <span class='ocrx_word' id='word_1_87' title='bbox 839 1100 980 1153; x_wconf 85' lang='lat' dir='ltr'><strong>illius</strong></span> <span class='ocrx_word' id='word_1_88' title='bbox 1011 1100 1258 1153; x_wconf 71' lang='lat' dir='ltr'><strong>columnae</strong></span> <span class='ocrx_word' id='word_1_89' title='bbox 1289 1116 1618 1162; x_wconf 71' lang='lat' dir='ltr'><strong>marmoreae,</strong></span> <span class='ocrx_word' id='word_1_90' title='bbox 1651 1115 1765 1167; x_wconf 67' lang='lat' dir='ltr'><strong>quin</strong></span> <span class='ocrx_word' id='word_1_91' title='bbox 1795 1101 2024 1167; x_wconf 73' lang='lat' dir='ltr'><strong>fundatae</strong></span> 
     </span>
    </p>
   </div>
   <div class='ocr_carea' id='block_1_15' title="bbox 448 1171 2024 1234">
    <p class='ocr_par' dir='ltr' id='par_1_15' title="bbox 448 1171 2024 1234">
     <span class='ocr_line' id='line_1_15' title="bbox 448 1171 2024 1234; baseline -0.001 -7"><span class='ocrx_word' id='word_1_92' title='bbox 448 1182 566 1227; x_wconf 80' lang='lat' dir='ltr'><strong>sunt</strong></span> <span class='ocrx_word' id='word_1_93' title='bbox 588 1188 743 1234; x_wconf 81' lang='lat' dir='ltr'><strong>super</strong></span> <span class='ocrx_word' id='word_1_94' title='bbox 763 1173 903 1224; x_wconf 80' lang='lat' dir='ltr'><strong>bases</strong></span> <span class='ocrx_word' id='word_1_95' title='bbox 935 1188 1139 1224; x_wconf 77' lang='lat' dir='ltr'><strong>aureas.</strong></span> <span class='ocrx_word' id='word_1_96' title='bbox 1163 1172 1390 1224; x_wconf 73' lang='lat' dir='ltr'><strong>(lrnrum</strong></span> <span class='ocrx_word' id='word_1_97' title='bbox 1439 1171 1696 1225; x_wconf 84' lang='lat' dir='ltr'><strong>vocabulo</strong></span> <span class='ocrx_word' id='word_1_98' title='bbox 1728 1172 1914 1225; x_wconf 84' lang='lat' dir='ltr'><strong>itinera</strong></span> <span class='ocrx_word' id='word_1_99' title='bbox 1944 1174 2024 1226; x_wconf 87' lang='lat' dir='ltr'><strong>in-</strong></span> 
     </span>
    </p>
   </div>
   <div class='ocr_carea' id='block_1_16' title="bbox 448 1241 2022 1311">
    <p class='ocr_par' dir='ltr' id='par_1_16' title="bbox 448 1241 2022 1311">
     <span class='ocr_line' id='line_1_16' title="bbox 448 1241 2022 1311; baseline 0.001 -16"><span class='ocrx_word' id='word_1_100' title='bbox 448 1243 775 1296; x_wconf 86' lang='lat' dir='ltr'><strong>carnationis</strong></span> <span class='ocrx_word' id='word_1_101' title='bbox 805 1243 1003 1295; x_wconf 64' lang='lat' dir='ltr'><strong>Christi</strong></span> <span class='ocrx_word' id='word_1_102' title='bbox 1034 1241 1388 1306; x_wconf 79' lang='lat' dir='ltr'><strong>insinuantur,</strong></span> <span class='ocrx_word' id='word_1_103' title='bbox 1421 1257 1541 1311; x_wconf 45' lang='lat' dir='ltr'><strong>quae</strong></span> <span class='ocrx_word' id='word_1_104' title='bbox 1571 1242 1834 1296; x_wconf 87' lang='lat' dir='ltr'><strong>columnis</strong></span> <span class='ocrx_word' id='word_1_105' title='bbox 1877 1259 2022 1296; x_wconf 85' lang='lat' dir='ltr'><strong>mar-</strong></span> 
     </span>
    </p>
   </div>
   <div class='ocr_carea' id='block_1_17' title="bbox 448 1311 2022 1380">
    <p class='ocr_par' dir='ltr' id='par_1_17' title="bbox 448 1311 2022 1380">
     <span class='ocr_line' id='line_1_17' title="bbox 448 1311 2022 1380; baseline 0 -14"><span class='ocrx_word' id='word_1_106' title='bbox 448 1316 646 1367; x_wconf 85' lang='lat' dir='ltr'><strong>moreis</strong></span> <span class='ocrx_word' id='word_1_107' title='bbox 689 1323 901 1380; x_wconf 77' lang='lat' dir='ltr'><strong>propter</strong></span> <span class='ocrx_word' id='word_1_108' title='bbox 942 1312 1244 1365; x_wconf 81' lang='lat' dir='ltr'><strong>ﬁrmitatem</strong></span> <span class='ocrx_word' id='word_1_109' title='bbox 1283 1324 1338 1365; x_wconf 92' lang='lat' dir='ltr'><strong>et</strong></span> <span class='ocrx_word' id='word_1_110' title='bbox 1376 1311 1748 1365; x_wconf 89' lang='lat' dir='ltr'><strong>rectitudinem</strong></span> <span class='ocrx_word' id='word_1_111' title='bbox 1804 1327 2022 1380; x_wconf 85' lang='lat' dir='ltr'><strong>compa-</strong></span> 
     </span>
    </p>
   </div>
   <div class='ocr_carea' id='block_1_18' title="bbox 446 1382 2020 1451">
    <p class='ocr_par' dir='ltr' id='par_1_18' title="bbox 446 1382 2020 1451">
     <span class='ocr_line' id='line_1_18' title="bbox 446 1382 2020 1451; baseline -0.001 -13"><span class='ocrx_word' id='word_1_112' title='bbox 446 1393 653 1439; x_wconf 89' lang='lat' dir='ltr'><strong>rantur.</strong></span> <span class='ocrx_word' id='word_1_113' title='bbox 694 1383 947 1438; x_wconf 64' lang='lat' dir='ltr'><strong>Fundatae</strong></span> <span class='ocrx_word' id='word_1_114' title='bbox 977 1399 1138 1451; x_wconf 84' lang='lat' dir='ltr'><strong>super</strong></span> <span class='ocrx_word' id='word_1_115' title='bbox 1169 1382 1324 1435; x_wconf 83' lang='lat' dir='ltr'><strong>bases</strong></span> <span class='ocrx_word' id='word_1_116' title='bbox 1353 1396 1578 1448; x_wconf 89' lang='lat' dir='ltr'><strong>aureas,</strong></span> <span class='ocrx_word' id='word_1_117' title='bbox 1612 1383 1731 1450; x_wconf 84' lang='lat' dir='ltr'><strong>quia</strong></span> <span class='ocrx_word' id='word_1_118' title='bbox 1764 1384 2020 1450; x_wconf 87' lang='lat' dir='ltr'><strong>quidquid</strong></span> 
     </span>
    </p>
   </div>
   <div class='ocr_carea' id='block_1_19' title="bbox 445 1451 2022 1522">
    <p class='ocr_par' dir='ltr' id='par_1_19' title="bbox 445 1451 2022 1522">
     <span class='ocr_line' id='line_1_19' title="bbox 445 1451 2022 1522; baseline -0.001 -14"><span class='ocrx_word' id='word_1_119' title='bbox 445 1454 515 1510; x_wconf 86' lang='lat' dir='ltr'><strong>de</strong></span> <span class='ocrx_word' id='word_1_120' title='bbox 551 1470 617 1509; x_wconf 86' lang='lat' dir='ltr'><strong>eo</strong></span> <span class='ocrx_word' id='word_1_121' title='bbox 648 1456 729 1509; x_wconf 85' lang='lat' dir='ltr'><strong>vel</strong></span> <span class='ocrx_word' id='word_1_122' title='bbox 760 1470 852 1521; x_wconf 86' lang='lat' dir='ltr'><strong>per</strong></span> <span class='ocrx_word' id='word_1_123' title='bbox 877 1468 998 1506; x_wconf 90' lang='lat' dir='ltr'><strong>eum</strong></span> <span class='ocrx_word' id='word_1_124' title='bbox 1027 1464 1230 1519; x_wconf 76' lang='lat' dir='ltr'><strong>gestuin</strong></span> <span class='ocrx_word' id='word_1_125' title='bbox 1260 1463 1378 1517; x_wconf 86' lang='lat' dir='ltr'><strong>est,</strong></span> <span class='ocrx_word' id='word_1_126' title='bbox 1411 1455 1586 1504; x_wconf 88' lang='lat' dir='ltr'><strong>omnia</strong></span> <span class='ocrx_word' id='word_1_127' title='bbox 1617 1451 1809 1505; x_wconf 70' lang='lat' dir='ltr'><strong>divinae</strong></span> <span class='ocrx_word' id='word_1_128' title='bbox 1827 1457 2022 1522; x_wconf 72' lang='lat' dir='ltr'><strong>provi-</strong></span> 
     </span>
    </p>
   </div>
   <div class='ocr_carea' id='block_1_20' title="bbox 446 1523 2015 1590">
    <p class='ocr_par' dir='ltr' id='par_1_20' title="bbox 446 1523 2015 1590">
     <span class='ocr_line' id='line_1_20' title="bbox 446 1523 2015 1590; baseline -0.003 -10"><span class='ocrx_word' id='word_1_129' title='bbox 446 1527 615 1590; x_wconf 79' lang='lat' dir='ltr'><strong>sionis</strong></span> <span class='ocrx_word' id='word_1_130' title='bbox 639 1526 864 1579; x_wconf 87' lang='lat' dir='ltr'><strong>consilio</strong></span> <span class='ocrx_word' id='word_1_131' title='bbox 889 1532 1012 1576; x_wconf 87' lang='lat' dir='ltr'><strong>ante</strong></span> <span class='ocrx_word' id='word_1_132' title='bbox 1039 1535 1274 1584; x_wconf 80' lang='lat' dir='ltr'><strong>tempora</strong></span> <span class='ocrx_word' id='word_1_133' title='bbox 1299 1525 1570 1576; x_wconf 71' lang='lat' dir='ltr'><strong>smcnlaria</strong></span> <span class='ocrx_word' id='word_1_134' title='bbox 1596 1523 1852 1590; x_wconf 86' lang='lat' dir='ltr'><strong>disposita</strong></span> <span class='ocrx_word' id='word_1_135' title='bbox 1875 1536 2015 1578; x_wconf 90' lang='lat' dir='ltr'><strong>sunt.</strong></span> 
     </span>
    </p>
   </div>
   <div class='ocr_carea' id='block_1_21' title="bbox 514 1586 2022 1668">
    <p class='ocr_par' dir='ltr' id='par_1_21' title="bbox 514 1586 2022 1668">
     <span class='ocr_line' id='line_1_21' title="bbox 514 1586 2022 1668; baseline 0.002 -20"><span class='ocrx_word' id='word_1_136' title='bbox 514 1586 604 1650; x_wconf 58' lang='lat' dir='ltr'><strong>id.</strong></span> <span class='ocrx_word' id='word_1_137' title='bbox 650 1595 854 1668; x_wconf 59' lang='lat' dir='ltr'><strong>Species</strong></span> <span class='ocrx_word' id='word_1_138' title='bbox 891 1597 1036 1668; x_wconf 78' lang='lat' dir='ltr'><strong>ejus,</strong></span> <span class='ocrx_word' id='word_1_139' title='bbox 1077 1605 1133 1645; x_wconf 82' lang='lat' dir='ltr'><strong>ut</strong></span> <span class='ocrx_word' id='word_1_140' title='bbox 1175 1586 1729 1668; x_wconf 19' lang='lat' dir='ltr'><strong>Lib_ani.»electus,‘ut</strong></span> <span class='ocrx_word' id='word_1_141' title='bbox 1758 1596 1920 1649; x_wconf 85' lang='lat' dir='ltr'><strong>cedri.</strong></span> <span class='ocrx_word' id='word_1_142' title='bbox 1957 1597 2022 1651; x_wconf 87' lang='lat' dir='ltr'><strong>Ut</strong></span> 
     </span>
    </p>
   </div>
   <div class='ocr_carea' id='block_1_22' title="bbox 445 1663 2017 1733">
    <p class='ocr_par' dir='ltr' id='par_1_22' title="bbox 445 1663 2017 1733">
     <span class='ocr_line' id='line_1_22' title="bbox 445 1663 2017 1733; baseline -0.001 -12"><span class='ocrx_word' id='word_1_143' title='bbox 445 1663 1029 1721; x_wconf 68' lang='lat' dir='ltr'><strong>Libannscelsitudine</strong></span> <span class='ocrx_word' id='word_1_144' title='bbox 1057 1675 1109 1717; x_wconf 91' lang='lat' dir='ltr'><strong>et</strong></span> <span class='ocrx_word' id='word_1_145' title='bbox 1139 1663 1309 1733; x_wconf 86' lang='lat' dir='ltr'><strong>gratia</strong></span> <span class='ocrx_word' id='word_1_146' title='bbox 1339 1666 1590 1716; x_wconf 83' lang='lat' dir='ltr'><strong>arbomm</strong></span> <span class='ocrx_word' id='word_1_147' title='bbox 1619 1663 1754 1716; x_wconf 86' lang='lat' dir='ltr'><strong>alios</strong></span> <span class='ocrx_word' id='word_1_148' title='bbox 1787 1674 2017 1730; x_wconf 79' lang='lat' dir='ltr'><strong>montes,</strong></span> 
     </span>
    </p>
   </div>
   <div class='ocr_carea' id='block_1_23' title="bbox 441 1733 2021 1791">
    <p class='ocr_par' dir='ltr' id='par_1_23' title="bbox 441 1733 2021 1791">
     <span class='ocr_line' id='line_1_23' title="bbox 441 1733 2021 1791; baseline -0.001 0"><span class='ocrx_word' id='word_1_149' title='bbox 441 1739 524 1791; x_wconf 87' lang='lat' dir='ltr'><strong>sic</strong></span> <span class='ocrx_word' id='word_1_150' title='bbox 555 1737 808 1790; x_wconf 83' lang='lat' dir='ltr'><strong>Dominus</strong></span> <span class='ocrx_word' id='word_1_151' title='bbox 838 1734 1081 1789; x_wconf 87' lang='lat' dir='ltr'><strong>Christus</strong></span> <span class='ocrx_word' id='word_1_152' title='bbox 1107 1751 1296 1790; x_wconf 82' lang='lat' dir='ltr'><strong>omnes</strong></span> <span class='ocrx_word' id='word_1_153' title='bbox 1327 1742 1542 1787; x_wconf 89' lang='lat' dir='ltr'><strong>sanctos</strong></span> <span class='ocrx_word' id='word_1_154' title='bbox 1572 1733 1880 1788; x_wconf 90' lang='lat' dir='ltr'><strong>meritorum</strong></span> <span class='ocrx_word' id='word_1_155' title='bbox 1911 1738 2021 1790; x_wconf 88' lang='lat' dir='ltr'><strong>cel-</strong></span> 
     </span>
    </p>
   </div>
   <div class='ocr_carea' id='block_1_24' title="bbox 443 1804 2022 1872">
    <p class='ocr_par' dir='ltr' id='par_1_24' title="bbox 443 1804 2022 1872">
     <span class='ocr_line' id='line_1_24' title="bbox 443 1804 2022 1872; baseline 0 -12"><span class='ocrx_word' id='word_1_156' title='bbox 443 1808 677 1860; x_wconf 66' lang='lat' dir='ltr'><strong>sittidine</strong></span> <span class='ocrx_word' id='word_1_157' title='bbox 723 1817 778 1859; x_wconf 89' lang='lat' dir='ltr'><strong>et</strong></span> <span class='ocrx_word' id='word_1_158' title='bbox 825 1809 992 1872; x_wconf 72' lang='lat' dir='ltr'><strong>gratia</strong></span> <span class='ocrx_word' id='word_1_159' title='bbox 1042 1805 1293 1858; x_wconf 88' lang='lat' dir='ltr'><strong>virtutum</strong></span> <span class='ocrx_word' id='word_1_160' title='bbox 1341 1804 1629 1857; x_wconf 80' lang='lat' dir='ltr'><strong>antecellit.</strong></span> <span class='ocrx_word' id='word_1_161' title='bbox 1681 1804 1917 1872; x_wconf 76' lang='lat' dir='ltr'><strong>Electus,</strong></span> <span class='ocrx_word' id='word_1_162' title='bbox 1967 1817 2022 1860; x_wconf 88' lang='lat' dir='ltr'><strong>ut</strong></span> 
     </span>
    </p>
   </div>
   <div class='ocr_carea' id='block_1_25' title="bbox 444 1875 2024 1943">
    <p class='ocr_par' dir='ltr' id='par_1_25' title="bbox 444 1875 2024 1943">
     <span class='ocr_line' id='line_1_25' title="bbox 444 1875 2024 1943; baseline 0.001 -13"><span class='ocrx_word' id='word_1_163' title='bbox 444 1879 601 1930; x_wconf 77' lang='lat' dir='ltr'><strong>cedri.</strong></span> <span class='ocrx_word' id='word_1_164' title='bbox 632 1879 780 1932; x_wconf 84' lang='lat' dir='ltr'><strong>Sicut</strong></span> <span class='ocrx_word' id='word_1_165' title='bbox 807 1878 938 1930; x_wconf 85' lang='lat' dir='ltr'><strong>alias</strong></span> <span class='ocrx_word' id='word_1_166' title='bbox 967 1875 1186 1928; x_wconf 84' lang='lat' dir='ltr'><strong>arbores</strong></span> <span class='ocrx_word' id='word_1_167' title='bbox 1206 1917 1219 1937; x_wconf 88' lang='lat'><strong>,</strong></span> <span class='ocrx_word' id='word_1_168' title='bbox 1250 1891 1366 1943; x_wconf 65' lang='lat' dir='ltr'><strong>quae</strong></span> <span class='ocrx_word' id='word_1_169' title='bbox 1394 1875 1445 1928; x_wconf 90' lang='lat' dir='ltr'><strong>iu</strong></span> <span class='ocrx_word' id='word_1_170' title='bbox 1479 1875 1677 1943; x_wconf 83' lang='lat' dir='ltr'><strong>Libano</strong></span> <span class='ocrx_word' id='word_1_171' title='bbox 1708 1890 2024 1943; x_wconf 85' lang='lat' dir='ltr'><strong>nascuntur,</strong></span> 
     </span>
    </p>
   </div>
   <div class='ocr_carea' id='block_1_26' title="bbox 443 1942 2030 2015">
    <p class='ocr_par' dir='ltr' id='par_1_26' title="bbox 443 1942 2030 2015">
     <span class='ocr_line' id='line_1_26' title="bbox 443 1942 2030 2015; baseline 0.001 -15"><span class='ocrx_word' id='word_1_172' title='bbox 443 1949 590 2001; x_wconf 77' lang='lat' dir='ltr'><strong>cedri</strong></span> <span class='ocrx_word' id='word_1_173' title='bbox 641 1958 895 2011; x_wconf 77' lang='lat' dir='ltr'><strong>superant</strong></span> <span class='ocrx_word' id='word_1_174' title='bbox 943 1945 1199 2015; x_wconf 73' lang='lat' dir='ltr'><strong>dignitate</strong></span> <span class='ocrx_word' id='word_1_175' title='bbox 1245 1961 1380 2007; x_wconf 87' lang='lat' dir='ltr'><strong>sua;</strong></span> <span class='ocrx_word' id='word_1_176' title='bbox 1433 1946 1501 1998; x_wconf 85' lang='lat' dir='ltr'><strong>ita</strong></span> <span class='ocrx_word' id='word_1_177' title='bbox 1549 1942 1796 1998; x_wconf 87' lang='lat' dir='ltr'><strong>Christus</strong></span> <span class='ocrx_word' id='word_1_178' title='bbox 1841 1942 2030 2002; x_wconf 81' lang='lat' dir='ltr'><strong>omnes</strong></span> 
     </span>
    </p>
   </div>
   <div class='ocr_carea' id='block_1_27' title="bbox 443 2017 2030 2086">
    <p class='ocr_par' dir='ltr' id='par_1_27' title="bbox 443 2017 2030 2086">
     <span class='ocr_line' id='line_1_27' title="bbox 443 2017 2030 2086; baseline 0.006 -21"><span class='ocrx_word' id='word_1_179' title='bbox 443 2023 532 2086; x_wconf 81' lang='lat' dir='ltr'><strong>qui</strong></span> <span class='ocrx_word' id='word_1_180' title='bbox 569 2020 620 2072; x_wconf 91' lang='lat' dir='ltr'><strong>in</strong></span> <span class='ocrx_word' id='word_1_181' title='bbox 654 2017 889 2073; x_wconf 68' lang='lat' dir='ltr'><strong>Ecclesia</strong></span> <span class='ocrx_word' id='word_1_182' title='bbox 923 2020 986 2069; x_wconf 87' lang='lat' dir='ltr'><strong>ad</strong></span> <span class='ocrx_word' id='word_1_183' title='bbox 1021 2018 1182 2069; x_wconf 89' lang='lat' dir='ltr'><strong>vitam</strong></span> <span class='ocrx_word' id='word_1_184' title='bbox 1229 2029 1520 2069; x_wconf 75' lang='lat' dir='ltr'><strong>nascuntur</strong></span> <span class='ocrx_word' id='word_1_185' title='bbox 1559 2030 1654 2069; x_wconf 87' lang='lat' dir='ltr'><strong>sua</strong></span> <span class='ocrx_word' id='word_1_186' title='bbox 1696 2019 2030 2074; x_wconf 82' lang='lat' dir='ltr'><strong>transcendit</strong></span> 
     </span>
    </p>
   </div>
   <div class='ocr_carea' id='block_1_28' title="bbox 480 2090 624 2142">
    <p class='ocr_par' dir='ltr' id='par_1_28' title="bbox 480 2090 624 2142">
     <span class='ocr_line' id='line_1_28' title="bbox 480 2090 624 2142; baseline 0 -4"><span class='ocrx_word' id='word_1_187' title='bbox 480 2090 624 2142; x_wconf 87' lang='lat' dir='ltr'><strong>Ioria.</strong></span> 
     </span>
    </p>
   </div>
   <div class='ocr_carea' id='block_1_29' title="bbox 443 2105 2025 2227">
    <p class='ocr_par' dir='ltr' id='par_1_29' title="bbox 443 2105 2025 2227">
     <span class='ocr_line' id='line_1_29' title="bbox 480 2105 624 2142; baseline 0 -4"><span class='ocrx_word' id='word_1_188' title='bbox 480 2105 526 2138; x_wconf 76' lang='lat' dir='ltr'>Iﬂ</span> <span class='ocrx_word' id='word_1_189' title='bbox 564 2107 590 2139; x_wconf 80' lang='grc'><strong>1.</strong></span> <span class='ocrx_word' id='word_1_190' title='bbox 614 2130 624 2142; x_wconf 88' lang='grc'><strong>.</strong></span> 
     </span>
     <span class='ocr_line' id='line_1_30' title="bbox 443 2105 2025 2227; baseline 0.001 -16"><span class='ocrx_word' id='word_1_191' title='bbox 443 2105 473 2158; x_wconf 61' lang='lat'>8</span> <span class='ocrx_word' id='word_1_192' title='bbox 513 2105 607 2214; x_wconf 48' lang='grc' dir='ltr'><strong>δὲῃ</strong></span> <span class='ocrx_word' id='word_1_193' title='bbox 642 2157 827 2213; x_wconf 66' lang='lat' dir='ltr'><strong>(luitur</strong></span> <span class='ocrx_word' id='word_1_194' title='bbox 865 2157 1005 2210; x_wconf 86' lang='lat' dir='ltr'><strong>illius</strong></span> <span class='ocrx_word' id='word_1_195' title='bbox 1043 2157 1422 2210; x_wconf 77' lang='lat' dir='ltr'><strong>suavissimum.</strong></span> <span class='ocrx_word' id='word_1_196' title='bbox 1466 2156 1521 2208; x_wconf 90' lang='lat' dir='ltr'><strong>ln</strong></span> <span class='ocrx_word' id='word_1_197' title='bbox 1562 2163 1776 2227; x_wconf 81' lang='lat' dir='ltr'><strong>gutture</strong></span> <span class='ocrx_word' id='word_1_198' title='bbox 1816 2156 2025 2214; x_wconf 89' lang='lat' dir='ltr'><strong>interna</strong></span> 
     </span>
    </p>
   </div>
   <div class='ocr_carea' id='block_1_30' title="bbox 442 2229 2029 2296">
    <p class='ocr_par' dir='ltr' id='par_1_30' title="bbox 442 2229 2029 2296">
     <span class='ocr_line' id='line_1_31' title="bbox 442 2229 2029 2296; baseline 0.002 -16"><span class='ocrx_word' id='word_1_199' title='bbox 442 2231 668 2285; x_wconf 79' lang='lat' dir='ltr'><strong>dulcedo</strong></span> <span class='ocrx_word' id='word_1_200' title='bbox 713 2230 996 2282; x_wconf 80' lang='lat' dir='ltr'><strong>verborum</strong></span> <span class='ocrx_word' id='word_1_201' title='bbox 1048 2229 1189 2282; x_wconf 90' lang='lat' dir='ltr'><strong>illius</strong></span> <span class='ocrx_word' id='word_1_202' title='bbox 1229 2237 1572 2292; x_wconf 86' lang='lat' dir='ltr'><strong>memoratur,</strong></span> <span class='ocrx_word' id='word_1_203' title='bbox 1616 2241 1773 2286; x_wconf 88' lang='lat' dir='ltr'><strong>quam</strong></span> <span class='ocrx_word' id='word_1_204' title='bbox 1815 2229 1904 2296; x_wconf 91' lang='lat' dir='ltr'><strong>qui</strong></span> <span class='ocrx_word' id='word_1_205' title='bbox 1942 2246 2029 2283; x_wconf 88' lang='lat' dir='ltr'><strong>sa-</strong></span> 
     </span>
    </p>
   </div>
   <div class='ocr_carea' id='block_1_31' title="bbox 445 2295 2027 2368">
    <p class='ocr_par' dir='ltr' id='par_1_31' title="bbox 445 2295 2027 2368">
     <span class='ocr_line' id='line_1_32' title="bbox 445 2295 2027 2368; baseline 0.003 -18"><span class='ocrx_word' id='word_1_206' title='bbox 445 2301 554 2368; x_wconf 86' lang='lat' dir='ltr'><strong>pit.</strong></span> <span class='ocrx_word' id='word_1_207' title='bbox 589 2315 692 2353; x_wconf 90' lang='lat' dir='ltr'><strong>non</strong></span> <span class='ocrx_word' id='word_1_208' title='bbox 724 2303 908 2352; x_wconf 81' lang='lat' dir='ltr'><strong>esurit.</strong></span> <span class='ocrx_word' id='word_1_209' title='bbox 944 2295 1012 2349; x_wconf 79' lang='lat' dir='ltr'><strong>Et</strong></span> <span class='ocrx_word' id='word_1_210' title='bbox 1050 2309 1180 2352; x_wconf 83' lang='lat' dir='ltr'><strong>totus</strong></span> <span class='ocrx_word' id='word_1_211' title='bbox 1208 2297 1581 2368; x_wconf 79' lang='lat' dir='ltr'><strong>desiderabilis.</strong></span> <span class='ocrx_word' id='word_1_212' title='bbox 1618 2298 1753 2363; x_wconf 86' lang='lat' dir='ltr'><strong>Quid</strong></span> <span class='ocrx_word' id='word_1_213' title='bbox 1798 2301 2027 2366; x_wconf 80' lang='lat' dir='ltr'><strong>amplius</strong></span> 
     </span>
    </p>
   </div>
   <div class='ocr_carea' id='block_1_32' title="bbox 442 2367 2023 2437">
    <p class='ocr_par' dir='ltr' id='par_1_32' title="bbox 442 2367 2023 2437">
     <span class='ocr_line' id='line_1_33' title="bbox 442 2367 2023 2437; baseline 0.003 -17"><span class='ocrx_word' id='word_1_214' title='bbox 442 2367 680 2433; x_wconf 57' lang='lat' dir='ltr'><strong>intueris?</strong></span> <span class='ocrx_word' id='word_1_215' title='bbox 730 2371 895 2422; x_wconf 81' lang='lat' dir='ltr'><strong>Totus</strong></span> <span class='ocrx_word' id='word_1_216' title='bbox 923 2367 1294 2421; x_wconf 66' lang='lat' dir='ltr'><strong>desiderabilis</strong></span> <span class='ocrx_word' id='word_1_217' title='bbox 1334 2379 1445 2429; x_wconf 84' lang='lat' dir='ltr'><strong>est.</strong></span> <span class='ocrx_word' id='word_1_218' title='bbox 1489 2367 1608 2436; x_wconf 86' lang='lat' dir='ltr'><strong>quia</strong></span> <span class='ocrx_word' id='word_1_219' title='bbox 1656 2377 1802 2421; x_wconf 88' lang='lat' dir='ltr'><strong>totus</strong></span> <span class='ocrx_word' id='word_1_220' title='bbox 1848 2370 2023 2437; x_wconf 86' lang='lat' dir='ltr'><strong>Deus,</strong></span> 
     </span>
    </p>
   </div>
   <div class='ocr_carea' id='block_1_33' title="bbox 441 2439 2025 2510">
    <p class='ocr_par' dir='ltr' id='par_1_33' title="bbox 441 2439 2025 2510">
     <span class='ocr_line' id='line_1_34' title="bbox 441 2439 2025 2510; baseline -0.001 -16"><span class='ocrx_word' id='word_1_221' title='bbox 441 2450 496 2494; x_wconf 85' lang='lat' dir='ltr'><strong>et</strong></span> <span class='ocrx_word' id='word_1_222' title='bbox 539 2450 678 2494; x_wconf 87' lang='lat' dir='ltr'><strong>totus</strong></span> <span class='ocrx_word' id='word_1_223' title='bbox 719 2441 904 2506; x_wconf 87' lang='lat' dir='ltr'><strong>homo,</strong></span> <span class='ocrx_word' id='word_1_224' title='bbox 953 2441 1004 2492; x_wconf 86' lang='lat' dir='ltr'><strong>in</strong></span> <span class='ocrx_word' id='word_1_225' title='bbox 1049 2454 1206 2506; x_wconf 84' lang='lat' dir='ltr'><strong>quem</strong></span> <span class='ocrx_word' id='word_1_226' title='bbox 1248 2439 1555 2510; x_wconf 77' lang='lat' dir='ltr'><strong>desiderant</strong></span> <span class='ocrx_word' id='word_1_227' title='bbox 1592 2448 1648 2492; x_wconf 87' lang='lat' dir='ltr'><strong>et</strong></span> <span class='ocrx_word' id='word_1_228' title='bbox 1687 2439 1860 2510; x_wconf 80' lang='lat' dir='ltr'><strong>attgcli</strong></span> <span class='ocrx_word' id='word_1_229' title='bbox 1906 2456 2025 2510; x_wconf 84' lang='lat' dir='ltr'><strong>pro-</strong></span> 
     </span>
    </p>
   </div>
   <div class='ocr_carea' id='block_1_34' title="bbox 440 2507 2027 2580">
    <p class='ocr_par' dir='ltr' id='par_1_34' title="bbox 440 2507 2027 2580">
     <span class='ocr_line' id='line_1_35' title="bbox 440 2507 2027 2580; baseline 0.001 -16"><span class='ocrx_word' id='word_1_230' title='bbox 440 2513 667 2576; x_wconf 77' lang='lat' dir='ltr'><strong>spicere.</strong></span> <span class='ocrx_word' id='word_1_231' title='bbox 703 2511 842 2564; x_wconf 63' lang='lat' dir='ltr'><strong>Dens</strong></span> <span class='ocrx_word' id='word_1_232' title='bbox 875 2514 923 2562; x_wconf 89' lang='lat' dir='ltr'><strong>in</strong></span> <span class='ocrx_word' id='word_1_233' title='bbox 960 2510 1237 2574; x_wconf 80' lang='lat' dir='ltr'><strong>majestate</strong></span> <span class='ocrx_word' id='word_1_234' title='bbox 1270 2507 1439 2580; x_wconf 78' lang='lat' dir='ltr'><strong>Patris</strong></span> <span class='ocrx_word' id='word_1_235' title='bbox 1461 2547 1474 2568; x_wconf 86' lang='lat'><strong>.</strong></span> <span class='ocrx_word' id='word_1_236' title='bbox 1510 2508 1669 2580; x_wconf 86' lang='lat' dir='ltr'><strong>homo</strong></span> <span class='ocrx_word' id='word_1_237' title='bbox 1710 2509 1763 2561; x_wconf 92' lang='lat' dir='ltr'><strong>in</strong></span> <span class='ocrx_word' id='word_1_238' title='bbox 1808 2507 2027 2580; x_wconf 82' lang='lat' dir='ltr'><strong>virgini-</strong></span> 
     </span>
    </p>
   </div>
   <div class='ocr_carea' id='block_1_35' title="bbox 444 2579 1768 2642">
    <p class='ocr_par' dir='ltr' id='par_1_35' title="bbox 444 2579 1768 2642">
     <span class='ocr_line' id='line_1_36' title="bbox 444 2579 1768 2642; baseline -0.004 -7"><span class='ocrx_word' id='word_1_239' title='bbox 444 2590 554 2634; x_wconf 83' lang='lat' dir='ltr'><strong>tate</strong></span> <span class='ocrx_word' id='word_1_240' title='bbox 586 2585 792 2635; x_wconf 79' lang='lat' dir='ltr'><strong>matris.</strong></span> <span class='ocrx_word' id='word_1_241' title='bbox 829 2582 883 2633; x_wconf 85' lang='lat' dir='ltr'><strong>Iit</strong></span> <span class='ocrx_word' id='word_1_242' title='bbox 914 2581 1002 2633; x_wconf 89' lang='lat' dir='ltr'><strong>illo</strong></span> <span class='ocrx_word' id='word_1_243' title='bbox 1033 2589 1268 2642; x_wconf 86' lang='lat' dir='ltr'><strong>creator,</strong></span> <span class='ocrx_word' id='word_1_244' title='bbox 1303 2579 1353 2631; x_wconf 91' lang='lat' dir='ltr'><strong>in</strong></span> <span class='ocrx_word' id='word_1_245' title='bbox 1387 2579 1485 2631; x_wconf 91' lang='lat' dir='ltr'><strong>hac</strong></span> <span class='ocrx_word' id='word_1_246' title='bbox 1515 2579 1768 2630; x_wconf 79' lang='lat' dir='ltr'><strong>salvator.</strong></span> 
     </span>
    </p>
   </div>
   <div class='ocr_carea' id='block_1_36' title="bbox 510 2649 2022 2714">
    <p class='ocr_par' dir='ltr' id='par_1_36' title="bbox 510 2649 2022 2714">
     <span class='ocr_line' id='line_1_37' title="bbox 510 2649 2022 2714; baseline 0.001 -12"><span class='ocrx_word' id='word_1_247' title='bbox 510 2652 600 2704; x_wconf 71' lang='lat'><strong>22.</strong></span> <span class='ocrx_word' id='word_1_248' title='bbox 643 2651 782 2704; x_wconf 83' lang='lat' dir='ltr'><strong>Talis</strong></span> <span class='ocrx_word' id='word_1_249' title='bbox 805 2661 876 2702; x_wconf 79' lang='lat' dir='ltr'><strong>est</strong></span> <span class='ocrx_word' id='word_1_250' title='bbox 906 2652 1119 2702; x_wconf 81' lang='lat' dir='ltr'><strong>dilectus</strong></span> <span class='ocrx_word' id='word_1_251' title='bbox 1147 2665 1308 2711; x_wconf 81' lang='lat' dir='ltr'><strong>meus,</strong></span> <span class='ocrx_word' id='word_1_252' title='bbox 1337 2660 1383 2701; x_wconf 82' lang='lat' dir='ltr'><strong>et</strong></span> <span class='ocrx_word' id='word_1_253' title='bbox 1407 2649 1517 2714; x_wconf 79' lang='lat' dir='ltr'><strong>ipse</strong></span> <span class='ocrx_word' id='word_1_254' title='bbox 1543 2658 1614 2700; x_wconf 84' lang='lat' dir='ltr'><strong>est</strong></span> <span class='ocrx_word' id='word_1_255' title='bbox 1643 2651 1838 2701; x_wconf 85' lang='lat' dir='ltr'><strong>amicus</strong></span> <span class='ocrx_word' id='word_1_256' title='bbox 1861 2666 2022 2704; x_wconf 81' lang='lat' dir='ltr'><strong>metis.</strong></span> 
     </span>
    </p>
   </div>
   <div class='ocr_carea' id='block_1_37' title="bbox 440 2719 2022 2788">
    <p class='ocr_par' dir='ltr' id='par_1_37' title="bbox 440 2719 2022 2788">
     <span class='ocr_line' id='line_1_38' title="bbox 440 2719 2022 2788; baseline 0.001 -16"><span class='ocrx_word' id='word_1_257' title='bbox 440 2721 654 2785; x_wconf 88' lang='lat' dir='ltr'><strong>Quanto</strong></span> <span class='ocrx_word' id='word_1_258' title='bbox 681 2721 927 2774; x_wconf 82' lang='lat' dir='ltr'><strong>devotius</strong></span> <span class='ocrx_word' id='word_1_259' title='bbox 954 2719 1179 2786; x_wconf 87' lang='lat' dir='ltr'><strong>quisque</strong></span> <span class='ocrx_word' id='word_1_260' title='bbox 1208 2719 1380 2788; x_wconf 82' lang='lat' dir='ltr'><strong>diligit</strong></span> <span class='ocrx_word' id='word_1_261' title='bbox 1414 2719 1694 2782; x_wconf 76' lang='lat' dir='ltr'><strong>Dominum</strong></span> <span class='ocrx_word' id='word_1_262' title='bbox 1717 2756 1731 2779; x_wconf 90' lang='lat'><strong>,</strong></span> <span class='ocrx_word' id='word_1_263' title='bbox 1763 2728 1910 2772; x_wconf 82' lang='lat' dir='ltr'><strong>tanto</strong></span> <span class='ocrx_word' id='word_1_264' title='bbox 1943 2721 2022 2773; x_wconf 80' lang='lat' dir='ltr'><strong>fa-</strong></span> 
     </span>
    </p>
   </div>
   <div class='ocr_carea' id='block_1_38' title="bbox 439 2789 2025 2846">
    <p class='ocr_par' dir='ltr' id='par_1_38' title="bbox 439 2789 2025 2846">
     <span class='ocr_line' id='line_1_39' title="bbox 439 2789 2025 2846; baseline 0.001 -2"><span class='ocrx_word' id='word_1_265' title='bbox 439 2792 698 2844; x_wconf 71' lang='lat' dir='ltr'><strong>ttiiliarius</strong></span> <span class='ocrx_word' id='word_1_266' title='bbox 729 2791 887 2844; x_wconf 86' lang='lat' dir='ltr'><strong>habet</strong></span> <span class='ocrx_word' id='word_1_267' title='bbox 915 2793 1144 2842; x_wconf 88' lang='lat' dir='ltr'><strong>amicum</strong></span> <span class='ocrx_word' id='word_1_268' title='bbox 1178 2789 1478 2841; x_wconf 83' lang='lat' dir='ltr'><strong>Dominum.</strong></span> <span class='ocrx_word' id='word_1_269' title='bbox 1516 2791 1579 2841; x_wconf 74' lang='lat' dir='ltr'><strong>Et</strong></span> <span class='ocrx_word' id='word_1_270' title='bbox 1611 2789 1768 2842; x_wconf 83' lang='lat' dir='ltr'><strong>talem</strong></span> <span class='ocrx_word' id='word_1_271' title='bbox 1803 2804 2025 2846; x_wconf 86' lang='lat' dir='ltr'><strong>necesse</strong></span> 
     </span>
    </p>
   </div>
   <div class='ocr_carea' id='block_1_39' title="bbox 440 2858 2024 2928">
    <p class='ocr_par' dir='ltr' id='par_1_39' title="bbox 440 2858 2024 2928">
     <span class='ocr_line' id='line_1_40' title="bbox 440 2858 2024 2928; baseline -0.001 -14"><span class='ocrx_word' id='word_1_272' title='bbox 440 2872 517 2915; x_wconf 92' lang='lat' dir='ltr'><strong>est</strong></span> <span class='ocrx_word' id='word_1_273' title='bbox 543 2873 599 2914; x_wconf 92' lang='lat' dir='ltr'><strong>ut</strong></span> <span class='ocrx_word' id='word_1_274' title='bbox 621 2862 766 2914; x_wconf 87' lang='lat' dir='ltr'><strong>intell</strong></span> <span class='ocrx_word' id='word_1_275' title='bbox 793 2875 884 2928; x_wconf 84' lang='lat' dir='ltr'><strong>gas</strong></span> <span class='ocrx_word' id='word_1_276' title='bbox 908 2875 1028 2913; x_wconf 90' lang='lat' dir='ltr'><strong>cum</strong></span> <span class='ocrx_word' id='word_1_277' title='bbox 1048 2900 1063 2923; x_wconf 92' lang='lat'><strong>,</strong></span> <span class='ocrx_word' id='word_1_278' title='bbox 1087 2861 1130 2912; x_wconf 84' lang='lat' dir='ltr'><strong>si</strong></span> <span class='ocrx_word' id='word_1_279' title='bbox 1156 2860 1233 2912; x_wconf 79' lang='lat' dir='ltr'><strong>vis</strong></span> <span class='ocrx_word' id='word_1_280' title='bbox 1256 2874 1376 2912; x_wconf 85' lang='lat' dir='ltr'><strong>eunt</strong></span> <span class='ocrx_word' id='word_1_281' title='bbox 1405 2861 1633 2912; x_wconf 88' lang='lat' dir='ltr'><strong>anticum</strong></span> <span class='ocrx_word' id='word_1_282' title='bbox 1662 2858 1877 2913; x_wconf 89' lang='lat' dir='ltr'><strong>habere.</strong></span> <span class='ocrx_word' id='word_1_283' title='bbox 1910 2861 2024 2928; x_wconf 81' lang='lat' dir='ltr'><strong>Quo</strong></span> 
     </span>
    </p>
   </div>
   <div class='ocr_carea' id='block_1_40' title="bbox 438 2930 2026 3003">
    <p class='ocr_par' dir='ltr' id='par_1_40' title="bbox 438 2930 2026 3003">
     <span class='ocr_line' id='line_1_41' title="bbox 438 2930 2026 3003; baseline 0.003 -21"><span class='ocrx_word' id='word_1_284' title='bbox 438 2932 563 2984; x_wconf 85' lang='lat' dir='ltr'><strong>abiit</strong></span> <span class='ocrx_word' id='word_1_285' title='bbox 595 2933 808 2985; x_wconf 80' lang='lat' dir='ltr'><strong>dilectus</strong></span> <span class='ocrx_word' id='word_1_286' title='bbox 838 2942 950 2983; x_wconf 88' lang='lat' dir='ltr'><strong>tuus</strong></span> <span class='ocrx_word' id='word_1_287' title='bbox 971 2973 986 2999; x_wconf 88' lang='lat'><strong>,</strong></span> <span class='ocrx_word' id='word_1_288' title='bbox 1018 2945 1047 2982; x_wconf 92' lang='grc' dir='ltr'><em>ο</em></span> <span class='ocrx_word' id='word_1_289' title='bbox 1077 2930 1418 3003; x_wconf 73' lang='lat' dir='ltr'><strong>pulcherrima</strong></span> <span class='ocrx_word' id='word_1_290' title='bbox 1444 2931 1712 3003; x_wconf 80' lang='lat' dir='ltr'><strong>mulierum</strong></span> <span class='ocrx_word' id='word_1_291' title='bbox 1737 2931 1760 2982; x_wconf 88' lang='lat'><strong><em>?</em></strong></span> <span class='ocrx_word' id='word_1_292' title='bbox 1789 2931 1899 2984; x_wconf 77' lang='lat' dir='ltr'><strong>Vox</strong></span> <span class='ocrx_word' id='word_1_293' title='bbox 1931 2935 2026 3003; x_wconf 53' lang='lat' dir='ltr'><strong>Sy.</strong></span> 
     </span>
    </p>
   </div>
   <div class='ocr_carea' id='block_1_41' title="bbox 437 3001 2022 3071">
    <p class='ocr_par' dir='ltr' id='par_1_41' title="bbox 437 3001 2022 3071">
     <span class='ocr_line' id='line_1_42' title="bbox 437 3001 2022 3071; baseline 0.001 -17"><span class='ocrx_word' id='word_1_294' title='bbox 437 3017 696 3071; x_wconf 73' lang='lat' dir='ltr'><strong>nagngm;</strong></span> <span class='ocrx_word' id='word_1_295' title='bbox 743 3017 837 3064; x_wconf 85' lang='lat' dir='ltr'><strong>pro</strong></span> <span class='ocrx_word' id='word_1_296' title='bbox 877 3004 1070 3054; x_wconf 78' lang='lat' dir='ltr'><strong>decore</strong></span> <span class='ocrx_word' id='word_1_297' title='bbox 1110 3001 1251 3054; x_wconf 88' lang='lat' dir='ltr'><strong>enim</strong></span> <span class='ocrx_word' id='word_1_298' title='bbox 1293 3002 1545 3071; x_wconf 72' lang='lat' dir='ltr'><strong>carminis</strong></span> <span class='ocrx_word' id='word_1_299' title='bbox 1588 3002 1859 3054; x_wconf 79' lang='lat' dir='ltr'><strong>variantur</strong></span> <span class='ocrx_word' id='word_1_300' title='bbox 1898 3001 2022 3070; x_wconf 77' lang='lat' dir='ltr'><strong>pcr-</strong></span> 
     </span>
    </p>
   </div>
   <div class='ocr_carea' id='block_1_42' title="bbox 439 3069 2018 3141">
    <p class='ocr_par' dir='ltr' id='par_1_42' title="bbox 439 3069 2018 3141">
     <span class='ocr_line' id='line_1_43' title="bbox 439 3069 2018 3141; baseline 0.001 -17"><span class='ocrx_word' id='word_1_301' title='bbox 439 3069 1055 3141; x_wconf 19' lang='lat' dir='ltr'><strong>sonm’colloquentitttn.</strong></span> <span class='ocrx_word' id='word_1_302' title='bbox 1102 3071 1205 3123; x_wconf 76' lang='lat' dir='ltr'><strong>Sed</strong></span> <span class='ocrx_word' id='word_1_303' title='bbox 1254 3069 1698 3141; x_wconf 83' lang='lat' dir='ltr'><strong>ianlutnChristi</strong></span> <span class='ocrx_word' id='word_1_304' title='bbox 1750 3069 2018 3138; x_wconf 78' lang='lat' dir='ltr'><strong>Ecclesia,</strong></span> 
     </span>
    </p>
   </div>
   <div class='ocr_carea' id='block_1_43' title="bbox 434 3131 2098 3211">
    <p class='ocr_par' dir='ltr' id='par_1_43' title="bbox 434 3131 2098 3211">
     <span class='ocr_line' id='line_1_44' title="bbox 434 3131 2098 3211; baseline 0.001 -19"><span class='ocrx_word' id='word_1_305' title='bbox 434 3144 558 3209; x_wconf 86' lang='lat' dir='ltr'><strong>quia</strong></span> <span class='ocrx_word' id='word_1_306' title='bbox 581 3131 790 3209; x_wconf 59' lang='lat' dir='ltr'><strong>sponsa}</strong></span> <span class='ocrx_word' id='word_1_307' title='bbox 817 3141 1075 3194; x_wconf 85' lang='lat' dir='ltr'><strong>vocabulo</strong></span> <span class='ocrx_word' id='word_1_308' title='bbox 1093 3140 1428 3208; x_wconf 83' lang='lat' dir='ltr'><strong>exprimitur,</strong></span> <span class='ocrx_word' id='word_1_309' title='bbox 1452 3140 1760 3210; x_wconf 80' lang='lat' dir='ltr'><strong>designatur</strong></span> <span class='ocrx_word' id='word_1_310' title='bbox 1779 3131 2023 3211; x_wconf 57' lang='lat' dir='ltr'><strong>pulcher;</strong></span> <span class='ocrx_word' id='word_1_311' title='bbox 2050 3131 2098 3193; x_wconf 82' lang='lat' dir='ltr'><strong><em>C</em></strong></span> 
     </span>
    </p>
   </div>
   <div class='ocr_carea' id='block_1_44' title="bbox 436 3213 2020 3277">
    <p class='ocr_par' dir='ltr' id='par_1_44' title="bbox 436 3213 2020 3277">
     <span class='ocr_line' id='line_1_45' title="bbox 436 3213 2020 3277; baseline 0.002 -12"><span class='ocrx_word' id='word_1_312' title='bbox 436 3213 569 3265; x_wconf 84' lang='lat' dir='ltr'><strong>iitna</strong></span> <span class='ocrx_word' id='word_1_313' title='bbox 602 3214 906 3267; x_wconf 76' lang='lat' dir='ltr'><strong>mulierum.</strong></span> <span class='ocrx_word' id='word_1_314' title='bbox 943 3213 1181 3264; x_wconf 73' lang='lat' dir='ltr'><strong>Pulchra:</strong></span> <span class='ocrx_word' id='word_1_315' title='bbox 1209 3221 1332 3263; x_wconf 88' lang='lat' dir='ltr'><strong>sunt</strong></span> <span class='ocrx_word' id='word_1_316' title='bbox 1363 3213 1585 3277; x_wconf 72' lang='lat' dir='ltr'><strong>singula:</strong></span> <span class='ocrx_word' id='word_1_317' title='bbox 1615 3214 1866 3267; x_wconf 73' lang='lat' dir='ltr'><strong>Ecelesia:</strong></span> <span class='ocrx_word' id='word_1_318' title='bbox 1895 3229 2020 3268; x_wconf 82' lang='lat' dir='ltr'><strong>san-</strong></span> 
     </span>
    </p>
   </div>
   <div class='ocr_carea' id='block_1_45' title="bbox 435 3281 2021 3350">
    <p class='ocr_par' dir='ltr' id='par_1_45' title="bbox 435 3281 2021 3350">
     <span class='ocr_line' id='line_1_46' title="bbox 435 3281 2021 3350; baseline 0.004 -16"><span class='ocrx_word' id='word_1_319' title='bbox 435 3295 685 3349; x_wconf 89' lang='lat' dir='ltr'><strong>ctorum;</strong></span> <span class='ocrx_word' id='word_1_320' title='bbox 726 3284 818 3336; x_wconf 86' lang='lat' dir='ltr'><strong>sed</strong></span> <span class='ocrx_word' id='word_1_321' title='bbox 862 3282 1216 3350; x_wconf 84' lang='lat' dir='ltr'><strong>pulcherrima</strong></span> <span class='ocrx_word' id='word_1_322' title='bbox 1261 3281 1574 3335; x_wconf 79' lang='lat' dir='ltr'><strong>universitas</strong></span> <span class='ocrx_word' id='word_1_323' title='bbox 1620 3285 1782 3337; x_wconf 85' lang='lat' dir='ltr'><strong>totius</strong></span> <span class='ocrx_word' id='word_1_324' title='bbox 1820 3295 2021 3342; x_wconf 66' lang='lat' dir='ltr'><strong>sanciat</strong></span> 
     </span>
    </p>
   </div>
   <div class='ocr_carea' id='block_1_46' title="bbox 440 3353 2021 3423">
    <p class='ocr_par' dir='ltr' id='par_1_46' title="bbox 440 3353 2021 3423">
     <span class='ocr_line' id='line_1_47' title="bbox 440 3353 2021 3423; baseline 0.002 -17"><span class='ocrx_word' id='word_1_325' title='bbox 440 3353 696 3408; x_wconf 71' lang='lat' dir='ltr'><strong>Ecclesia:</strong></span> <span class='ocrx_word' id='word_1_326' title='bbox 735 3370 831 3423; x_wconf 86' lang='lat' dir='ltr'><strong>per</strong></span> <span class='ocrx_word' id='word_1_327' title='bbox 871 3361 1040 3405; x_wconf 89' lang='lat' dir='ltr'><strong>totum</strong></span> <span class='ocrx_word' id='word_1_328' title='bbox 1087 3353 1294 3405; x_wconf 85' lang='lat' dir='ltr'><strong>orbein.</strong></span> <span class='ocrx_word' id='word_1_329' title='bbox 1341 3353 1454 3418; x_wconf 81' lang='lat' dir='ltr'><strong>Quo</strong></span> <span class='ocrx_word' id='word_1_330' title='bbox 1497 3353 1768 3406; x_wconf 85' lang='lat' dir='ltr'><strong>declinavit</strong></span> <span class='ocrx_word' id='word_1_331' title='bbox 1806 3355 2021 3409; x_wconf 73' lang='lat' dir='ltr'><strong>dilectus</strong></span> 
     </span>
    </p>
   </div>
   <div class='ocr_carea' id='block_1_47' title="bbox 434 3423 2017 3494">
    <p class='ocr_par' dir='ltr' id='par_1_47' title="bbox 434 3423 2017 3494">
     <span class='ocr_line' id='line_1_48' title="bbox 434 3423 2017 3494; baseline 0.003 -20"><span class='ocrx_word' id='word_1_332' title='bbox 434 3428 598 3491; x_wconf 69' lang='lat' dir='ltr'><strong>iuus,‘</strong></span> <span class='ocrx_word' id='word_1_333' title='bbox 634 3435 684 3477; x_wconf 88' lang='lat' dir='ltr'><strong>et</strong></span> <span class='ocrx_word' id='word_1_334' title='bbox 727 3439 1175 3494; x_wconf 15' lang='lat' dir='ltr'><strong>quaereniusreuni</strong></span> <span class='ocrx_word' id='word_1_335' title='bbox 1223 3423 1435 3476; x_wconf 85' lang='lat' dir='ltr'><strong>tecum?</strong></span> <span class='ocrx_word' id='word_1_336' title='bbox 1479 3423 1578 3494; x_wconf 86' lang='lat' dir='ltr'><strong>Qui</strong></span> <span class='ocrx_word' id='word_1_337' title='bbox 1631 3424 1916 3494; x_wconf 79' lang='lat' dir='ltr'><strong>aliquando</strong></span> <span class='ocrx_word' id='word_1_338' title='bbox 1964 3426 2017 3480; x_wconf 89' lang='lat' dir='ltr'><strong>in</strong></span> 
     </span>
    </p>
   </div>
   <div class='ocr_carea' id='block_1_48' title="bbox 435 3493 2016 3564">
    <p class='ocr_par' dir='ltr' id='par_1_48' title="bbox 435 3493 2016 3564">
     <span class='ocr_line' id='line_1_49' title="bbox 435 3493 2016 3564; baseline 0.003 -18"><span class='ocrx_word' id='word_1_339' title='bbox 435 3505 576 3549; x_wconf 88' lang='lat' dir='ltr'><strong>terra</strong></span> <span class='ocrx_word' id='word_1_340' title='bbox 608 3496 870 3564; x_wconf 85' lang='lat' dir='ltr'><strong>corporali</strong></span> <span class='ocrx_word' id='word_1_341' title='bbox 900 3493 1079 3560; x_wconf 82' lang='lat' dir='ltr'><strong>specie</strong></span> <span class='ocrx_word' id='word_1_342' title='bbox 1111 3502 1349 3546; x_wconf 80' lang='lat' dir='ltr'><strong>versatus</strong></span> <span class='ocrx_word' id='word_1_343' title='bbox 1380 3500 1496 3559; x_wconf 90' lang='lat' dir='ltr'><strong>est,</strong></span> <span class='ocrx_word' id='word_1_344' title='bbox 1530 3493 1614 3548; x_wconf 88' lang='lat' dir='ltr'><strong>dic</strong></span> <span class='ocrx_word' id='word_1_345' title='bbox 1639 3534 1655 3558; x_wconf 91' lang='lat'><strong>,</strong></span> <span class='ocrx_word' id='word_1_346' title='bbox 1698 3493 1803 3564; x_wconf 88' lang='lat' dir='ltr'><strong>quo</strong></span> <span class='ocrx_word' id='word_1_347' title='bbox 1845 3496 2016 3550; x_wconf 83' lang='lat' dir='ltr'><strong>decli-</strong></span> 
     </span>
    </p>
   </div>
   <div class='ocr_carea' id='block_1_49' title="bbox 437 3563 1568 3632">
    <p class='ocr_par' dir='ltr' id='par_1_49' title="bbox 437 3563 1568 3632">
     <span class='ocr_line' id='line_1_50' title="bbox 437 3563 1568 3632; baseline 0 -15"><span class='ocrx_word' id='word_1_348' title='bbox 437 3567 586 3618; x_wconf 84' lang='lat' dir='ltr'><strong>navit</strong></span> <span class='ocrx_word' id='word_1_349' title='bbox 616 3563 736 3632; x_wconf 64' lang='lat' dir='ltr'><strong>ille,</strong></span> <span class='ocrx_word' id='word_1_350' title='bbox 768 3575 828 3617; x_wconf 91' lang='lat' dir='ltr'><strong>ut</strong></span> <span class='ocrx_word' id='word_1_351' title='bbox 855 3577 1141 3631; x_wconf 84' lang='lat' dir='ltr'><strong>sequamur</strong></span> <span class='ocrx_word' id='word_1_352' title='bbox 1170 3563 1314 3616; x_wconf 90' lang='lat' dir='ltr'><strong>illum</strong></span> <span class='ocrx_word' id='word_1_353' title='bbox 1349 3564 1568 3617; x_wconf 77' lang='lat' dir='ltr'><strong>tecum?</strong></span> 
     </span>
    </p>
   </div>
   <div class='ocr_carea' id='block_1_50' title="bbox 506 3633 2017 3691">
    <p class='ocr_par' dir='ltr' id='par_1_50' title="bbox 506 3633 2017 3691">
     <span class='ocr_line' id='line_1_51' title="bbox 506 3633 2017 3691; baseline 0.001 -1"><span class='ocrx_word' id='word_1_354' title='bbox 506 3635 636 3690; x_wconf 73' lang='lat' dir='ltr'><strong>Car.</strong></span> <span class='ocrx_word' id='word_1_355' title='bbox 676 3651 748 3690; x_wconf 91' lang='lat' dir='ltr'><strong>vi.</strong></span> <span class='ocrx_word' id='word_1_356' title='bbox 789 3663 858 3674; x_wconf 90' lang='lat'><strong>-</strong></span> <span class='ocrx_word' id='word_1_357' title='bbox 899 3635 950 3688; x_wconf 79' lang='grc'><strong>1.</strong></span> <span class='ocrx_word' id='word_1_358' title='bbox 981 3633 1208 3686; x_wconf 76' lang='lat' dir='ltr'><strong>Dilectus</strong></span> <span class='ocrx_word' id='word_1_359' title='bbox 1237 3649 1376 3686; x_wconf 85' lang='lat' dir='ltr'><strong>meus</strong></span> <span class='ocrx_word' id='word_1_360' title='bbox 1414 3633 1674 3686; x_wconf 76' lang='lat' dir='ltr'><strong>descendit</strong></span> <span class='ocrx_word' id='word_1_361' title='bbox 1711 3634 1765 3688; x_wconf 83' lang='lat' dir='ltr'><strong>in</strong></span> <span class='ocrx_word' id='word_1_362' title='bbox 1813 3636 2017 3691; x_wconf 88' lang='lat' dir='ltr'><strong>liorlum</strong></span> 
     </span>
    </p>
   </div>
   <div class='ocr_carea' id='block_1_51' title="bbox 432 3703 2017 3766">
    <p class='ocr_par' dir='ltr' id='par_1_51' title="bbox 432 3703 2017 3766">
     <span class='ocr_line' id='line_1_52' title="bbox 432 3703 2017 3766; baseline 0.002 -7"><span class='ocrx_word' id='word_1_363' title='bbox 432 3722 581 3759; x_wconf 83' lang='lat' dir='ltr'><strong>suum</strong></span> <span class='ocrx_word' id='word_1_364' title='bbox 609 3707 676 3757; x_wconf 84' lang='lat' dir='ltr'><strong>ad</strong></span> <span class='ocrx_word' id='word_1_365' title='bbox 704 3704 926 3759; x_wconf 77' lang='lat' dir='ltr'><strong>areolam</strong></span> <span class='ocrx_word' id='word_1_366' title='bbox 953 3713 1256 3756; x_wconf 82' lang='lat' dir='ltr'><strong>aromatum.</strong></span> <span class='ocrx_word' id='word_1_367' title='bbox 1282 3704 1444 3766; x_wconf 89' lang='lat' dir='ltr'><strong>Quasi</strong></span> <span class='ocrx_word' id='word_1_368' title='bbox 1467 3703 1691 3757; x_wconf 68' lang='lat' dir='ltr'><strong>dixisset</strong></span> <span class='ocrx_word' id='word_1_369' title='bbox 1709 3744 1723 3765; x_wconf 88' lang='lat'><strong>,</strong></span> <span class='ocrx_word' id='word_1_370' title='bbox 1748 3705 1870 3760; x_wconf 89' lang='lat' dir='ltr'><strong>illuc</strong></span> <span class='ocrx_word' id='word_1_371' title='bbox 1895 3708 2017 3762; x_wconf 84' lang='lat' dir='ltr'><strong>des-</strong></span> 
     </span>
    </p>
   </div>
   <div class='ocr_carea' id='block_1_52' title="bbox 434 3774 2012 3840">
    <p class='ocr_par' dir='ltr' id='par_1_52' title="bbox 434 3774 2012 3840">
     <span class='ocr_line' id='line_1_53' title="bbox 434 3774 2012 3840; baseline 0.002 -12"><span class='ocrx_word' id='word_1_372' title='bbox 434 3776 614 3830; x_wconf 86' lang='lat' dir='ltr'><strong>cendit</strong></span> <span class='ocrx_word' id='word_1_373' title='bbox 645 3777 696 3829; x_wconf 93' lang='lat' dir='ltr'><strong>iu</strong></span> <span class='ocrx_word' id='word_1_374' title='bbox 728 3775 942 3830; x_wconf 86' lang='lat' dir='ltr'><strong>hortum</strong></span> <span class='ocrx_word' id='word_1_375' title='bbox 964 3815 978 3840; x_wconf 89' lang='lat'><strong>,</strong></span> <span class='ocrx_word' id='word_1_376' title='bbox 1011 3774 1060 3827; x_wconf 90' lang='lat' dir='ltr'><strong>id</strong></span> <span class='ocrx_word' id='word_1_377' title='bbox 1091 3782 1204 3839; x_wconf 82' lang='lat' dir='ltr'><strong>est,</strong></span> <span class='ocrx_word' id='word_1_378' title='bbox 1240 3774 1530 3828; x_wconf 81' lang='lat' dir='ltr'><strong>Ecclesiam</strong></span> <span class='ocrx_word' id='word_1_379' title='bbox 1571 3790 1718 3828; x_wconf 89' lang='lat' dir='ltr'><strong>suam</strong></span> <span class='ocrx_word' id='word_1_380' title='bbox 1739 3816 1755 3840; x_wconf 92' lang='lat'><strong>,</strong></span> <span class='ocrx_word' id='word_1_381' title='bbox 1798 3788 1854 3829; x_wconf 93' lang='lat' dir='ltr'><strong>ut</strong></span> <span class='ocrx_word' id='word_1_382' title='bbox 1895 3794 2012 3832; x_wconf 89' lang='lat' dir='ltr'><strong>eam</strong></span> 
     </span>
    </p>
   </div>
   <div class='ocr_carea' id='block_1_53' title="bbox 435 3845 2015 3917">
    <p class='ocr_par' dir='ltr' id='par_1_53' title="bbox 435 3845 2015 3917">
     <span class='ocr_line' id='line_1_54' title="bbox 435 3845 2015 3917; baseline 0.001 -18"><span class='ocrx_word' id='word_1_383' title='bbox 435 3847 583 3901; x_wconf 80' lang='lat' dir='ltr'><strong>fonte</strong></span> <span class='ocrx_word' id='word_1_384' title='bbox 624 3846 806 3916; x_wconf 67' lang='lat' dir='ltr'><strong>gloriae</strong></span> <span class='ocrx_word' id='word_1_385' title='bbox 837 3862 976 3917; x_wconf 67' lang='lat' dir='ltr'><strong>suae,</strong></span> <span class='ocrx_word' id='word_1_386' title='bbox 1033 3845 1183 3917; x_wconf 88' lang='lat' dir='ltr'><strong>quasi</strong></span> <span class='ocrx_word' id='word_1_387' title='bbox 1229 3859 1408 3917; x_wconf 83' lang='lat' dir='ltr'><strong>aream</strong></span> <span class='ocrx_word' id='word_1_388' title='bbox 1449 3854 1746 3917; x_wconf 77' lang='lat' dir='ltr'><strong>aromatum</strong></span> <span class='ocrx_word' id='word_1_389' title='bbox 1771 3887 1784 3908; x_wconf 93' lang='lat'><strong>,</strong></span> <span class='ocrx_word' id='word_1_390' title='bbox 1825 3845 2015 3917; x_wconf 82' lang='lat' dir='ltr'><strong>irriga-</strong></span> 
     </span>
    </p>
   </div>
   <div class='ocr_carea' id='block_1_54' title="bbox 431 3913 2012 3984">
    <p class='ocr_par' dir='ltr' id='par_1_54' title="bbox 431 3913 2012 3984">
     <span class='ocr_line' id='line_1_55' title="bbox 431 3913 2012 3984; baseline 0.001 -14"><span class='ocrx_word' id='word_1_391' title='bbox 431 3929 550 3982; x_wconf 86' lang='lat' dir='ltr'><strong>ret,</strong></span> <span class='ocrx_word' id='word_1_392' title='bbox 586 3913 644 3969; x_wconf 79' lang='lat' dir='ltr'><strong>ut</strong></span> <span class='ocrx_word' id='word_1_393' title='bbox 669 3918 920 3970; x_wconf 82' lang='lat' dir='ltr'><strong>virtutum</strong></span> <span class='ocrx_word' id='word_1_394' title='bbox 953 3916 1172 3968; x_wconf 83' lang='lat' dir='ltr'><strong>ﬂoribus</strong></span> <span class='ocrx_word' id='word_1_395' title='bbox 1201 3915 1544 3984; x_wconf 82' lang='lat' dir='ltr'><strong>germinaret.</strong></span> <span class='ocrx_word' id='word_1_396' title='bbox 1581 3913 1649 3968; x_wconf 88' lang='lat' dir='ltr'><strong>Ut</strong></span> <span class='ocrx_word' id='word_1_397' title='bbox 1680 3913 2012 3981; x_wconf 49' lang='lat' dir='ltr'><strong>pascatur&#39;iit</strong></span> 
     </span>
    </p>
   </div>
   <div class='ocr_carea' id='block_1_55' title="bbox 435 3985 2013 4054">
    <p class='ocr_par' dir='ltr' id='par_1_55' title="bbox 435 3985 2013 4054">
     <span class='ocr_line' id='line_1_56' title="bbox 435 3985 2013 4054; baseline 0.004 -17"><span class='ocrx_word' id='word_1_398' title='bbox 435 3987 614 4051; x_wconf 83' lang='lat' dir='ltr'><strong>hortis,</strong></span> <span class='ocrx_word' id='word_1_399' title='bbox 644 3998 688 4041; x_wconf 84' lang='lat' dir='ltr'><strong>et</strong></span> <span class='ocrx_word' id='word_1_400' title='bbox 719 3986 828 4039; x_wconf 83' lang='lat' dir='ltr'><strong>lilia</strong></span> <span class='ocrx_word' id='word_1_401' title='bbox 861 3987 1088 4054; x_wconf 81' lang='lat' dir='ltr'><strong>colligat.</strong></span> <span class='ocrx_word' id='word_1_402' title='bbox 1126 3989 1237 4054; x_wconf 76' lang='lat' dir='ltr'><strong>Ego</strong></span> <span class='ocrx_word' id='word_1_403' title='bbox 1265 3985 1460 4039; x_wconf 90' lang='lat' dir='ltr'><strong>dilecto</strong></span> <span class='ocrx_word' id='word_1_404' title='bbox 1483 4000 1604 4038; x_wconf 85' lang='lat' dir='ltr'><strong>meo</strong></span> <span class='ocrx_word' id='word_1_405' title='bbox 1647 3985 1818 4039; x_wconf 81' lang='lat' dir='ltr'><strong>locmu</strong></span> <span class='ocrx_word' id='word_1_406' title='bbox 1863 3990 2013 4043; x_wconf 83' lang='lat' dir='ltr'><strong>habi-</strong></span> 
     </span>
    </p>
   </div>
   <div class='ocr_carea' id='block_1_56' title="bbox 435 4056 2010 4126">
    <p class='ocr_par' dir='ltr' id='par_1_56' title="bbox 435 4056 2010 4126">
     <span class='ocr_line' id='line_1_57' title="bbox 435 4056 2010 4126; baseline 0.005 -20"><span class='ocrx_word' id='word_1_407' title='bbox 435 4057 652 4109; x_wconf 87' lang='lat' dir='ltr'><strong>tationis</strong></span> <span class='ocrx_word' id='word_1_408' title='bbox 679 4071 919 4126; x_wconf 69' lang='lat' dir='ltr'><strong>prwparo</strong></span> <span class='ocrx_word' id='word_1_409' title='bbox 951 4058 1001 4108; x_wconf 90' lang='lat' dir='ltr'><strong>in</strong></span> <span class='ocrx_word' id='word_1_410' title='bbox 1036 4070 1158 4118; x_wconf 86' lang='lat' dir='ltr'><strong>tne,</strong></span> <span class='ocrx_word' id='word_1_411' title='bbox 1198 4065 1250 4108; x_wconf 77' lang='lat' dir='ltr'><strong>et</strong></span> <span class='ocrx_word' id='word_1_412' title='bbox 1299 4058 1413 4124; x_wconf 81' lang='lat' dir='ltr'><strong>ipse</strong></span> <span class='ocrx_word' id='word_1_413' title='bbox 1454 4056 1584 4108; x_wconf 87' lang='lat' dir='ltr'><strong>tttilti</strong></span> <span class='ocrx_word' id='word_1_414' title='bbox 1627 4058 1764 4124; x_wconf 88' lang='lat' dir='ltr'><strong>apud</strong></span> <span class='ocrx_word' id='word_1_415' title='bbox 1805 4076 1893 4123; x_wconf 83' lang='lat' dir='ltr'><strong>se,</strong></span> <span class='ocrx_word' id='word_1_416' title='bbox 1923 4061 2010 4126; x_wconf 83' lang='lat' dir='ltr'><strong>qui</strong></span> 
     </span>
    </p>
   </div>
   <div class='ocr_carea' id='block_1_57' title="bbox 435 4126 2008 4193">
    <p class='ocr_par' dir='ltr' id='par_1_57' title="bbox 435 4126 2008 4193">
     <span class='ocr_line' id='line_1_58' title="bbox 435 4126 2008 4193; baseline 0.003 -14"><span class='ocrx_word' id='word_1_417' title='bbox 435 4141 647 4193; x_wconf 80' lang='lat' dir='ltr'><strong>semper</strong></span> <span class='ocrx_word' id='word_1_418' title='bbox 696 4127 835 4179; x_wconf 79' lang='lat' dir='ltr'><strong>inter</strong></span> <span class='ocrx_word' id='word_1_419' title='bbox 886 4137 1066 4179; x_wconf 89' lang='lat' dir='ltr'><strong>sancta</strong></span> <span class='ocrx_word' id='word_1_420' title='bbox 1119 4126 1386 4179; x_wconf 88' lang='lat' dir='ltr'><strong>desideria</strong></span> <span class='ocrx_word' id='word_1_421' title='bbox 1436 4127 1692 4180; x_wconf 88' lang='lat' dir='ltr'><strong>tuentium</strong></span> <span class='ocrx_word' id='word_1_422' title='bbox 1742 4142 2008 4184; x_wconf 88' lang='lat' dir='ltr'><strong>castarum</strong></span> 
     </span>
    </p>
   </div>
   <div class='ocr_carea' id='block_1_58' title="bbox 436 4195 2009 4265">
    <p class='ocr_par' dir='ltr' id='par_1_58' title="bbox 436 4195 2009 4265">
     <span class='ocr_line' id='line_1_59' title="bbox 436 4195 2009 4265; baseline 0.004 -19"><span class='ocrx_word' id='word_1_423' title='bbox 436 4195 692 4260; x_wconf 74' lang='lat' dir='ltr'><strong>pascitur.</strong></span> <span class='ocrx_word' id='word_1_424' title='bbox 745 4197 1010 4249; x_wconf 83' lang='lat' dir='ltr'><strong>Hactenus</strong></span> <span class='ocrx_word' id='word_1_425' title='bbox 1058 4207 1257 4248; x_wconf 76' lang='lat' dir='ltr'><strong>sancta:</strong></span> <span class='ocrx_word' id='word_1_426' title='bbox 1299 4196 1552 4249; x_wconf 64' lang='lat' dir='ltr'><strong>Ecclesia:</strong></span> <span class='ocrx_word' id='word_1_427' title='bbox 1591 4215 1690 4250; x_wconf 76' lang='lat' dir='ltr'><strong>vox</strong></span> <span class='ocrx_word' id='word_1_428' title='bbox 1741 4211 1822 4251; x_wconf 90' lang='lat' dir='ltr'><strong>est</strong></span> <span class='ocrx_word' id='word_1_429' title='bbox 1861 4216 2009 4265; x_wconf 75' lang='lat' dir='ltr'><strong>qua:-</strong></span> 
     </span>
    </p>
   </div>
   <div class='ocr_carea' id='block_1_59' title="bbox 437 4265 2011 4339">
    <p class='ocr_par' dir='ltr' id='par_1_59' title="bbox 437 4265 2011 4339">
     <span class='ocr_line' id='line_1_60' title="bbox 437 4265 2011 4339; baseline 0.006 -23"><span class='ocrx_word' id='word_1_430' title='bbox 437 4269 603 4320; x_wconf 78' lang='lat' dir='ltr'><strong>reuiis</strong></span> <span class='ocrx_word' id='word_1_431' title='bbox 641 4265 1046 4339; x_wconf 8' lang='lat' dir='ltr'><strong>acglaudautis;</strong></span> <span class='ocrx_word' id='word_1_432' title='bbox 1090 4280 1273 4332; x_wconf 89' lang='lat' dir='ltr'><strong>nunc,</strong></span> <span class='ocrx_word' id='word_1_433' title='bbox 1322 4268 1446 4334; x_wconf 87' lang='lat' dir='ltr'><strong>quid</strong></span> <span class='ocrx_word' id='word_1_434' title='bbox 1489 4277 1744 4335; x_wconf 64' lang='lat' dir='ltr'><strong>qutesitus</strong></span> <span class='ocrx_word' id='word_1_435' title='bbox 1793 4285 2011 4339; x_wconf 82' lang='lat' dir='ltr'><strong>respuit-</strong></span> 
     </span>
    </p>
   </div>
   <div class='ocr_carea' id='block_1_60' title="bbox 432 4336 966 4400">
    <p class='ocr_par' dir='ltr' id='par_1_60' title="bbox 432 4336 966 4400">
     <span class='ocr_line' id='line_1_61' title="bbox 432 4336 966 4400; baseline -0.002 -10"><span class='ocrx_word' id='word_1_436' title='bbox 432 4339 555 4390; x_wconf 75' lang='lat' dir='ltr'><strong>dett</strong></span> <span class='ocrx_word' id='word_1_437' title='bbox 575 4379 589 4400; x_wconf 91' lang='lat'><strong>,</strong></span> <span class='ocrx_word' id='word_1_438' title='bbox 623 4336 966 4390; x_wconf 75' lang='lat' dir='ltr'><strong>Stiliiitlei&#39;ttir.</strong></span> 
     </span>
    </p>
   </div>
   <div class='ocr_carea' id='block_1_61' title="bbox 501 4406 2006 4471">
    <p class='ocr_par' dir='ltr' id='par_1_61' title="bbox 501 4406 2006 4471">
     <span class='ocr_line' id='line_1_62' title="bbox 501 4406 2006 4471; baseline 0.003 -11"><span class='ocrx_word' id='word_1_439' title='bbox 501 4409 555 4461; x_wconf 80' lang='lat'><strong>‘2.</strong></span> <span class='ocrx_word' id='word_1_440' title='bbox 605 4406 833 4460; x_wconf 86' lang='lat' dir='ltr'><strong>Pulchra</strong></span> <span class='ocrx_word' id='word_1_441' title='bbox 872 4423 953 4471; x_wconf 76' lang='lat' dir='ltr'><strong>es,</strong></span> <span class='ocrx_word' id='word_1_442' title='bbox 985 4407 1148 4460; x_wconf 87' lang='lat' dir='ltr'><strong>amica</strong></span> <span class='ocrx_word' id='word_1_443' title='bbox 1176 4423 1289 4459; x_wconf 77' lang='lat' dir='ltr'><strong>mea</strong></span> <span class='ocrx_word' id='word_1_444' title='bbox 1309 4449 1322 4465; x_wconf 89' lang='lat'><strong>,</strong></span> <span class='ocrx_word' id='word_1_445' title='bbox 1356 4411 1524 4458; x_wconf 72' lang='lat' dir='ltr'><strong>suavis</strong></span> <span class='ocrx_word' id='word_1_446' title='bbox 1553 4417 1596 4459; x_wconf 87' lang='lat' dir='ltr'><strong>et</strong></span> <span class='ocrx_word' id='word_1_447' title='bbox 1625 4408 1842 4471; x_wconf 78' lang='lat' dir='ltr'><strong>decora,</strong></span> <span class='ocrx_word' id='word_1_448' title='bbox 1876 4411 2006 4465; x_wconf 85' lang='lat' dir='ltr'><strong>sicut</strong></span> 
     </span>
    </p>
   </div>
   <div class='ocr_carea' id='block_1_62' title="bbox 430 4477 2003 4547">
    <p class='ocr_par' dir='ltr' id='par_1_62' title="bbox 430 4477 2003 4547">
     <span class='ocr_line' id='line_1_63' title="bbox 430 4477 2003 4547; baseline 0.004 -19"><span class='ocrx_word' id='word_1_449' title='bbox 430 4477 737 4533; x_wconf 78' lang='lat' dir='ltr'><strong>Jerusalem.</strong></span> <span class='ocrx_word' id='word_1_450' title='bbox 771 4478 1020 4532; x_wconf 86' lang='lat' dir='ltr'><strong>Sanctam</strong></span> <span class='ocrx_word' id='word_1_451' title='bbox 1056 4479 1348 4532; x_wconf 81' lang='lat' dir='ltr'><strong>Ecclesiam</strong></span> <span class='ocrx_word' id='word_1_452' title='bbox 1390 4491 1538 4528; x_wconf 84' lang='lat' dir='ltr'><strong>suam</strong></span> <span class='ocrx_word' id='word_1_453' title='bbox 1585 4480 1810 4529; x_wconf 84' lang='lat' dir='ltr'><strong>amicam</strong></span> <span class='ocrx_word' id='word_1_454' title='bbox 1853 4481 2003 4547; x_wconf 86' lang='lat' dir='ltr'><strong>dicit,</strong></span> 
     </span>
    </p>
   </div>
   <div class='ocr_carea' id='block_1_63' title="bbox 430 4548 2014 4618">
    <p class='ocr_par' dir='ltr' id='par_1_63' title="bbox 430 4548 2014 4618">
     <span class='ocr_line' id='line_1_64' title="bbox 430 4548 2014 4618; baseline 0.002 -17"><span class='ocrx_word' id='word_1_455' title='bbox 430 4549 551 4617; x_wconf 86' lang='lat' dir='ltr'><strong>quia</strong></span> <span class='ocrx_word' id='word_1_456' title='bbox 583 4549 703 4618; x_wconf 86' lang='lat' dir='ltr'><strong>ejus</strong></span> <span class='ocrx_word' id='word_1_457' title='bbox 743 4560 862 4602; x_wconf 69' lang='lat' dir='ltr'><strong>vilic</strong></span> <span class='ocrx_word' id='word_1_458' title='bbox 904 4549 1226 4603; x_wconf 75' lang='lat' dir='ltr'><strong>desiderium</strong></span> <span class='ocrx_word' id='word_1_459' title='bbox 1256 4548 1443 4599; x_wconf 85' lang='lat' dir='ltr'><strong>visioni</strong></span> <span class='ocrx_word' id='word_1_460' title='bbox 1487 4548 1597 4614; x_wconf 88' lang='lat' dir='ltr'><strong>jam</strong></span> <span class='ocrx_word' id='word_1_461' title='bbox 1642 4562 1784 4615; x_wconf 77' lang='lat' dir='ltr'><strong>pacis</strong></span> <span class='ocrx_word' id='word_1_462' title='bbox 1816 4551 2014 4604; x_wconf 72' lang='lat' dir='ltr'><strong>intima:</strong></span> 
     </span>
    </p>
   </div>
   <div class='ocr_carea' id='block_1_64' title="bbox 430 4618 2014 4677">
    <p class='ocr_par' dir='ltr' id='par_1_64' title="bbox 430 4618 2014 4677">
     <span class='ocr_line' id='line_1_65' title="bbox 430 4618 2014 4677; baseline 0.003 -8"><span class='ocrx_word' id='word_1_463' title='bbox 430 4622 774 4673; x_wconf 62' lang='lat' dir='ltr'><strong>asaiinilatur.</strong></span> <span class='ocrx_word' id='word_1_464' title='bbox 809 4618 1067 4673; x_wconf 78' lang='lat' dir='ltr'><strong>Terribilis</strong></span> <span class='ocrx_word' id='word_1_465' title='bbox 1100 4631 1153 4672; x_wconf 89' lang='lat' dir='ltr'><strong>ut</strong></span> <span class='ocrx_word' id='word_1_466' title='bbox 1181 4633 1464 4672; x_wconf 87' lang='lat' dir='ltr'><strong>castrorum</strong></span> <span class='ocrx_word' id='word_1_467' title='bbox 1508 4618 1640 4671; x_wconf 72' lang='lat' dir='ltr'><strong>acies</strong></span> <span class='ocrx_word' id='word_1_468' title='bbox 1669 4620 1927 4676; x_wconf 83' lang='lat' dir='ltr'><strong>ordinata.</strong></span> <span class='ocrx_word' id='word_1_469' title='bbox 1964 4623 2014 4677; x_wconf 77' lang='lat' dir='ltr'><strong>Id</strong></span> 
     </span>
    </p>
   </div>
   <div class='ocr_carea' id='block_1_65' title="bbox 432 4690 2016 4755">
    <p class='ocr_par' dir='ltr' id='par_1_65' title="bbox 432 4690 2016 4755">
     <span class='ocr_line' id='line_1_66' title="bbox 432 4690 2016 4755; baseline 0.003 -12"><span class='ocrx_word' id='word_1_470' title='bbox 432 4701 549 4753; x_wconf 88' lang='lat' dir='ltr'><strong>cst,</strong></span> <span class='ocrx_word' id='word_1_471' title='bbox 583 4690 844 4744; x_wconf 88' lang='lat' dir='ltr'><strong>charilate</strong></span> <span class='ocrx_word' id='word_1_472' title='bbox 878 4692 1055 4753; x_wconf 88' lang='lat' dir='ltr'><strong>unita,</strong></span> <span class='ocrx_word' id='word_1_473' title='bbox 1095 4701 1150 4743; x_wconf 91' lang='lat' dir='ltr'><strong>et</strong></span> <span class='ocrx_word' id='word_1_474' title='bbox 1190 4699 1465 4755; x_wconf 84' lang='lat' dir='ltr'><strong>compacta</strong></span> <span class='ocrx_word' id='word_1_475' title='bbox 1490 4730 1503 4752; x_wconf 92' lang='lat'><strong>,</strong></span> <span class='ocrx_word' id='word_1_476' title='bbox 1551 4697 1609 4739; x_wconf 86' lang='lat' dir='ltr'><strong>ut</strong></span> <span class='ocrx_word' id='word_1_477' title='bbox 1649 4690 1823 4743; x_wconf 85' lang='lat' dir='ltr'><strong>nullus</strong></span> <span class='ocrx_word' id='word_1_478' title='bbox 1869 4693 2016 4748; x_wconf 86' lang='lat' dir='ltr'><strong>locus</strong></span> 
     </span>
    </p>
   </div>
   <div class='ocr_carea' id='block_1_66' title="bbox 433 4761 2012 4829">
    <p class='ocr_par' dir='ltr' id='par_1_66' title="bbox 433 4761 2012 4829">
     <span class='ocr_line' id='line_1_67' title="bbox 433 4761 2012 4829; baseline 0.004 -19"><span class='ocrx_word' id='word_1_479' title='bbox 433 4761 572 4811; x_wconf 73' lang='lat' dir='ltr'><strong>hosti</strong></span> <span class='ocrx_word' id='word_1_480' title='bbox 609 4768 702 4829; x_wconf 88' lang='lat' dir='ltr'><strong>pc&#39;r</strong></span> <span class='ocrx_word' id='word_1_481' title='bbox 748 4763 943 4814; x_wconf 83' lang='lat' dir='ltr'><strong>malum</strong></span> <span class='ocrx_word' id='word_1_482' title='bbox 988 4763 1269 4814; x_wconf 68' lang='lat' dir='ltr'><strong>discordia!</strong></span> <span class='ocrx_word' id='word_1_483' title='bbox 1311 4763 1605 4826; x_wconf 82' lang='lat' dir='ltr'><strong>aperiatur,</strong></span> <span class='ocrx_word' id='word_1_484' title='bbox 1649 4761 1770 4823; x_wconf 83' lang='lat' dir='ltr'><strong>quia</strong></span> <span class='ocrx_word' id='word_1_485' title='bbox 1813 4763 2012 4817; x_wconf 56' lang='lat' dir='ltr'><strong>solum.</strong></span> 
     </span>
    </p>
   </div>
   <div class='ocr_carea' id='block_1_67' title="bbox 430 4831 1793 4898">
    <p class='ocr_par' dir='ltr' id='par_1_67' title="bbox 430 4831 1793 4898">
     <span class='ocr_line' id='line_1_68' title="bbox 430 4831 1793 4898; baseline -0.001 -15"><span class='ocrx_word' id='word_1_486' title='bbox 430 4831 592 4884; x_wconf 81' lang='lat' dir='ltr'><strong>modo</strong></span> <span class='ocrx_word' id='word_1_487' title='bbox 623 4848 672 4883; x_wconf 90' lang='grc' dir='ltr'><strong>ιιι</strong></span> <span class='ocrx_word' id='word_1_488' title='bbox 709 4832 906 4883; x_wconf 86' lang='lat' dir='ltr'><strong>unitate</strong></span> <span class='ocrx_word' id='word_1_489' title='bbox 938 4832 1080 4898; x_wconf 89' lang='lat' dir='ltr'><strong>pacis</strong></span> <span class='ocrx_word' id='word_1_490' title='bbox 1125 4831 1391 4886; x_wconf 81' lang='lat' dir='ltr'><strong>terribiles</strong></span> <span class='ocrx_word' id='word_1_491' title='bbox 1421 4845 1606 4882; x_wconf 88' lang='lat' dir='ltr'><strong>sumus</strong></span> <span class='ocrx_word' id='word_1_492' title='bbox 1638 4831 1793 4882; x_wconf 81' lang='lat' dir='ltr'><strong>IlOSti.</strong></span> 
     </span>
    </p>
   </div>
   <div class='ocr_carea' id='block_1_68' title="bbox 501 4901 2011 4967">
    <p class='ocr_par' dir='ltr' id='par_1_68' title="bbox 501 4901 2011 4967">
     <span class='ocr_line' id='line_1_69' title="bbox 501 4901 2011 4967; baseline 0.003 -14"><span class='ocrx_word' id='word_1_493' title='bbox 501 4901 555 4953; x_wconf 73' lang='grc' dir='ltr'><strong>ὃ.</strong></span> <span class='ocrx_word' id='word_1_494' title='bbox 599 4901 781 4955; x_wconf 82' lang='lat' dir='ltr'><strong>Averte</strong></span> <span class='ocrx_word' id='word_1_495' title='bbox 821 4905 994 4954; x_wconf 85' lang='lat' dir='ltr'><strong>oculos</strong></span> <span class='ocrx_word' id='word_1_496' title='bbox 1037 4913 1147 4954; x_wconf 85' lang='lat' dir='ltr'><strong>tuos</strong></span> <span class='ocrx_word' id='word_1_497' title='bbox 1189 4919 1221 4954; x_wconf 93' lang='lat' dir='ltr'><strong>a</strong></span> <span class='ocrx_word' id='word_1_498' title='bbox 1258 4917 1370 4962; x_wconf 84' lang='lat' dir='ltr'><strong>me,</strong></span> <span class='ocrx_word' id='word_1_499' title='bbox 1418 4901 1536 4967; x_wconf 86' lang='lat' dir='ltr'><strong>quia</strong></span> <span class='ocrx_word' id='word_1_500' title='bbox 1577 4903 1675 4966; x_wconf 88' lang='lat' dir='ltr'><strong>ipsi</strong></span> <span class='ocrx_word' id='word_1_501' title='bbox 1703 4917 1782 4955; x_wconf 79' lang='lat' dir='ltr'><strong>me</strong></span> <span class='ocrx_word' id='word_1_502' title='bbox 1806 4902 2011 4958; x_wconf 60' lang='lat' dir='ltr'><strong>aiiolai‘e</strong></span> 
     </span>
    </p>
   </div>
   <div class='ocr_carea' id='block_1_69' title="bbox 429 4969 2008 5038">
    <p class='ocr_par' dir='ltr' id='par_1_69' title="bbox 429 4969 2008 5038">
     <span class='ocr_line' id='line_1_70' title="bbox 429 4969 2008 5038; baseline 0.003 -16"><span class='ocrx_word' id='word_1_503' title='bbox 429 4969 676 5038; x_wconf 81' lang='lat' dir='ltr'><strong>fecerunt.</strong></span> <span class='ocrx_word' id='word_1_504' title='bbox 708 4972 762 5025; x_wconf 91' lang='lat' dir='ltr'><strong>ld</strong></span> <span class='ocrx_word' id='word_1_505' title='bbox 808 4982 922 5034; x_wconf 82' lang='lat' dir='ltr'><strong>est,</strong></span> <span class='ocrx_word' id='word_1_506' title='bbox 968 4973 1136 5026; x_wconf 87' lang='lat' dir='ltr'><strong>oculis</strong></span> <span class='ocrx_word' id='word_1_507' title='bbox 1176 4972 1368 5024; x_wconf 81' lang='lat' dir='ltr'><strong>mentis</strong></span> <span class='ocrx_word' id='word_1_508' title='bbox 1407 4979 1509 5024; x_wconf 74' lang='lat' dir='ltr'><strong>tua:</strong></span> <span class='ocrx_word' id='word_1_509' title='bbox 1548 4973 1654 5025; x_wconf 92' lang='lat' dir='ltr'><strong>noli</strong></span> <span class='ocrx_word' id='word_1_510' title='bbox 1688 4988 1927 5038; x_wconf 63' lang='lat' dir='ltr'><strong>quaerere</strong></span> <span class='ocrx_word' id='word_1_511' title='bbox 1957 4976 2008 5028; x_wconf 91' lang='lat' dir='ltr'><strong>in</strong></span> 
     </span>
    </p>
   </div>
   <div class='ocr_carea' id='block_1_70' title="bbox 433 5041 2007 5112">
    <p class='ocr_par' dir='ltr' id='par_1_70' title="bbox 433 5041 2007 5112">
     <span class='ocr_line' id='line_1_71' title="bbox 433 5041 2007 5112; baseline 0 -20"><span class='ocrx_word' id='word_1_512' title='bbox 433 5051 535 5094; x_wconf 78' lang='lat' dir='ltr'><strong>tua:</strong></span> <span class='ocrx_word' id='word_1_513' title='bbox 585 5042 1028 5112; x_wconf 80' lang='lat' dir='ltr'><strong>peregrinationis</strong></span> <span class='ocrx_word' id='word_1_514' title='bbox 1059 5043 1248 5096; x_wconf 78' lang='lat' dir='ltr'><strong>itinere</strong></span> <span class='ocrx_word' id='word_1_515' title='bbox 1278 5041 1508 5108; x_wconf 69' lang='lat' dir='ltr'><strong>perteue</strong></span> <span class='ocrx_word' id='word_1_516' title='bbox 1536 5057 1621 5094; x_wconf 89' lang='lat' dir='ltr'><strong>tne</strong></span> <span class='ocrx_word' id='word_1_517' title='bbox 1662 5057 2007 5110; x_wconf 64' lang='lat' dir='ltr'><strong>cognoscere,</strong></span> 
     </span>
    </p>
   </div>
   <div class='ocr_carea' id='block_1_71' title="bbox 429 5112 2010 5182">
    <p class='ocr_par' dir='ltr' id='par_1_71' title="bbox 429 5112 2010 5182">
     <span class='ocr_line' id='line_1_72' title="bbox 429 5112 2010 5182; baseline 0.004 -21"><span class='ocrx_word' id='word_1_518' title='bbox 429 5112 553 5176; x_wconf 83' lang='lat' dir='ltr'><strong>quia</strong></span> <span class='ocrx_word' id='word_1_519' title='bbox 588 5113 698 5167; x_wconf 87' lang='lat' dir='ltr'><strong>lieri</strong></span> <span class='ocrx_word' id='word_1_520' title='bbox 736 5131 837 5166; x_wconf 88' lang='lat' dir='ltr'><strong>non</strong></span> <span class='ocrx_word' id='word_1_521' title='bbox 874 5124 1045 5181; x_wconf 85' lang='lat' dir='ltr'><strong>potest</strong></span> <span class='ocrx_word' id='word_1_522' title='bbox 1074 5131 1088 5177; x_wconf 88' lang='lat'><strong>;</strong></span> <span class='ocrx_word' id='word_1_523' title='bbox 1121 5113 1242 5181; x_wconf 85' lang='lat' dir='ltr'><strong>quia</strong></span> <span class='ocrx_word' id='word_1_524' title='bbox 1277 5127 1383 5180; x_wconf 89' lang='lat' dir='ltr'><strong>quo</strong></span> <span class='ocrx_word' id='word_1_525' title='bbox 1414 5113 1670 5164; x_wconf 89' lang='lat' dir='ltr'><strong>intentius</strong></span> <span class='ocrx_word' id='word_1_526' title='bbox 1713 5128 2010 5182; x_wconf 76' lang='lat' dir='ltr'><strong>agnoscere</strong></span> 
     </span>
    </p>
   </div>
   <div class='ocr_carea' id='block_1_72' title="bbox 429 5183 2010 5256">
    <p class='ocr_par' dir='ltr' id='par_1_72' title="bbox 429 5183 2010 5256">
     <span class='ocr_line' id='line_1_73' title="bbox 429 5183 2010 5256; baseline 0.003 -21"><span class='ocrx_word' id='word_1_527' title='bbox 429 5183 658 5256; x_wconf 56' lang='lat' dir='ltr'><strong>quieris,</strong></span> <span class='ocrx_word' id='word_1_528' title='bbox 691 5186 852 5256; x_wconf 74' lang='lat'><strong>202</strong></span> <span class='ocrx_word' id='word_1_529' title='bbox 883 5200 946 5237; x_wconf 86' lang='lat' dir='ltr'><strong>co</strong></span> <span class='ocrx_word' id='word_1_530' title='bbox 989 5185 1185 5256; x_wconf 86' lang='lat' dir='ltr'><strong>certius</strong></span> <span class='ocrx_word' id='word_1_531' title='bbox 1218 5183 1828 5256; x_wconf 78' lang='lat' dir='ltr'><strong>incompreliensibilem</strong></span> <span class='ocrx_word' id='word_1_532' title='bbox 1855 5187 2010 5240; x_wconf 76' lang='lat' dir='ltr'><strong>intel-</strong></span> 
     </span>
    </p>
   </div>
   <div class='ocr_carea' id='block_1_73' title="bbox 430 5250 2007 5324">
    <p class='ocr_par' dir='ltr' id='par_1_73' title="bbox 430 5250 2007 5324">
     <span class='ocr_line' id='line_1_74' title="bbox 430 5250 2007 5324; baseline 0.001 -18"><span class='ocrx_word' id='word_1_533' title='bbox 430 5250 601 5324; x_wconf 80' lang='lat' dir='ltr'><strong>liges;</strong></span> <span class='ocrx_word' id='word_1_534' title='bbox 635 5250 1061 5322; x_wconf 55' lang='lat' dir='ltr'><strong>erubui—quaeras</strong></span> <span class='ocrx_word' id='word_1_535' title='bbox 1089 5255 1140 5306; x_wconf 92' lang='lat' dir='ltr'><strong>in</strong></span> <span class='ocrx_word' id='word_1_536' title='bbox 1181 5255 1263 5306; x_wconf 87' lang='lat' dir='ltr'><strong>via</strong></span> <span class='ocrx_word' id='word_1_537' title='bbox 1294 5255 1602 5321; x_wconf 68' lang='lat' dir='ltr'><strong>pra-mium,</strong></span> <span class='ocrx_word' id='word_1_538' title='bbox 1632 5253 1774 5321; x_wconf 85' lang='lat' dir='ltr'><strong>quod</strong></span> <span class='ocrx_word' id='word_1_539' title='bbox 1819 5255 1870 5306; x_wconf 91' lang='lat' dir='ltr'><strong>in</strong></span> <span class='ocrx_word' id='word_1_540' title='bbox 1915 5273 2007 5324; x_wconf 84' lang='lat' dir='ltr'><strong>pa-</strong></span> 
     </span>
    </p>
   </div>
   <div class='ocr_carea' id='block_1_74' title="bbox 433 5323 2000 5393">
    <p class='ocr_par' dir='ltr' id='par_1_74' title="bbox 433 5323 2000 5393">
     <span class='ocr_line' id='line_1_75' title="bbox 433 5323 2000 5393; baseline 0.001 -19"><span class='ocrx_word' id='word_1_541' title='bbox 433 5323 532 5377; x_wconf 88' lang='lat' dir='ltr'><strong>tria</strong></span> <span class='ocrx_word' id='word_1_542' title='bbox 572 5335 898 5378; x_wconf 79' lang='lat' dir='ltr'><strong>reservatur.</strong></span> <span class='ocrx_word' id='word_1_543' title='bbox 939 5325 1127 5393; x_wconf 80' lang='lat' dir='ltr'><strong>Capilli</strong></span> <span class='ocrx_word' id='word_1_544' title='bbox 1166 5325 1241 5376; x_wconf 84' lang='lat' dir='ltr'><strong>liti</strong></span> <span class='ocrx_word' id='word_1_545' title='bbox 1266 5365 1281 5388; x_wconf 92' lang='lat'><strong>,</strong></span> <span class='ocrx_word' id='word_1_546' title='bbox 1312 5324 1442 5375; x_wconf 82' lang='lat' dir='ltr'><strong>sicut</strong></span> <span class='ocrx_word' id='word_1_547' title='bbox 1473 5339 1651 5393; x_wconf 77' lang='lat' dir='ltr'><strong>greges</strong></span> <span class='ocrx_word' id='word_1_548' title='bbox 1681 5323 1954 5388; x_wconf 74' lang='lat' dir='ltr'><strong>caprarum</strong></span> <span class='ocrx_word' id='word_1_549' title='bbox 1983 5366 2000 5392; x_wconf 86' lang='lat'><strong>,</strong></span> 
     </span>
    </p>
   </div>
   <div class='ocr_carea' id='block_1_75' title="bbox 429 5395 2006 5464">
    <p class='ocr_par' dir='ltr' id='par_1_75' title="bbox 429 5395 2006 5464">
     <span class='ocr_line' id='line_1_76' title="bbox 429 5395 2006 5464; baseline 0.002 -18"><span class='ocrx_word' id='word_1_550' title='bbox 429 5402 536 5449; x_wconf 71' lang='lat' dir='ltr'><strong>etc.</strong></span> <span class='ocrx_word' id='word_1_551' title='bbox 566 5397 664 5461; x_wconf 84' lang='lat' dir='ltr'><strong>Qui</strong></span> <span class='ocrx_word' id='word_1_552' title='bbox 694 5397 935 5450; x_wconf 72' lang='lat' dir='ltr'><strong>versmnli</strong></span> <span class='ocrx_word' id='word_1_553' title='bbox 966 5412 1108 5463; x_wconf 80' lang='lat' dir='ltr'><strong>prius</strong></span> <span class='ocrx_word' id='word_1_554' title='bbox 1135 5395 1291 5464; x_wconf 84' lang='lat' dir='ltr'><strong>positi</strong></span> <span class='ocrx_word' id='word_1_555' title='bbox 1322 5405 1446 5446; x_wconf 76' lang='lat' dir='ltr'><strong>sunt</strong></span> <span class='ocrx_word' id='word_1_556' title='bbox 1467 5435 1481 5455; x_wconf 93' lang='lat'><strong>,</strong></span> <span class='ocrx_word' id='word_1_557' title='bbox 1514 5396 1607 5445; x_wconf 71' lang='lat' dir='ltr'><strong>Sed</strong></span> <span class='ocrx_word' id='word_1_558' title='bbox 1640 5395 1884 5463; x_wconf 87' lang='lat' dir='ltr'><strong>repetitio</strong></span> <span class='ocrx_word' id='word_1_559' title='bbox 1915 5400 2006 5449; x_wconf 87' lang='lat' dir='ltr'><strong>tir-</strong></span> 
     </span>
    </p>
   </div>
   <div class='ocr_carea' id='block_1_76' title="bbox 432 5465 2008 5534">
    <p class='ocr_par' dir='ltr' id='par_1_76' title="bbox 432 5465 2008 5534">
     <span class='ocr_line' id='line_1_77' title="bbox 432 5465 2008 5534; baseline 0.003 -18"><span class='ocrx_word' id='word_1_560' title='bbox 432 5466 632 5520; x_wconf 83' lang='lat' dir='ltr'><strong>tnitatis</strong></span> <span class='ocrx_word' id='word_1_561' title='bbox 657 5475 739 5522; x_wconf 89' lang='lat' dir='ltr'><strong>est</strong></span> <span class='ocrx_word' id='word_1_562' title='bbox 769 5467 1044 5521; x_wconf 86' lang='lat' dir='ltr'><strong>iudiciuin.</strong></span> <span class='ocrx_word' id='word_1_563' title='bbox 1077 5467 1134 5520; x_wconf 90' lang='lat' dir='ltr'><strong>ln</strong></span> <span class='ocrx_word' id='word_1_564' title='bbox 1163 5466 1368 5534; x_wconf 82' lang='lat' dir='ltr'><strong>capillis</strong></span> <span class='ocrx_word' id='word_1_565' title='bbox 1409 5465 1586 5534; x_wconf 81' lang='lat' dir='ltr'><strong>pepuli</strong></span> <span class='ocrx_word' id='word_1_566' title='bbox 1608 5506 1624 5533; x_wconf 92' lang='lat'><strong>,</strong></span> <span class='ocrx_word' id='word_1_567' title='bbox 1665 5467 1719 5519; x_wconf 88' lang='lat' dir='ltr'><strong>in</strong></span> <span class='ocrx_word' id='word_1_568' title='bbox 1759 5467 2008 5523; x_wconf 83' lang='lat' dir='ltr'><strong>dentibus</strong></span> 
     </span>
    </p>
   </div>
   <div class='ocr_carea' id='block_1_77' title="bbox 503 5609 1995 5678">
    <p class='ocr_par' dir='ltr' id='par_1_77' title="bbox 503 5609 1995 5678">
     <span class='ocr_line' id='line_1_78' title="bbox 503 5609 1995 5678; baseline 0.005 -16"><span class='ocrx_word' id='word_1_569' title='bbox 503 5609 629 5664; x_wconf 74' lang='lat' dir='ltr'><strong>CAP.</strong></span> <span class='ocrx_word' id='word_1_570' title='bbox 670 5626 743 5662; x_wconf 90' lang='lat' dir='ltr'><strong>vi.</strong></span> <span class='ocrx_word' id='word_1_571' title='bbox 772 5642 844 5650; x_wconf 97' lang='lat'><strong>—</strong></span> <span class='ocrx_word' id='word_1_572' title='bbox 871 5609 936 5663; x_wconf 84' lang='lat' dir='ltr'><strong>N.</strong></span> <span class='ocrx_word' id='word_1_573' title='bbox 977 5609 1028 5666; x_wconf 87' lang='grc'><strong>9.</strong></span> <span class='ocrx_word' id='word_1_574' title='bbox 1071 5610 1323 5676; x_wconf 84' lang='lat' dir='ltr'><strong>Quamvis</strong></span> <span class='ocrx_word' id='word_1_575' title='bbox 1349 5623 1562 5666; x_wconf 87' lang='lat' dir='ltr'><strong>veteres</strong></span> <span class='ocrx_word' id='word_1_576' title='bbox 1587 5628 1720 5668; x_wconf 85' lang='lat' dir='ltr'><strong>mss.</strong></span> <span class='ocrx_word' id='word_1_577' title='bbox 1745 5612 1995 5678; x_wconf 82' lang='lat' dir='ltr'><strong>Codices.</strong></span> 
     </span>
    </p>
   </div>
   <div class='ocr_carea' id='block_1_78' title="bbox 431 5681 1996 5751">
    <p class='ocr_par' dir='ltr' id='par_1_78' title="bbox 431 5681 1996 5751">
     <span class='ocr_line' id='line_1_79' title="bbox 431 5681 1996 5751; baseline 0.004 -19"><span class='ocrx_word' id='word_1_578' title='bbox 431 5683 658 5751; x_wconf 69' lang='lat' dir='ltr'><strong>antiquae</strong></span> <span class='ocrx_word' id='word_1_579' title='bbox 692 5681 963 5751; x_wconf 70' lang='lat' dir='ltr'><strong>Edttioues</strong></span> <span class='ocrx_word' id='word_1_580' title='bbox 1004 5683 1270 5749; x_wconf 62' lang='lat' dir='ltr'><strong>plerasque</strong></span> <span class='ocrx_word' id='word_1_581' title='bbox 1291 5724 1306 5746; x_wconf 86' lang='lat'><strong>,</strong></span> <span class='ocrx_word' id='word_1_582' title='bbox 1339 5693 1500 5751; x_wconf 87' lang='lat' dir='ltr'><strong>atque</strong></span> <span class='ocrx_word' id='word_1_583' title='bbox 1532 5686 1765 5738; x_wconf 73' lang='lat' dir='ltr'><strong>Ecclesia</strong></span> <span class='ocrx_word' id='word_1_584' title='bbox 1798 5687 1849 5740; x_wconf 92' lang='lat' dir='ltr'><strong>in</strong></span> <span class='ocrx_word' id='word_1_585' title='bbox 1879 5688 1996 5738; x_wconf 77' lang='grc' dir='ltr'>υιίι.</span> 
     </span>
    </p>
   </div>
   <div class='ocr_carea' id='block_1_79' title="bbox 430 5749 1996 5826">
    <p class='ocr_par' dir='ltr' id='par_1_79' title="bbox 430 5749 1996 5826">
     <span class='ocr_line' id='line_1_80' title="bbox 430 5749 1996 5826; baseline 0.006 -22"><span class='ocrx_word' id='word_1_586' title='bbox 430 5749 543 5816; x_wconf 86' lang='lat' dir='ltr'><strong>cio,</strong></span> <span class='ocrx_word' id='word_1_587' title='bbox 575 5752 751 5816; x_wconf 79' lang='lat' dir='ltr'><strong>legant</strong></span> <span class='ocrx_word' id='word_1_588' title='bbox 784 5749 1090 5820; x_wconf 77' lang='lat' dir='ltr'><strong>Sunomilis,</strong></span> <span class='ocrx_word' id='word_1_589' title='bbox 1124 5757 1295 5826; x_wconf 78' lang='lat' dir='ltr'><strong>magis</strong></span> <span class='ocrx_word' id='word_1_590' title='bbox 1317 5749 1493 5811; x_wconf 74' lang='lat' dir='ltr'><strong>tanien</strong></span> <span class='ocrx_word' id='word_1_591' title='bbox 1523 5759 1848 5825; x_wconf 80' lang='lat' dir='ltr'><strong>probandum</strong></span> <span class='ocrx_word' id='word_1_592' title='bbox 1877 5773 1996 5814; x_wconf 83' lang='lat' dir='ltr'><strong>csse</strong></span> 
     </span>
    </p>
   </div>
   <div class='ocr_carea' id='block_1_80' title="bbox 2134 462 2534 529">
    <p class='ocr_par' dir='ltr' id='par_1_80' title="bbox 2134 462 2534 529">
     <span class='ocr_line' id='line_1_81' title="bbox 2134 462 2534 529; baseline 0.01 -15"><span class='ocrx_word' id='word_1_593' title='bbox 2134 462 2534 529; x_wconf 80' lang='lat' dir='ltr'><strong>intelliguntur.</strong></span> 
     </span>
    </p>
   </div>
   <div class='ocr_carea' id='block_1_81' title="bbox 2195 534 3710 613">
    <p class='ocr_par' dir='ltr' id='par_1_81' title="bbox 2195 534 3710 613">
     <span class='ocr_line' id='line_1_82' title="bbox 2195 534 3710 613; baseline 0.007 -26"><span class='ocrx_word' id='word_1_594' title='bbox 2195 534 2271 613; x_wconf 45' lang='grc'><strong>4.,</strong></span> <span class='ocrx_word' id='word_1_595' title='bbox 2294 535 2642 613; x_wconf 58' lang='lat' dir='ltr'><strong>Sicutcortea:</strong></span> <span class='ocrx_word' id='word_1_596' title='bbox 2669 536 2792 589; x_wconf 82' lang='lat' dir='ltr'><strong>ntali</strong></span> <span class='ocrx_word' id='word_1_597' title='bbox 2821 535 3038 613; x_wconf 54' lang='lat' dir='ltr'><strong>Punici,</strong></span> <span class='ocrx_word' id='word_1_598' title='bbox 3076 539 3167 613; x_wconf 67' lang='lat' dir='ltr'><strong>sic</strong></span> <span class='ocrx_word' id='word_1_599' title='bbox 3196 555 3337 613; x_wconf 71' lang='lat' dir='ltr'><strong>genta</strong></span> <span class='ocrx_word' id='word_1_600' title='bbox 3368 549 3486 613; x_wconf 63' lang='lat' dir='ltr'><strong>tua:</strong></span> <span class='ocrx_word' id='word_1_601' title='bbox 3523 543 3710 613; x_wconf 76' lang='lat' dir='ltr'><strong>absque</strong></span> 
     </span>
    </p>
   </div>
   <div class='ocr_carea' id='block_1_82' title="bbox 2127 603 3710 676">
    <p class='ocr_par' dir='ltr' id='par_1_82' title="bbox 2127 603 3710 676">
     <span class='ocr_line' id='line_1_83' title="bbox 2127 603 3710 676; baseline 0.01 -23"><span class='ocrx_word' id='word_1_602' title='bbox 2127 603 2338 676; x_wconf 65' lang='lat' dir='ltr'><strong>occultis</strong></span> <span class='ocrx_word' id='word_1_603' title='bbox 2378 606 2498 659; x_wconf 84' lang='lat' dir='ltr'><strong>tuis.</strong></span> <span class='ocrx_word' id='word_1_604' title='bbox 2535 606 2699 659; x_wconf 67' lang='lat' dir='ltr'><strong>Genat</strong></span> <span class='ocrx_word' id='word_1_605' title='bbox 2731 617 2930 661; x_wconf 75' lang='lat' dir='ltr'><strong>saucia:</strong></span> <span class='ocrx_word' id='word_1_606' title='bbox 2965 603 3219 662; x_wconf 55' lang='lat' dir='ltr'><strong>Ecclesiae</strong></span> <span class='ocrx_word' id='word_1_607' title='bbox 3250 611 3558 676; x_wconf 78' lang='lat' dir='ltr'><strong>spirituales</strong></span> <span class='ocrx_word' id='word_1_608' title='bbox 3588 603 3710 669; x_wconf 72' lang='lat' dir='ltr'><strong>sunt</strong></span> 
     </span>
    </p>
   </div>
   <div class='ocr_carea' id='block_1_83' title="bbox 2129 670 3712 744">
    <p class='ocr_par' dir='ltr' id='par_1_83' title="bbox 2129 670 3712 744">
     <span class='ocr_line' id='line_1_84' title="bbox 2129 670 3712 744; baseline 0.011 -21"><span class='ocrx_word' id='word_1_609' title='bbox 2129 670 2347 739; x_wconf 85' lang='lat' dir='ltr'><strong>Patres,</strong></span> <span class='ocrx_word' id='word_1_610' title='bbox 2391 679 2480 741; x_wconf 92' lang='lat' dir='ltr'><strong>qni</strong></span> <span class='ocrx_word' id='word_1_611' title='bbox 2535 678 2819 731; x_wconf 79' lang='lat' dir='ltr'><strong>virtutibus</strong></span> <span class='ocrx_word' id='word_1_612' title='bbox 2857 691 2983 731; x_wconf 74' lang='lat' dir='ltr'><strong>sunt</strong></span> <span class='ocrx_word' id='word_1_613' title='bbox 3025 670 3326 744; x_wconf 76' lang='lat' dir='ltr'><strong>mirabiles,</strong></span> <span class='ocrx_word' id='word_1_614' title='bbox 3374 691 3431 736; x_wconf 88' lang='lat' dir='ltr'><strong>et</strong></span> <span class='ocrx_word' id='word_1_615' title='bbox 3470 685 3712 740; x_wconf 79' lang='lat' dir='ltr'><strong>muribus</strong></span> 
     </span>
    </p>
   </div>
   <div class='ocr_carea' id='block_1_84' title="bbox 2126 747 3714 813">
    <p class='ocr_par' dir='ltr' id='par_1_84' title="bbox 2126 747 3714 813">
     <span class='ocr_line' id='line_1_85' title="bbox 2126 747 3714 813; baseline 0.009 -18"><span class='ocrx_word' id='word_1_616' title='bbox 2126 747 2465 798; x_wconf 81' lang='lat' dir='ltr'><strong>venerabiles</strong></span> <span class='ocrx_word' id='word_1_617' title='bbox 2487 790 2499 804; x_wconf 85' lang='lat'><strong>.</strong></span> <span class='ocrx_word' id='word_1_618' title='bbox 2532 757 2585 800; x_wconf 86' lang='lat' dir='ltr'><strong>et</strong></span> <span class='ocrx_word' id='word_1_619' title='bbox 2614 749 2664 799; x_wconf 93' lang='lat' dir='ltr'><strong>iu</strong></span> <span class='ocrx_word' id='word_1_620' title='bbox 2693 749 2890 800; x_wconf 75' lang='lat' dir='ltr'><strong>Christi</strong></span> <span class='ocrx_word' id='word_1_621' title='bbox 2923 764 3086 804; x_wconf 84' lang='lat' dir='ltr'><strong>cruce</strong></span> <span class='ocrx_word' id='word_1_622' title='bbox 3121 751 3339 813; x_wconf 74' lang='lat' dir='ltr'><strong>glariari</strong></span> <span class='ocrx_word' id='word_1_623' title='bbox 3382 768 3488 805; x_wconf 79' lang='lat' dir='ltr'><strong>non</strong></span> <span class='ocrx_word' id='word_1_624' title='bbox 3522 756 3714 809; x_wconf 83' lang='lat' dir='ltr'><strong>erube-</strong></span> 
     </span>
    </p>
   </div>
   <div class='ocr_carea' id='block_1_85' title="bbox 2126 817 3709 886">
    <p class='ocr_par' dir='ltr' id='par_1_85' title="bbox 2126 817 3709 886">
     <span class='ocr_line' id='line_1_86' title="bbox 2126 817 3709 886; baseline 0.009 -21"><span class='ocrx_word' id='word_1_625' title='bbox 2126 827 2357 870; x_wconf 82' lang='lat' dir='ltr'><strong>scentes.</strong></span> <span class='ocrx_word' id='word_1_626' title='bbox 2391 818 2451 869; x_wconf 89' lang='lat' dir='ltr'><strong>Et</strong></span> <span class='ocrx_word' id='word_1_627' title='bbox 2486 817 2598 872; x_wconf 75' lang='lat' dir='ltr'><strong>htec</strong></span> <span class='ocrx_word' id='word_1_628' title='bbox 2629 834 2818 886; x_wconf 84' lang='lat' dir='ltr'><strong>magna</strong></span> <span class='ocrx_word' id='word_1_629' title='bbox 2849 831 2972 872; x_wconf 84' lang='lat' dir='ltr'><strong>sunt</strong></span> <span class='ocrx_word' id='word_1_630' title='bbox 3001 821 3190 879; x_wconf 88' lang='lat' dir='ltr'><strong>valde.</strong></span> <span class='ocrx_word' id='word_1_631' title='bbox 3221 836 3343 884; x_wconf 70' lang='lat' dir='ltr'><strong>qua:</strong></span> <span class='ocrx_word' id='word_1_632' title='bbox 3376 824 3627 877; x_wconf 88' lang='lat' dir='ltr'><strong>videntur</strong></span> <span class='ocrx_word' id='word_1_633' title='bbox 3656 828 3709 880; x_wconf 91' lang='lat' dir='ltr'><strong>in</strong></span> 
     </span>
    </p>
   </div>
   <div class='ocr_carea' id='block_1_86' title="bbox 2124 886 3711 958">
    <p class='ocr_par' dir='ltr' id='par_1_86' title="bbox 2124 886 3711 958">
     <span class='ocr_line' id='line_1_87' title="bbox 2124 886 3711 958; baseline 0.009 -21"><span class='ocrx_word' id='word_1_634' title='bbox 2124 899 2229 945; x_wconf 87' lang='lat' dir='ltr'><strong>ea;</strong></span> <span class='ocrx_word' id='word_1_635' title='bbox 2265 886 2358 940; x_wconf 86' lang='lat' dir='ltr'><strong>sed</strong></span> <span class='ocrx_word' id='word_1_636' title='bbox 2392 890 2556 939; x_wconf 77' lang='lat' dir='ltr'><strong>multo</strong></span> <span class='ocrx_word' id='word_1_637' title='bbox 2587 889 2788 958; x_wconf 85' lang='lat' dir='ltr'><strong>majora</strong></span> <span class='ocrx_word' id='word_1_638' title='bbox 2817 905 2936 958; x_wconf 69' lang='lat' dir='ltr'><strong>quae</strong></span> <span class='ocrx_word' id='word_1_639' title='bbox 2979 905 3084 945; x_wconf 87' lang='lat' dir='ltr'><strong>non</strong></span> <span class='ocrx_word' id='word_1_640' title='bbox 3126 891 3399 958; x_wconf 87' lang='lat' dir='ltr'><strong>videntur,</strong></span> <span class='ocrx_word' id='word_1_641' title='bbox 3442 906 3498 948; x_wconf 88' lang='lat' dir='ltr'><strong>et</strong></span> <span class='ocrx_word' id='word_1_642' title='bbox 3540 896 3596 949; x_wconf 91' lang='lat' dir='ltr'><strong>in</strong></span> <span class='ocrx_word' id='word_1_643' title='bbox 3636 896 3711 951; x_wconf 72' lang='grc' dir='ltr'>ῐιισ</span> 
     </span>
    </p>
   </div>
   <div class='ocr_carea' id='block_1_87' title="bbox 2126 961 2764 1012">
    <p class='ocr_par' dir='ltr' id='par_1_87' title="bbox 2126 961 2764 1012">
     <span class='ocr_line' id='line_1_88' title="bbox 2126 961 2764 1012; baseline 0.013 -6"><span class='ocrx_word' id='word_1_644' title='bbox 2126 961 2246 1008; x_wconf 77' lang='lat' dir='ltr'><strong>turn</strong></span> <span class='ocrx_word' id='word_1_645' title='bbox 2279 969 2647 1012; x_wconf 73' lang='lat' dir='ltr'><strong>I&#39;CSCI&#39;VMHIII&#39;.</strong></span> <span class='ocrx_word' id='word_1_646' title='bbox 2761 980 2764 981; x_wconf 62' lang='grc'><strong><em>⁷</em></strong></span> 
     </span>
    </p>
   </div>
   <div class='ocr_carea' id='block_1_88' title="bbox 2196 1023 3710 1104">
    <p class='ocr_par' dir='ltr' id='par_1_88' title="bbox 2196 1023 3710 1104">
     <span class='ocr_line' id='line_1_89' title="bbox 2196 1023 3710 1104; baseline 0.009 -27"><span class='ocrx_word' id='word_1_647' title='bbox 2196 1023 2269 1104; x_wconf 68' lang='grc' dir='ltr'><strong>5.Δ</strong></span> <span class='ocrx_word' id='word_1_648' title='bbox 2295 1027 2579 1104; x_wconf 68' lang='lat' dir='ltr'><strong>Sexaginta</strong></span> <span class='ocrx_word' id='word_1_649' title='bbox 2614 1039 2731 1084; x_wconf 79' lang='lat' dir='ltr'><strong>sunt</strong></span> <span class='ocrx_word' id='word_1_650' title='bbox 2757 1032 2975 1100; x_wconf 66' lang='lat' dir='ltr'><strong>regium,</strong></span> <span class='ocrx_word' id='word_1_651' title='bbox 3008 1040 3057 1084; x_wconf 76' lang='lat' dir='ltr'><strong>et</strong></span> <span class='ocrx_word' id='word_1_652' title='bbox 3085 1033 3342 1101; x_wconf 82' lang='lat' dir='ltr'><strong>octoginta</strong></span> <span class='ocrx_word' id='word_1_653' title='bbox 3373 1039 3710 1104; x_wconf 64' lang='lat' dir='ltr'><strong>concubinas,</strong></span> 
     </span>
    </p>
   </div>
   <div class='ocr_carea' id='block_1_89' title="bbox 2123 1098 3714 1175">
    <p class='ocr_par' dir='ltr' id='par_1_89' title="bbox 2123 1098 3714 1175">
     <span class='ocr_line' id='line_1_90' title="bbox 2123 1098 3714 1175; baseline 0.008 -25"><span class='ocrx_word' id='word_1_654' title='bbox 2123 1105 2172 1150; x_wconf 80' lang='lat' dir='ltr'><strong>et</strong></span> <span class='ocrx_word' id='word_1_655' title='bbox 2200 1098 2696 1175; x_wconf 77' lang='lat' dir='ltr'><strong>adulescentulorum</strong></span> <span class='ocrx_word' id='word_1_656' title='bbox 2724 1098 2954 1175; x_wconf 71' lang='lat' dir='ltr'><strong>nonest</strong></span> <span class='ocrx_word' id='word_1_657' title='bbox 2976 1098 3240 1175; x_wconf 70' lang='lat' dir='ltr'><strong>numerus.</strong></span> <span class='ocrx_word' id='word_1_658' title='bbox 3283 1104 3502 1171; x_wconf 74' lang='lat' dir='ltr'><strong>Regina:</strong></span> <span class='ocrx_word' id='word_1_659' title='bbox 3551 1098 3714 1175; x_wconf 66' lang='lat' dir='ltr'><strong>sunt,</strong></span> 
     </span>
    </p>
   </div>
   <div class='ocr_carea' id='block_1_90' title="bbox 2123 1172 3722 1246">
    <p class='ocr_par' dir='ltr' id='par_1_90' title="bbox 2123 1172 3722 1246">
     <span class='ocr_line' id='line_1_91' title="bbox 2123 1172 3722 1246; baseline 0.009 -28"><span class='ocrx_word' id='word_1_660' title='bbox 2123 1183 2242 1246; x_wconf 57' lang='lat' dir='ltr'><strong>qua?</strong></span> <span class='ocrx_word' id='word_1_661' title='bbox 2266 1183 2449 1246; x_wconf 76' lang='lat' dir='ltr'><strong>amore</strong></span> <span class='ocrx_word' id='word_1_662' title='bbox 2471 1174 2650 1246; x_wconf 82' lang='lat' dir='ltr'><strong>sponsi</strong></span> <span class='ocrx_word' id='word_1_663' title='bbox 2670 1181 2732 1246; x_wconf 69' lang='grc' dir='ltr'><strong>Δει</strong></span> <span class='ocrx_word' id='word_1_664' title='bbox 2755 1172 2988 1246; x_wconf 63' lang='lat' dir='ltr'><strong>caelestis</strong></span> <span class='ocrx_word' id='word_1_665' title='bbox 3005 1172 3216 1246; x_wconf 72' lang='lat' dir='ltr'><strong>praemii</strong></span> <span class='ocrx_word' id='word_1_666' title='bbox 3243 1175 3437 1228; x_wconf 82' lang='lat' dir='ltr'><strong>intuitu</strong></span> <span class='ocrx_word' id='word_1_667' title='bbox 3465 1193 3561 1244; x_wconf 89' lang='lat' dir='ltr'><strong>per</strong></span> <span class='ocrx_word' id='word_1_668' title='bbox 3585 1172 3722 1246; x_wconf 60' lang='lat' dir='ltr'><strong>prael-</strong></span> 
     </span>
    </p>
   </div>
   <div class='ocr_carea' id='block_1_91' title="bbox 2125 1239 3719 1310">
    <p class='ocr_par' dir='ltr' id='par_1_91' title="bbox 2125 1239 3719 1310">
     <span class='ocr_line' id='line_1_92' title="bbox 2125 1239 3719 1310; baseline 0.005 -21"><span class='ocrx_word' id='word_1_669' title='bbox 2125 1239 2442 1310; x_wconf 81' lang='lat' dir='ltr'><strong>dicationetn</strong></span> <span class='ocrx_word' id='word_1_670' title='bbox 2475 1242 2712 1295; x_wconf 85' lang='lat' dir='ltr'><strong>veritatis</strong></span> <span class='ocrx_word' id='word_1_671' title='bbox 2741 1253 2795 1295; x_wconf 90' lang='lat' dir='ltr'><strong>et</strong></span> <span class='ocrx_word' id='word_1_672' title='bbox 2825 1244 2960 1296; x_wconf 82' lang='lat' dir='ltr'><strong>sacri</strong></span> <span class='ocrx_word' id='word_1_673' title='bbox 3004 1243 3339 1310; x_wconf 83' lang='lat' dir='ltr'><strong>baptismatis</strong></span> <span class='ocrx_word' id='word_1_674' title='bbox 3381 1239 3596 1301; x_wconf 36' lang='lat' dir='ltr'><strong>fontem.</strong></span> <span class='ocrx_word' id='word_1_675' title='bbox 3631 1265 3719 1303; x_wconf 77' lang='lat' dir='ltr'><strong>So-</strong></span> 
     </span>
    </p>
   </div>
   <div class='ocr_carea' id='block_1_92' title="bbox 2123 1307 3717 1382">
    <p class='ocr_par' dir='ltr' id='par_1_92' title="bbox 2123 1307 3717 1382">
     <span class='ocr_line' id='line_1_93' title="bbox 2123 1307 3717 1382; baseline 0.008 -21"><span class='ocrx_word' id='word_1_676' title='bbox 2123 1307 2300 1362; x_wconf 87' lang='lat' dir='ltr'><strong>bolem</strong></span> <span class='ocrx_word' id='word_1_677' title='bbox 2333 1319 2536 1362; x_wconf 68' lang='lat' dir='ltr'><strong>aeterno</strong></span> <span class='ocrx_word' id='word_1_678' title='bbox 2573 1313 2682 1377; x_wconf 78' lang='lat' dir='ltr'><strong>regi</strong></span> <span class='ocrx_word' id='word_1_679' title='bbox 2713 1314 3043 1380; x_wconf 82' lang='lat' dir='ltr'><strong>spiritnaiem</strong></span> <span class='ocrx_word' id='word_1_680' title='bbox 3077 1307 3354 1382; x_wconf 78' lang='lat' dir='ltr'><strong>generant.</strong></span> <span class='ocrx_word' id='word_1_681' title='bbox 3385 1315 3717 1374; x_wconf 64' lang='lat' dir='ltr'><strong>Concubitus:</strong></span> 
     </span>
    </p>
   </div>
   <div class='ocr_carea' id='block_1_93' title="bbox 2122 1384 3709 1448">
    <p class='ocr_par' dir='ltr' id='par_1_93' title="bbox 2122 1384 3709 1448">
     <span class='ocr_line' id='line_1_94' title="bbox 2122 1384 3709 1448; baseline 0.008 -18"><span class='ocrx_word' id='word_1_682' title='bbox 2122 1388 2278 1443; x_wconf 86' lang='lat' dir='ltr'><strong>sunt,</strong></span> <span class='ocrx_word' id='word_1_683' title='bbox 2323 1394 2443 1448; x_wconf 62' lang='lat' dir='ltr'><strong>qua</strong></span> <span class='ocrx_word' id='word_1_684' title='bbox 2482 1384 2684 1435; x_wconf 89' lang='lat' dir='ltr'><strong>carnali</strong></span> <span class='ocrx_word' id='word_1_685' title='bbox 2726 1385 3068 1437; x_wconf 67' lang='lat' dir='ltr'><strong>solummodo</strong></span> <span class='ocrx_word' id='word_1_686' title='bbox 3107 1387 3390 1438; x_wconf 88' lang='lat' dir='ltr'><strong>commodo</strong></span> <span class='ocrx_word' id='word_1_687' title='bbox 3433 1386 3709 1443; x_wconf 84' lang='lat' dir='ltr'><strong>Christum</strong></span> 
     </span>
    </p>
   </div>
   <div class='ocr_carea' id='block_1_94' title="bbox 2125 1450 3716 1521">
    <p class='ocr_par' dir='ltr' id='par_1_94' title="bbox 2125 1450 3716 1521">
     <span class='ocr_line' id='line_1_95' title="bbox 2125 1450 3716 1521; baseline 0.008 -20"><span class='ocrx_word' id='word_1_688' title='bbox 2125 1450 2496 1521; x_wconf 66' lang='lat' dir='ltr'><strong>prazdicantlo,</strong></span> <span class='ocrx_word' id='word_1_689' title='bbox 2547 1453 2629 1506; x_wconf 89' lang='lat' dir='ltr'><strong>vel</strong></span> <span class='ocrx_word' id='word_1_690' title='bbox 2672 1453 3024 1518; x_wconf 85' lang='lat' dir='ltr'><strong>baptizando,</strong></span> <span class='ocrx_word' id='word_1_691' title='bbox 3067 1452 3304 1521; x_wconf 89' lang='lat' dir='ltr'><strong>docent;</strong></span> <span class='ocrx_word' id='word_1_692' title='bbox 3351 1466 3405 1510; x_wconf 90' lang='lat' dir='ltr'><strong>et</strong></span> <span class='ocrx_word' id='word_1_693' title='bbox 3445 1459 3568 1510; x_wconf 82' lang='lat' dir='ltr'><strong>ideo</strong></span> <span class='ocrx_word' id='word_1_694' title='bbox 3607 1460 3716 1513; x_wconf 81' lang='lat' dir='ltr'><strong>illa:</strong></span> 
     </span>
    </p>
   </div>
   <div class='ocr_carea' id='block_1_95' title="bbox 2127 1519 3716 1596">
    <p class='ocr_par' dir='ltr' id='par_1_95' title="bbox 2127 1519 3716 1596">
     <span class='ocr_line' id='line_1_96' title="bbox 2127 1519 3716 1596; baseline 0.008 -24"><span class='ocrx_word' id='word_1_695' title='bbox 2127 1519 2456 1596; x_wconf 71' lang='lat' dir='ltr'><strong>perfectione</strong></span> <span class='ocrx_word' id='word_1_696' title='bbox 2487 1523 2682 1596; x_wconf 77' lang='lat' dir='ltr'><strong>senarii</strong></span> <span class='ocrx_word' id='word_1_697' title='bbox 2715 1527 2957 1588; x_wconf 86' lang='lat' dir='ltr'><strong>muneri,</strong></span> <span class='ocrx_word' id='word_1_698' title='bbox 2989 1539 3086 1591; x_wconf 88' lang='lat' dir='ltr'><strong>per</strong></span> <span class='ocrx_word' id='word_1_699' title='bbox 3123 1519 3405 1579; x_wconf 85' lang='lat' dir='ltr'><strong>denarium</strong></span> <span class='ocrx_word' id='word_1_700' title='bbox 3432 1567 3449 1590; x_wconf 93' lang='lat'><strong>,</strong></span> <span class='ocrx_word' id='word_1_701' title='bbox 3491 1540 3716 1596; x_wconf 55' lang='lat' dir='ltr'><strong>propti-r</strong></span> 
     </span>
    </p>
   </div>
   <div class='ocr_carea' id='block_1_96' title="bbox 2123 1588 3718 1660">
    <p class='ocr_par' dir='ltr' id='par_1_96' title="bbox 2123 1588 3718 1660">
     <span class='ocr_line' id='line_1_97' title="bbox 2123 1588 3718 1660; baseline 0.008 -19"><span class='ocrx_word' id='word_1_702' title='bbox 2123 1588 2436 1660; x_wconf 82' lang='lat' dir='ltr'><strong>decalogutn</strong></span> <span class='ocrx_word' id='word_1_703' title='bbox 2467 1591 2839 1660; x_wconf 75' lang='lat' dir='ltr'><strong>designantur.</strong></span> <span class='ocrx_word' id='word_1_704' title='bbox 2881 1588 3310 1650; x_wconf 82' lang='lat' dir='ltr'><strong>Adolescentqu</strong></span> <span class='ocrx_word' id='word_1_705' title='bbox 3349 1588 3718 1654; x_wconf 46' lang='lat' dir='ltr'><strong>sunt&#39;aniuta:</strong></span> 
     </span>
    </p>
   </div>
   <div class='ocr_carea' id='block_1_97' title="bbox 2124 1661 3720 1736">
    <p class='ocr_par' dir='ltr' id='par_1_97' title="bbox 2124 1661 3720 1736">
     <span class='ocr_line' id='line_1_98' title="bbox 2124 1661 3720 1736; baseline 0.008 -24"><span class='ocrx_word' id='word_1_706' title='bbox 2124 1674 2294 1736; x_wconf 83' lang='lat' dir='ltr'><strong>nuper</strong></span> <span class='ocrx_word' id='word_1_707' title='bbox 2323 1661 2536 1736; x_wconf 77' lang='lat' dir='ltr'><strong>Christo</strong></span> <span class='ocrx_word' id='word_1_708' title='bbox 2567 1673 2767 1736; x_wconf 70' lang='lat' dir='ltr'><strong>renata:</strong></span> <span class='ocrx_word' id='word_1_709' title='bbox 2789 1704 2804 1727; x_wconf 91' lang='lat'><strong>,</strong></span> <span class='ocrx_word' id='word_1_710' title='bbox 2836 1679 3062 1732; x_wconf 87' lang='lat' dir='ltr'><strong>quarum</strong></span> <span class='ocrx_word' id='word_1_711' title='bbox 3091 1680 3300 1719; x_wconf 88' lang='lat' dir='ltr'><strong>summa</strong></span> <span class='ocrx_word' id='word_1_712' title='bbox 3333 1677 3553 1736; x_wconf 76' lang='lat' dir='ltr'><strong>propter</strong></span> <span class='ocrx_word' id='word_1_713' title='bbox 3580 1675 3720 1725; x_wconf 90' lang='lat' dir='ltr'><strong>inul-</strong></span> 
     </span>
    </p>
   </div>
   <div class='ocr_carea' id='block_1_98' title="bbox 2055 1731 3683 1819">
    <p class='ocr_par' dir='ltr' id='par_1_98' title="bbox 2055 1731 3683 1819">
     <span class='ocr_line' id='line_1_99' title="bbox 2055 1731 3683 1819; baseline 0.008 -38"><span class='ocrx_word' id='word_1_714' title='bbox 2055 1760 2100 1819; x_wconf 72' lang='grc' dir='ltr'><strong>Β</strong></span> <span class='ocrx_word' id='word_1_715' title='bbox 2131 1731 2411 1819; x_wconf 46' lang='grc' dir='ltr'>ιιιιιέιίιῑειη</span> <span class='ocrx_word' id='word_1_716' title='bbox 2444 1733 2636 1819; x_wconf 64' lang='lat' dir='ltr'><strong>civium</strong></span> <span class='ocrx_word' id='word_1_717' title='bbox 2668 1731 2972 1819; x_wconf 68' lang='lat' dir='ltr'><strong>(&#39;qelestium</strong></span> <span class='ocrx_word' id='word_1_718' title='bbox 3005 1751 3292 1819; x_wconf 65' lang='lat' dir='ltr'><strong>numerum</strong></span> <span class='ocrx_word' id='word_1_719' title='bbox 3329 1731 3683 1819; x_wconf 56' lang='lat' dir='ltr'><strong>transcendit.</strong></span> 
     </span>
    </p>
   </div>
   <div class='ocr_carea' id='block_1_99' title="bbox 2206 1800 3721 1872">
    <p class='ocr_par' dir='ltr' id='par_1_99' title="bbox 2206 1800 3721 1872">
     <span class='ocr_line' id='line_1_100' title="bbox 2206 1800 3721 1872; baseline 0.005 -18"><span class='ocrx_word' id='word_1_720' title='bbox 2304 1800 2418 1854; x_wconf 84' lang='lat' dir='ltr'><strong>Una</strong></span> <span class='ocrx_word' id='word_1_721' title='bbox 2446 1814 2521 1854; x_wconf 80' lang='lat' dir='ltr'><strong>est</strong></span> <span class='ocrx_word' id='word_1_722' title='bbox 2548 1805 2782 1856; x_wconf 78' lang='lat' dir='ltr'><strong>columba</strong></span> <span class='ocrx_word' id='word_1_723' title='bbox 2814 1821 2960 1868; x_wconf 84' lang='lat' dir='ltr'><strong>utea,</strong></span> <span class='ocrx_word' id='word_1_724' title='bbox 2990 1805 3212 1872; x_wconf 77' lang='lat' dir='ltr'><strong>perfecta</strong></span> <span class='ocrx_word' id='word_1_725' title='bbox 3243 1823 3372 1859; x_wconf 75' lang='lat' dir='ltr'><strong>mea.</strong></span> <span class='ocrx_word' id='word_1_726' title='bbox 3415 1809 3610 1863; x_wconf 80' lang='lat' dir='ltr'><strong>Sancta</strong></span> <span class='ocrx_word' id='word_1_727' title='bbox 3647 1815 3721 1862; x_wconf 80' lang='lat' dir='ltr'><strong>vi-</strong></span> 
     </span>
    </p>
   </div>
   <div class='ocr_carea' id='block_1_100' title="bbox 2133 1868 3721 1940">
    <p class='ocr_par' dir='ltr' id='par_1_100' title="bbox 2133 1868 3721 1940">
     <span class='ocr_line' id='line_1_101' title="bbox 2133 1868 3721 1940; baseline 0.008 -18"><span class='ocrx_word' id='word_1_728' title='bbox 2133 1868 2328 1924; x_wconf 89' lang='lat' dir='ltr'><strong>delicet</strong></span> <span class='ocrx_word' id='word_1_729' title='bbox 2351 1883 2405 1925; x_wconf 88' lang='lat' dir='ltr'><strong>et</strong></span> <span class='ocrx_word' id='word_1_730' title='bbox 2434 1874 2751 1928; x_wconf 87' lang='lat' dir='ltr'><strong>universalis</strong></span> <span class='ocrx_word' id='word_1_731' title='bbox 2780 1891 2872 1940; x_wconf 80' lang='lat' dir='ltr'><strong>per</strong></span> <span class='ocrx_word' id='word_1_732' title='bbox 2899 1868 3064 1928; x_wconf 86' lang='lat' dir='ltr'><strong>totum</strong></span> <span class='ocrx_word' id='word_1_733' title='bbox 3083 1868 3277 1930; x_wconf 82' lang='lat' dir='ltr'><strong>orbein</strong></span> <span class='ocrx_word' id='word_1_734' title='bbox 3309 1879 3567 1934; x_wconf 63' lang='lat' dir='ltr'><strong>licciesia.</strong></span> <span class='ocrx_word' id='word_1_735' title='bbox 3602 1879 3721 1934; x_wconf 80' lang='lat' dir='ltr'><strong>Uita</strong></span> 
     </span>
    </p>
   </div>
   <div class='ocr_carea' id='block_1_101' title="bbox 2132 1943 3717 2016">
    <p class='ocr_par' dir='ltr' id='par_1_101' title="bbox 2132 1943 3717 2016">
     <span class='ocr_line' id='line_1_102' title="bbox 2132 1943 3717 2016; baseline 0.008 -24"><span class='ocrx_word' id='word_1_736' title='bbox 2132 1943 2386 2016; x_wconf 60' lang='lat' dir='ltr'><strong>“(matri</strong></span> <span class='ocrx_word' id='word_1_737' title='bbox 2413 1959 2538 2008; x_wconf 66' lang='lat' dir='ltr'><strong>suae,</strong></span> <span class='ocrx_word' id='word_1_738' title='bbox 2571 1947 2727 1998; x_wconf 84' lang='lat' dir='ltr'><strong>electa</strong></span> <span class='ocrx_word' id='word_1_739' title='bbox 2755 1945 2992 2016; x_wconf 85' lang='lat' dir='ltr'><strong>genitrici</strong></span> <span class='ocrx_word' id='word_1_740' title='bbox 3021 1961 3147 2000; x_wconf 64' lang='lat' dir='ltr'><strong>suat.</strong></span> <span class='ocrx_word' id='word_1_741' title='bbox 3180 1946 3330 2000; x_wconf 80' lang='lat' dir='ltr'><strong>Matri</strong></span> <span class='ocrx_word' id='word_1_742' title='bbox 3361 1963 3496 2010; x_wconf 62' lang='lat' dir='ltr'><strong>sitas,</strong></span> <span class='ocrx_word' id='word_1_743' title='bbox 3530 1952 3581 2002; x_wconf 88' lang='lat' dir='ltr'><strong>id</strong></span> <span class='ocrx_word' id='word_1_744' title='bbox 3613 1963 3717 2015; x_wconf 73' lang='grc' dir='ltr'>εει,</span> 
     </span>
    </p>
   </div>
   <div class='ocr_carea' id='block_1_102' title="bbox 2132 2012 3716 2082">
    <p class='ocr_par' dir='ltr' id='par_1_102' title="bbox 2132 2012 3716 2082">
     <span class='ocr_line' id='line_1_103' title="bbox 2132 2012 3716 2082; baseline 0.007 -18"><span class='ocrx_word' id='word_1_745' title='bbox 2132 2012 2337 2082; x_wconf 68' lang='grc' dir='ltr'>ςιεΙεειί</span> <span class='ocrx_word' id='word_1_746' title='bbox 2364 2012 2696 2077; x_wconf 88' lang='lat' dir='ltr'><strong>Jerusalem,</strong></span> <span class='ocrx_word' id='word_1_747' title='bbox 2725 2012 2847 2082; x_wconf 73' lang='lat' dir='ltr'><strong>quae</strong></span> <span class='ocrx_word' id='word_1_748' title='bbox 2871 2027 2950 2068; x_wconf 90' lang='lat' dir='ltr'><strong>est</strong></span> <span class='ocrx_word' id='word_1_749' title='bbox 2981 2026 3154 2070; x_wconf 82' lang='lat' dir='ltr'><strong>mater</strong></span> <span class='ocrx_word' id='word_1_750' title='bbox 3177 2019 3415 2070; x_wconf 88' lang='lat' dir='ltr'><strong>omnium</strong></span> <span class='ocrx_word' id='word_1_751' title='bbox 3447 2012 3716 2075; x_wconf 54' lang='lat' dir='ltr'><strong>nostrum;</strong></span> 
     </span>
    </p>
   </div>
   <div class='ocr_carea' id='block_1_103' title="bbox 2135 2079 3721 2158">
    <p class='ocr_par' dir='ltr' id='par_1_103' title="bbox 2135 2079 3721 2158">
     <span class='ocr_line' id='line_1_104' title="bbox 2135 2079 3721 2158; baseline 0.006 -24"><span class='ocrx_word' id='word_1_752' title='bbox 2135 2079 2286 2134; x_wconf 81' lang='lat' dir='ltr'><strong>Unde</strong></span> <span class='ocrx_word' id='word_1_753' title='bbox 2323 2083 2389 2135; x_wconf 89' lang='lat' dir='ltr'><strong>ad</strong></span> <span class='ocrx_word' id='word_1_754' title='bbox 2434 2100 2529 2158; x_wconf 77' lang='lat' dir='ltr'><strong>nos</strong></span> <span class='ocrx_word' id='word_1_755' title='bbox 2567 2079 2754 2158; x_wconf 68' lang='lat' dir='ltr'><strong>gratia</strong></span> <span class='ocrx_word' id='word_1_756' title='bbox 2783 2086 3016 2158; x_wconf 66' lang='lat' dir='ltr'><strong>Spiritus</strong></span> <span class='ocrx_word' id='word_1_757' title='bbox 3051 2088 3221 2158; x_wconf 84' lang='lat' dir='ltr'><strong>sancti</strong></span> <span class='ocrx_word' id='word_1_758' title='bbox 3263 2090 3542 2158; x_wconf 78' lang='lat' dir='ltr'><strong>descendit</strong></span> <span class='ocrx_word' id='word_1_759' title='bbox 3566 2133 3582 2156; x_wconf 84' lang='lat'><strong>,</strong></span> <span class='ocrx_word' id='word_1_760' title='bbox 3627 2108 3721 2158; x_wconf 85' lang='lat' dir='ltr'><strong>per</strong></span> 
     </span>
    </p>
   </div>
   <div class='ocr_carea' id='block_1_104' title="bbox 2132 2152 3720 2225">
    <p class='ocr_par' dir='ltr' id='par_1_104' title="bbox 2132 2152 3720 2225">
     <span class='ocr_line' id='line_1_105' title="bbox 2132 2152 3720 2225; baseline 0.008 -22"><span class='ocrx_word' id='word_1_761' title='bbox 2132 2166 2290 2225; x_wconf 83' lang='lat' dir='ltr'><strong>quam</strong></span> <span class='ocrx_word' id='word_1_762' title='bbox 2321 2152 2593 2207; x_wconf 83' lang='lat' dir='ltr'><strong>nascimur</strong></span> <span class='ocrx_word' id='word_1_763' title='bbox 2627 2154 2761 2208; x_wconf 87' lang='lat' dir='ltr'><strong>Deo.</strong></span> <span class='ocrx_word' id='word_1_764' title='bbox 2805 2154 3055 2209; x_wconf 78' lang='lat' dir='ltr'><strong>Viderunt</strong></span> <span class='ocrx_word' id='word_1_765' title='bbox 3080 2155 3222 2210; x_wconf 84' lang='lat' dir='ltr'><strong>illam</strong></span> <span class='ocrx_word' id='word_1_766' title='bbox 3251 2157 3407 2225; x_wconf 64' lang='lat' dir='ltr'><strong>litim,</strong></span> <span class='ocrx_word' id='word_1_767' title='bbox 3438 2169 3482 2211; x_wconf 83' lang='lat' dir='ltr'><strong>et</strong></span> <span class='ocrx_word' id='word_1_768' title='bbox 3525 2152 3720 2215; x_wconf 73' lang='lat' dir='ltr'><strong>beaiis-</strong></span> 
     </span>
    </p>
   </div>
   <div class='ocr_carea' id='block_1_105' title="bbox 2131 2223 3716 2293">
    <p class='ocr_par' dir='ltr' id='par_1_105' title="bbox 2131 2223 3716 2293">
     <span class='ocr_line' id='line_1_106' title="bbox 2131 2223 3716 2293; baseline 0.008 -22"><span class='ocrx_word' id='word_1_769' title='bbox 2131 2223 2313 2293; x_wconf 81' lang='lat' dir='ltr'><strong>simam</strong></span> <span class='ocrx_word' id='word_1_770' title='bbox 2344 2225 2766 2290; x_wconf 65' lang='lat' dir='ltr'><strong>praedicaverunt.</strong></span> <span class='ocrx_word' id='word_1_771' title='bbox 2797 2227 2942 2292; x_wconf 77' lang='lat' dir='ltr'><strong>Quas</strong></span> <span class='ocrx_word' id='word_1_772' title='bbox 2984 2226 3127 2293; x_wconf 79' lang='lat' dir='ltr'><strong>prius</strong></span> <span class='ocrx_word' id='word_1_773' title='bbox 3165 2223 3302 2280; x_wconf 75' lang='lat' dir='ltr'><strong>dixit</strong></span> <span class='ocrx_word' id='word_1_774' title='bbox 3335 2228 3716 2285; x_wconf 82' lang='lat' dir='ltr'><strong>adolescentu-</strong></span> 
     </span>
    </p>
   </div>
   <div class='ocr_carea' id='block_1_106' title="bbox 2137 2291 3713 2367">
    <p class='ocr_par' dir='ltr' id='par_1_106' title="bbox 2137 2291 3713 2367">
     <span class='ocr_line' id='line_1_107' title="bbox 2137 2291 3713 2367; baseline 0.008 -24"><span class='ocrx_word' id='word_1_775' title='bbox 2137 2291 2253 2367; x_wconf 75' lang='lat' dir='ltr'><strong>las,</strong></span> <span class='ocrx_word' id='word_1_776' title='bbox 2283 2309 2421 2367; x_wconf 66' lang='lat' dir='ltr'><strong>nunc</strong></span> <span class='ocrx_word' id='word_1_777' title='bbox 2453 2295 2588 2367; x_wconf 80' lang='lat' dir='ltr'><strong>tilias</strong></span> <span class='ocrx_word' id='word_1_778' title='bbox 2620 2291 2899 2362; x_wconf 81' lang='lat' dir='ltr'><strong>nominat;</strong></span> <span class='ocrx_word' id='word_1_779' title='bbox 2933 2291 3136 2367; x_wconf 84' lang='lat' dir='ltr'><strong>antiqui</strong></span> <span class='ocrx_word' id='word_1_780' title='bbox 3167 2312 3358 2352; x_wconf 87' lang='lat' dir='ltr'><strong>omnes</strong></span> <span class='ocrx_word' id='word_1_781' title='bbox 3385 2300 3713 2356; x_wconf 78' lang='lat' dir='ltr'><strong>catholicam</strong></span> 
     </span>
    </p>
   </div>
   <div class='ocr_carea' id='block_1_107' title="bbox 2130 2361 2698 2419">
    <p class='ocr_par' dir='ltr' id='par_1_107' title="bbox 2130 2361 2698 2419">
     <span class='ocr_line' id='line_1_108' title="bbox 2130 2361 2698 2419; baseline 0.009 -5"><span class='ocrx_word' id='word_1_782' title='bbox 2130 2361 2352 2416; x_wconf 80' lang='lat' dir='ltr'><strong>laudant</strong></span> <span class='ocrx_word' id='word_1_783' title='bbox 2382 2363 2698 2419; x_wconf 85' lang='lat' dir='ltr'><strong>Ecclesiam.</strong></span> 
     </span>
    </p>
   </div>
   <div class='ocr_carea' id='block_1_108' title="bbox 2205 2433 3715 2507">
    <p class='ocr_par' dir='ltr' id='par_1_108' title="bbox 2205 2433 3715 2507">
     <span class='ocr_line' id='line_1_109' title="bbox 2205 2433 3715 2507; baseline 0.007 -23"><span class='ocrx_word' id='word_1_784' title='bbox 2205 2433 2256 2485; x_wconf 92' lang='lat'><strong>7.</strong></span> <span class='ocrx_word' id='word_1_785' title='bbox 2303 2435 2434 2507; x_wconf 50' lang='lat' dir='ltr'><strong>Qui;</strong></span> <span class='ocrx_word' id='word_1_786' title='bbox 2451 2444 2525 2487; x_wconf 76' lang='lat' dir='ltr'><strong>est</strong></span> <span class='ocrx_word' id='word_1_787' title='bbox 2553 2436 2651 2507; x_wconf 71' lang='lat' dir='ltr'><strong>ista</strong></span> <span class='ocrx_word' id='word_1_788' title='bbox 2677 2452 2792 2503; x_wconf 69' lang='lat' dir='ltr'><strong>quia</strong></span> <span class='ocrx_word' id='word_1_789' title='bbox 2816 2436 3162 2507; x_wconf 81' lang='lat' dir='ltr'><strong>progreditur,</strong></span> <span class='ocrx_word' id='word_1_790' title='bbox 3190 2439 3338 2507; x_wconf 83' lang='lat' dir='ltr'><strong>quasi</strong></span> <span class='ocrx_word' id='word_1_791' title='bbox 3363 2455 3554 2494; x_wconf 80' lang='lat' dir='ltr'><strong>aurora</strong></span> <span class='ocrx_word' id='word_1_792' title='bbox 3581 2458 3715 2494; x_wconf 80' lang='lat' dir='ltr'><strong>con-</strong></span> 
     </span>
    </p>
   </div>
   <div class='ocr_carea' id='block_1_109' title="bbox 2130 2503 3708 2579">
    <p class='ocr_par' dir='ltr' id='par_1_109' title="bbox 2130 2503 3708 2579">
     <span class='ocr_line' id='line_1_110' title="bbox 2130 2503 3708 2579; baseline 0.008 -25"><span class='ocrx_word' id='word_1_793' title='bbox 2130 2503 2380 2579; x_wconf 72' lang='lat' dir='ltr'><strong>surgens?</strong></span> <span class='ocrx_word' id='word_1_794' title='bbox 2407 2504 2752 2579; x_wconf 83' lang='lat' dir='ltr'><strong>Progreditur</strong></span> <span class='ocrx_word' id='word_1_795' title='bbox 2785 2503 3022 2562; x_wconf 77' lang='lat' dir='ltr'><strong>Ecclesia</strong></span> <span class='ocrx_word' id='word_1_796' title='bbox 3044 2547 3060 2573; x_wconf 91' lang='lat'><strong>,</strong></span> <span class='ocrx_word' id='word_1_797' title='bbox 3105 2503 3259 2579; x_wconf 76' lang='lat' dir='ltr'><strong>quasi</strong></span> <span class='ocrx_word' id='word_1_798' title='bbox 3298 2524 3490 2562; x_wconf 83' lang='lat' dir='ltr'><strong>aurora</strong></span> <span class='ocrx_word' id='word_1_799' title='bbox 3511 2551 3529 2574; x_wconf 89' lang='lat'><strong>,</strong></span> <span class='ocrx_word' id='word_1_800' title='bbox 3578 2515 3708 2578; x_wconf 80' lang='lat' dir='ltr'><strong>quia</strong></span> 
     </span>
    </p>
   </div>
   <div class='ocr_carea' id='block_1_110' title="bbox 2125 2573 3716 2650">
    <p class='ocr_par' dir='ltr' id='par_1_110' title="bbox 2125 2573 3716 2650">
     <span class='ocr_line' id='line_1_111' title="bbox 2125 2573 3716 2650; baseline 0.009 -27"><span class='ocrx_word' id='word_1_801' title='bbox 2125 2573 2236 2650; x_wconf 67' lang='lat' dir='ltr'><strong>iam</strong></span> <span class='ocrx_word' id='word_1_802' title='bbox 2267 2584 2414 2650; x_wconf 87' lang='lat' dir='ltr'><strong>ortus</strong></span> <span class='ocrx_word' id='word_1_803' title='bbox 2446 2573 2556 2629; x_wconf 80' lang='lat' dir='ltr'><strong>veri</strong></span> <span class='ocrx_word' id='word_1_804' title='bbox 2589 2577 2804 2632; x_wconf 89' lang='lat' dir='ltr'><strong>luminis</strong></span> <span class='ocrx_word' id='word_1_805' title='bbox 2833 2581 3032 2650; x_wconf 70' lang='lat' dir='ltr'><strong>mundo</strong></span> <span class='ocrx_word' id='word_1_806' title='bbox 3077 2573 3195 2647; x_wconf 63' lang='grc' dir='ltr'><strong>ρόςι</strong></span> <span class='ocrx_word' id='word_1_807' title='bbox 3241 2581 3492 2635; x_wconf 84' lang='lat' dir='ltr'><strong>tenebras</strong></span> <span class='ocrx_word' id='word_1_808' title='bbox 3517 2573 3716 2650; x_wconf 66' lang='lat' dir='ltr'><strong>longa:</strong></span> 
     </span>
    </p>
   </div>
   <div class='ocr_carea' id='block_1_111' title="bbox 2131 2645 3715 2714">
    <p class='ocr_par' dir='ltr' id='par_1_111' title="bbox 2131 2645 3715 2714">
     <span class='ocr_line' id='line_1_112' title="bbox 2131 2645 3715 2714; baseline 0.008 -20"><span class='ocrx_word' id='word_1_809' title='bbox 2131 2645 2443 2714; x_wconf 73' lang='lat' dir='ltr'><strong>ignorantia:</strong></span> <span class='ocrx_word' id='word_1_810' title='bbox 2473 2656 2824 2702; x_wconf 85' lang='lat' dir='ltr'><strong>monstratur.</strong></span> <span class='ocrx_word' id='word_1_811' title='bbox 2857 2645 3089 2702; x_wconf 78' lang='lat' dir='ltr'><strong>Pulchra</strong></span> <span class='ocrx_word' id='word_1_812' title='bbox 3125 2660 3180 2703; x_wconf 88' lang='lat' dir='ltr'><strong>ut</strong></span> <span class='ocrx_word' id='word_1_813' title='bbox 3221 2652 3373 2705; x_wconf 83' lang='lat' dir='ltr'><strong>luna.</strong></span> <span class='ocrx_word' id='word_1_814' title='bbox 3417 2650 3553 2714; x_wconf 84' lang='lat' dir='ltr'><strong>Quia</strong></span> <span class='ocrx_word' id='word_1_815' title='bbox 3599 2645 3715 2707; x_wconf 69' lang='lat' dir='ltr'><strong>sole</strong></span> 
     </span>
    </p>
   </div>
   <div class='ocr_carea' id='block_1_112' title="bbox 2124 2712 3715 2780">
    <p class='ocr_par' dir='ltr' id='par_1_112' title="bbox 2124 2712 3715 2780">
     <span class='ocr_line' id='line_1_113' title="bbox 2124 2712 3715 2780; baseline 0.008 -16"><span class='ocrx_word' id='word_1_816' title='bbox 2124 2712 2344 2780; x_wconf 77' lang='lat' dir='ltr'><strong>justitite</strong></span> <span class='ocrx_word' id='word_1_817' title='bbox 2375 2717 2634 2770; x_wconf 73' lang='lat' dir='ltr'><strong>illustrat-ti</strong></span> <span class='ocrx_word' id='word_1_818' title='bbox 2664 2730 2877 2772; x_wconf 76' lang='lat' dir='ltr'><strong>noctem</strong></span> <span class='ocrx_word' id='word_1_819' title='bbox 2912 2721 3090 2773; x_wconf 89' lang='lat' dir='ltr'><strong>mundi</strong></span> <span class='ocrx_word' id='word_1_820' title='bbox 3124 2720 3410 2777; x_wconf 88' lang='lat' dir='ltr'><strong>illuminat.</strong></span> <span class='ocrx_word' id='word_1_821' title='bbox 3443 2712 3626 2774; x_wconf 77' lang='lat' dir='ltr'><strong>Electa</strong></span> <span class='ocrx_word' id='word_1_822' title='bbox 3660 2735 3715 2776; x_wconf 69' lang='grc' dir='ltr'><strong>ιιι</strong></span> 
     </span>
    </p>
   </div>
   <div class='ocr_carea' id='block_1_113' title="bbox 2130 2784 3712 2859">
    <p class='ocr_par' dir='ltr' id='par_1_113' title="bbox 2130 2784 3712 2859">
     <span class='ocr_line' id='line_1_114' title="bbox 2130 2784 3712 2859; baseline 0.007 -24"><span class='ocrx_word' id='word_1_823' title='bbox 2130 2785 2230 2839; x_wconf 82' lang='lat' dir='ltr'><strong>sol.</strong></span> <span class='ocrx_word' id='word_1_824' title='bbox 2274 2784 2406 2851; x_wconf 86' lang='lat' dir='ltr'><strong>Quia</strong></span> <span class='ocrx_word' id='word_1_825' title='bbox 2438 2786 2720 2856; x_wconf 85' lang='lat' dir='ltr'><strong>imaginem</strong></span> <span class='ocrx_word' id='word_1_826' title='bbox 2750 2790 2832 2842; x_wconf 90' lang='lat' dir='ltr'><strong>sui</strong></span> <span class='ocrx_word' id='word_1_827' title='bbox 2862 2791 3156 2844; x_wconf 83' lang='lat' dir='ltr'><strong>conditoris</strong></span> <span class='ocrx_word' id='word_1_828' title='bbox 3199 2793 3250 2844; x_wconf 90' lang='lat' dir='ltr'><strong>in</strong></span> <span class='ocrx_word' id='word_1_829' title='bbox 3289 2791 3434 2844; x_wconf 86' lang='lat' dir='ltr'><strong>omni</strong></span> <span class='ocrx_word' id='word_1_830' title='bbox 3469 2792 3712 2859; x_wconf 79' lang='lat' dir='ltr'><strong>justitis.</strong></span> 
     </span>
    </p>
   </div>
   <div class='ocr_carea' id='block_1_114' title="bbox 2130 2860 3714 2927">
    <p class='ocr_par' dir='ltr' id='par_1_114' title="bbox 2130 2860 3714 2927">
     <span class='ocr_line' id='line_1_115' title="bbox 2130 2860 3714 2927; baseline 0.006 -21"><span class='ocrx_word' id='word_1_831' title='bbox 2130 2867 2412 2927; x_wconf 81' lang='lat' dir='ltr'><strong>sanctitate</strong></span> <span class='ocrx_word' id='word_1_832' title='bbox 2440 2867 2493 2910; x_wconf 85' lang='lat' dir='ltr'><strong>et</strong></span> <span class='ocrx_word' id='word_1_833' title='bbox 2529 2860 2755 2912; x_wconf 86' lang='lat' dir='ltr'><strong>veritate</strong></span> <span class='ocrx_word' id='word_1_834' title='bbox 2797 2870 2990 2927; x_wconf 82' lang='lat' dir='ltr'><strong>portat.</strong></span> <span class='ocrx_word' id='word_1_835' title='bbox 3028 2861 3289 2914; x_wconf 79' lang='lat' dir='ltr'><strong>Terribilis</strong></span> <span class='ocrx_word' id='word_1_836' title='bbox 3330 2871 3386 2912; x_wconf 89' lang='lat' dir='ltr'><strong>ut</strong></span> <span class='ocrx_word' id='word_1_837' title='bbox 3429 2876 3714 2916; x_wconf 75' lang='lat' dir='ltr'><strong>castrorum</strong></span> 
     </span>
    </p>
   </div>
   <div class='ocr_carea' id='block_1_115' title="bbox 2127 2925 3714 3000">
    <p class='ocr_par' dir='ltr' id='par_1_115' title="bbox 2127 2925 3714 3000">
     <span class='ocr_line' id='line_1_116' title="bbox 2127 2925 3714 3000; baseline 0.008 -24"><span class='ocrx_word' id='word_1_838' title='bbox 2127 2925 2545 3000; x_wconf 69' lang='lat' dir='ltr'><strong>aciesordinaia.</strong></span> <span class='ocrx_word' id='word_1_839' title='bbox 2569 2925 2843 2983; x_wconf 85' lang='lat' dir='ltr'><strong>Terribilis</strong></span> <span class='ocrx_word' id='word_1_840' title='bbox 2864 2930 3007 2985; x_wconf 87' lang='lat' dir='ltr'><strong>aeris</strong></span> <span class='ocrx_word' id='word_1_841' title='bbox 3037 2931 3390 3000; x_wconf 84' lang='lat' dir='ltr'><strong>potestatibus</strong></span> <span class='ocrx_word' id='word_1_842' title='bbox 3417 2931 3470 2986; x_wconf 91' lang='lat' dir='ltr'><strong>iu</strong></span> <span class='ocrx_word' id='word_1_843' title='bbox 3503 2936 3714 2988; x_wconf 73' lang='lat' dir='ltr'><strong>uuiL-tie</strong></span> 
     </span>
    </p>
   </div>
   <div class='ocr_carea' id='block_1_116' title="bbox 2127 2997 2886 3068">
    <p class='ocr_par' dir='ltr' id='par_1_116' title="bbox 2127 2997 2886 3068">
     <span class='ocr_line' id='line_1_117' title="bbox 2127 2997 2886 3068; baseline 0.005 -20"><span class='ocrx_word' id='word_1_844' title='bbox 2127 2997 2436 3068; x_wconf 73' lang='lat' dir='ltr'><strong>charitatis,</strong></span> <span class='ocrx_word' id='word_1_845' title='bbox 2470 2999 2589 3052; x_wconf 87' lang='lat' dir='ltr'><strong>lidei</strong></span> <span class='ocrx_word' id='word_1_846' title='bbox 2612 3038 2628 3062; x_wconf 89' lang='lat'><strong>,</strong></span> <span class='ocrx_word' id='word_1_847' title='bbox 2662 3011 2714 3052; x_wconf 90' lang='lat' dir='ltr'><strong>et</strong></span> <span class='ocrx_word' id='word_1_848' title='bbox 2751 3000 2886 3068; x_wconf 79' lang='lat' dir='ltr'><strong>Spei.</strong></span> 
     </span>
    </p>
   </div>
   <div class='ocr_carea' id='block_1_117' title="bbox 2200 3066 3713 3142">
    <p class='ocr_par' dir='ltr' id='par_1_117' title="bbox 2200 3066 3713 3142">
     <span class='ocr_line' id='line_1_118' title="bbox 2200 3066 3713 3142; baseline 0.005 -24"><span class='ocrx_word' id='word_1_849' title='bbox 2200 3070 2252 3118; x_wconf 74' lang='grc' dir='ltr'><strong>ὅ.</strong></span> <span class='ocrx_word' id='word_1_850' title='bbox 2294 3066 2543 3142; x_wconf 53' lang='lat' dir='ltr'><strong>pascendi</strong></span> <span class='ocrx_word' id='word_1_851' title='bbox 2583 3070 2633 3121; x_wconf 86' lang='lat' dir='ltr'><strong>in</strong></span> <span class='ocrx_word' id='word_1_852' title='bbox 2681 3066 2883 3142; x_wconf 81' lang='lat' dir='ltr'><strong>hortum</strong></span> <span class='ocrx_word' id='word_1_853' title='bbox 2928 3088 3151 3138; x_wconf 85' lang='lat' dir='ltr'><strong>nucum,</strong></span> <span class='ocrx_word' id='word_1_854' title='bbox 3199 3079 3256 3124; x_wconf 85' lang='lat' dir='ltr'><strong>ut</strong></span> <span class='ocrx_word' id='word_1_855' title='bbox 3299 3072 3517 3125; x_wconf 82' lang='lat' dir='ltr'><strong>viderent</strong></span> <span class='ocrx_word' id='word_1_856' title='bbox 3557 3089 3713 3142; x_wconf 73' lang='lat' dir='ltr'><strong>poma</strong></span> 
     </span>
    </p>
   </div>
   <div class='ocr_carea' id='block_1_118' title="bbox 2129 3138 3713 3210">
    <p class='ocr_par' dir='ltr' id='par_1_118' title="bbox 2129 3138 3713 3210">
     <span class='ocr_line' id='line_1_119' title="bbox 2129 3138 3713 3210; baseline 0.005 -22"><span class='ocrx_word' id='word_1_857' title='bbox 2129 3139 2455 3210; x_wconf 82' lang='lat' dir='ltr'><strong>convallium.</strong></span> <span class='ocrx_word' id='word_1_858' title='bbox 2490 3138 2686 3193; x_wconf 90' lang='lat' dir='ltr'><strong>Hortus</strong></span> <span class='ocrx_word' id='word_1_859' title='bbox 2721 3140 2917 3195; x_wconf 88' lang='lat' dir='ltr'><strong>etenim</strong></span> <span class='ocrx_word' id='word_1_860' title='bbox 2958 3157 3150 3194; x_wconf 89' lang='lat' dir='ltr'><strong>nucum</strong></span> <span class='ocrx_word' id='word_1_861' title='bbox 3182 3152 3265 3194; x_wconf 88' lang='lat' dir='ltr'><strong>est</strong></span> <span class='ocrx_word' id='word_1_862' title='bbox 3308 3138 3713 3210; x_wconf 50' lang='lat' dir='ltr'><strong>Ecclesia&#39;praz-</strong></span> 
     </span>
    </p>
   </div>
   <div class='ocr_carea' id='block_1_119' title="bbox 2126 3208 3714 3270">
    <p class='ocr_par' dir='ltr' id='par_1_119' title="bbox 2126 3208 3714 3270">
     <span class='ocr_line' id='line_1_120' title="bbox 2126 3208 3714 3270; baseline 0.008 -12"><span class='ocrx_word' id='word_1_863' title='bbox 2126 3221 2286 3268; x_wconf 87' lang='lat' dir='ltr'><strong>sens,</strong></span> <span class='ocrx_word' id='word_1_864' title='bbox 2336 3208 2424 3260; x_wconf 85' lang='lat' dir='ltr'><strong>tibi</strong></span> <span class='ocrx_word' id='word_1_865' title='bbox 2466 3221 2676 3263; x_wconf 65' lang='lat' dir='ltr'><strong>nosnos</strong></span> <span class='ocrx_word' id='word_1_866' title='bbox 2718 3212 3076 3265; x_wconf 85' lang='lat' dir='ltr'><strong>conscientias</strong></span> <span class='ocrx_word' id='word_1_867' title='bbox 3119 3213 3434 3266; x_wconf 88' lang='lat' dir='ltr'><strong>alterutrum</strong></span> <span class='ocrx_word' id='word_1_868' title='bbox 3484 3208 3714 3270; x_wconf 79' lang='lat' dir='ltr'><strong>minime</strong></span> 
     </span>
    </p>
   </div>
   <div class='ocr_carea' id='block_1_120' title="bbox 2125 3277 3711 3351">
    <p class='ocr_par' dir='ltr' id='par_1_120' title="bbox 2125 3277 3711 3351">
     <span class='ocr_line' id='line_1_121' title="bbox 2125 3277 3711 3351; baseline 0.006 -22"><span class='ocrx_word' id='word_1_869' title='bbox 2125 3277 2368 3351; x_wconf 83' lang='lat' dir='ltr'><strong>videmus</strong></span> <span class='ocrx_word' id='word_1_870' title='bbox 2393 3293 2423 3351; x_wconf 86' lang='lat'><strong>:_</strong></span> <span class='ocrx_word' id='word_1_871' title='bbox 2435 3279 2532 3351; x_wconf 83' lang='lat' dir='ltr'><strong>sed</strong></span> <span class='ocrx_word' id='word_1_872' title='bbox 2564 3280 2726 3351; x_wconf 76' lang='lat' dir='ltr'><strong>tracta</strong></span> <span class='ocrx_word' id='word_1_873' title='bbox 2760 3291 2895 3351; x_wconf 76' lang='lat' dir='ltr'><strong>testa</strong></span> <span class='ocrx_word' id='word_1_874' title='bbox 2926 3283 3199 3349; x_wconf 80' lang='lat' dir='ltr'><strong>corporis,</strong></span> <span class='ocrx_word' id='word_1_875' title='bbox 3233 3283 3510 3351; x_wconf 82' lang='lat' dir='ltr'><strong>apparebit</strong></span> <span class='ocrx_word' id='word_1_876' title='bbox 3543 3286 3711 3339; x_wconf 84' lang='lat' dir='ltr'><strong>inter-</strong></span> 
     </span>
    </p>
   </div>
   <div class='ocr_carea' id='block_1_121' title="bbox 2124 3347 3712 3409">
    <p class='ocr_par' dir='ltr' id='par_1_121' title="bbox 2124 3347 3712 3409">
     <span class='ocr_line' id='line_1_122' title="bbox 2124 3347 3712 3409; baseline 0.005 -8"><span class='ocrx_word' id='word_1_877' title='bbox 2124 3361 2207 3401; x_wconf 73' lang='lat' dir='ltr'><strong>na:</strong></span> <span class='ocrx_word' id='word_1_878' title='bbox 2235 3347 2536 3402; x_wconf 83' lang='lat' dir='ltr'><strong>dulcedinis</strong></span> <span class='ocrx_word' id='word_1_879' title='bbox 2565 3350 2786 3404; x_wconf 81' lang='lat' dir='ltr'><strong>fruetus.</strong></span> <span class='ocrx_word' id='word_1_880' title='bbox 2819 3349 2982 3405; x_wconf 85' lang='lat' dir='ltr'><strong>Poma</strong></span> <span class='ocrx_word' id='word_1_881' title='bbox 3023 3347 3347 3407; x_wconf 82' lang='lat' dir='ltr'><strong>convallium</strong></span> <span class='ocrx_word' id='word_1_882' title='bbox 3387 3354 3592 3408; x_wconf 75' lang='lat' dir='ltr'><strong>fructus</strong></span> <span class='ocrx_word' id='word_1_883' title='bbox 3623 3365 3712 3409; x_wconf 86' lang='lat' dir='ltr'><strong>est</strong></span> 
     </span>
    </p>
   </div>
   <div class='ocr_carea' id='block_1_122' title="bbox 2123 3419 3713 3491">
    <p class='ocr_par' dir='ltr' id='par_1_122' title="bbox 2123 3419 3713 3491">
     <span class='ocr_line' id='line_1_123' title="bbox 2123 3419 3713 3491; baseline 0.006 -21"><span class='ocrx_word' id='word_1_884' title='bbox 2123 3419 2456 3472; x_wconf 84' lang='lat' dir='ltr'><strong>humilitatis.</strong></span> <span class='ocrx_word' id='word_1_885' title='bbox 2491 3420 2783 3476; x_wconf 85' lang='lat' dir='ltr'><strong>Descendit</strong></span> <span class='ocrx_word' id='word_1_886' title='bbox 2812 3430 2994 3475; x_wconf 82' lang='lat' dir='ltr'><strong>Sancta</strong></span> <span class='ocrx_word' id='word_1_887' title='bbox 3039 3423 3276 3477; x_wconf 83' lang='lat' dir='ltr'><strong>Ecclesia</strong></span> <span class='ocrx_word' id='word_1_888' title='bbox 3321 3438 3414 3491; x_wconf 89' lang='lat' dir='ltr'><strong>per</strong></span> <span class='ocrx_word' id='word_1_889' title='bbox 3455 3427 3713 3480; x_wconf 87' lang='lat' dir='ltr'><strong>doctores</strong></span> 
     </span>
    </p>
   </div>
   <div class='ocr_carea' id='block_1_123' title="bbox 2121 3492 3710 3560">
    <p class='ocr_par' dir='ltr' id='par_1_123' title="bbox 2121 3492 3710 3560">
     <span class='ocr_line' id='line_1_124' title="bbox 2121 3492 3710 3560; baseline 0.005 -18"><span class='ocrx_word' id='word_1_890' title='bbox 2121 3497 2338 3543; x_wconf 83' lang='lat' dir='ltr'><strong>sanctos</strong></span> <span class='ocrx_word' id='word_1_891' title='bbox 2389 3492 2454 3541; x_wconf 89' lang='lat' dir='ltr'><strong>ad</strong></span> <span class='ocrx_word' id='word_1_892' title='bbox 2503 3505 2598 3544; x_wconf 89' lang='lat' dir='ltr'><strong>eos</strong></span> <span class='ocrx_word' id='word_1_893' title='bbox 2652 3493 2740 3560; x_wconf 87' lang='lat' dir='ltr'><strong>qui</strong></span> <span class='ocrx_word' id='word_1_894' title='bbox 2793 3494 3077 3558; x_wconf 87' lang='lat' dir='ltr'><strong>proliciunt</strong></span> <span class='ocrx_word' id='word_1_895' title='bbox 3124 3494 3192 3546; x_wconf 85' lang='lat' dir='ltr'><strong>ad</strong></span> <span class='ocrx_word' id='word_1_896' title='bbox 3247 3492 3450 3548; x_wconf 84' lang='lat' dir='ltr'><strong>fructus</strong></span> <span class='ocrx_word' id='word_1_897' title='bbox 3498 3496 3710 3560; x_wconf 86' lang='lat' dir='ltr'><strong>bonus,</strong></span> 
     </span>
    </p>
   </div>
   <div class='ocr_carea' id='block_1_124' title="bbox 2121 3560 3710 3633">
    <p class='ocr_par' dir='ltr' id='par_1_124' title="bbox 2121 3560 3710 3633">
     <span class='ocr_line' id='line_1_125' title="bbox 2121 3560 3710 3633; baseline 0.004 -22"><span class='ocrx_word' id='word_1_898' title='bbox 2121 3561 2279 3627; x_wconf 88' lang='lat' dir='ltr'><strong>quive</strong></span> <span class='ocrx_word' id='word_1_899' title='bbox 2307 3561 2484 3633; x_wconf 84' lang='lat' dir='ltr'><strong>adhuc</strong></span> <span class='ocrx_word' id='word_1_900' title='bbox 2513 3560 2750 3633; x_wconf 85' lang='lat' dir='ltr'><strong>indigent</strong></span> <span class='ocrx_word' id='word_1_901' title='bbox 2776 3564 3036 3616; x_wconf 68' lang='lat' dir='ltr'><strong>doctrina:</strong></span> <span class='ocrx_word' id='word_1_902' title='bbox 3067 3565 3392 3631; x_wconf 85' lang='lat' dir='ltr'><strong>irrigatione.</strong></span> <span class='ocrx_word' id='word_1_903' title='bbox 3413 3562 3506 3633; x_wconf 70' lang='lat' dir='ltr'><strong>Et</strong></span> <span class='ocrx_word' id='word_1_904' title='bbox 3541 3566 3710 3633; x_wconf 79' lang='lat' dir='ltr'><strong>inspi-</strong></span> 
     </span>
    </p>
   </div>
   <div class='ocr_carea' id='block_1_125' title="bbox 2119 3631 3707 3701">
    <p class='ocr_par' dir='ltr' id='par_1_125' title="bbox 2119 3631 3707 3701">
     <span class='ocr_line' id='line_1_126' title="bbox 2119 3631 3707 3701; baseline 0.006 -20"><span class='ocrx_word' id='word_1_905' title='bbox 2119 3645 2283 3701; x_wconf 66' lang='grc' dir='ltr'>ρει-ειη</span> <span class='ocrx_word' id='word_1_906' title='bbox 2322 3638 2369 3682; x_wconf 78' lang='lat' dir='ltr'><strong>si</strong></span> <span class='ocrx_word' id='word_1_907' title='bbox 2405 3631 2661 3698; x_wconf 80' lang='lat' dir='ltr'><strong>ﬂoruisset</strong></span> <span class='ocrx_word' id='word_1_908' title='bbox 2703 3633 2878 3698; x_wconf 84' lang='lat' dir='ltr'><strong>vinea,</strong></span> <span class='ocrx_word' id='word_1_909' title='bbox 2921 3636 3284 3701; x_wconf 79' lang='lat' dir='ltr'><strong>gertitinassent</strong></span> <span class='ocrx_word' id='word_1_910' title='bbox 3313 3632 3452 3686; x_wconf 80' lang='lat' dir='ltr'><strong>mala</strong></span> <span class='ocrx_word' id='word_1_911' title='bbox 3480 3631 3707 3692; x_wconf 77' lang='lat' dir='ltr'><strong>Punica.</strong></span> 
     </span>
    </p>
   </div>
   <div class='ocr_carea' id='block_1_126' title="bbox 2118 3699 3712 3774">
    <p class='ocr_par' dir='ltr' id='par_1_126' title="bbox 2118 3699 3712 3774">
     <span class='ocr_line' id='line_1_127' title="bbox 2118 3699 3712 3774; baseline 0.005 -22"><span class='ocrx_word' id='word_1_912' title='bbox 2118 3699 2439 3774; x_wconf 86' lang='lat' dir='ltr'><strong>Inspiceretn</strong></span> <span class='ocrx_word' id='word_1_913' title='bbox 2479 3702 2522 3754; x_wconf 82' lang='lat' dir='ltr'><strong>si</strong></span> <span class='ocrx_word' id='word_1_914' title='bbox 2565 3703 2816 3755; x_wconf 88' lang='lat' dir='ltr'><strong>virtututn</strong></span> <span class='ocrx_word' id='word_1_915' title='bbox 2857 3699 3028 3756; x_wconf 78' lang='lat' dir='ltr'><strong>studia</strong></span> <span class='ocrx_word' id='word_1_916' title='bbox 3062 3704 3401 3768; x_wconf 73' lang='lat' dir='ltr'><strong>floruissent,</strong></span> <span class='ocrx_word' id='word_1_917' title='bbox 3432 3715 3489 3758; x_wconf 84' lang='lat' dir='ltr'><strong>et</strong></span> <span class='ocrx_word' id='word_1_918' title='bbox 3524 3709 3571 3760; x_wconf 82' lang='lat' dir='ltr'><strong>si</strong></span> <span class='ocrx_word' id='word_1_919' title='bbox 3616 3709 3712 3774; x_wconf 89' lang='lat' dir='ltr'><strong>qui</strong></span> 
     </span>
    </p>
   </div>
   <div class='ocr_carea' id='block_1_127' title="bbox 2115 3772 3708 3844">
    <p class='ocr_par' dir='ltr' id='par_1_127' title="bbox 2115 3772 3708 3844">
     <span class='ocr_line' id='line_1_128' title="bbox 2115 3772 3708 3844; baseline 0.005 -23"><span class='ocrx_word' id='word_1_920' title='bbox 2115 3777 2181 3821; x_wconf 84' lang='lat' dir='ltr'><strong>ad</strong></span> <span class='ocrx_word' id='word_1_921' title='bbox 2222 3772 2524 3839; x_wconf 85' lang='lat' dir='ltr'><strong>exemplum</strong></span> <span class='ocrx_word' id='word_1_922' title='bbox 2575 3775 2857 3827; x_wconf 80' lang='lat' dir='ltr'><strong>dominica:</strong></span> <span class='ocrx_word' id='word_1_923' title='bbox 2899 3775 3162 3841; x_wconf 85' lang='lat' dir='ltr'><strong>passionis</strong></span> <span class='ocrx_word' id='word_1_924' title='bbox 3201 3775 3481 3844; x_wconf 72' lang='lat' dir='ltr'><strong>praeparati</strong></span> <span class='ocrx_word' id='word_1_925' title='bbox 3517 3772 3708 3831; x_wconf 69' lang='lat' dir='ltr'><strong>essent</strong></span> 
     </span>
    </p>
   </div>
   <div class='ocr_carea' id='block_1_128' title="bbox 2114 3845 2884 3912">
    <p class='ocr_par' dir='ltr' id='par_1_128' title="bbox 2114 3845 2884 3912">
     <span class='ocr_line' id='line_1_129' title="bbox 2114 3845 2884 3912; baseline 0.005 -20"><span class='ocrx_word' id='word_1_926' title='bbox 2114 3854 2267 3912; x_wconf 86' lang='lat' dir='ltr'><strong>suum</strong></span> <span class='ocrx_word' id='word_1_927' title='bbox 2299 3845 2517 3912; x_wconf 71' lang='lat' dir='ltr'><strong>tundere</strong></span> <span class='ocrx_word' id='word_1_928' title='bbox 2547 3845 2884 3912; x_wconf 81' lang='lat' dir='ltr'><strong>sanguinem.</strong></span> 
     </span>
    </p>
   </div>
   <div class='ocr_carea' id='block_1_129' title="bbox 2187 3911 3714 3986">
    <p class='ocr_par' dir='ltr' id='par_1_129' title="bbox 2187 3911 3714 3986">
     <span class='ocr_line' id='line_1_130' title="bbox 2187 3911 3714 3986; baseline 0.005 -24"><span class='ocrx_word' id='word_1_929' title='bbox 2187 3911 2240 3986; x_wconf 85' lang='lat'><strong>_9.</strong></span> <span class='ocrx_word' id='word_1_930' title='bbox 2285 3911 2485 3986; x_wconf 66' lang='lat' dir='ltr'><strong>Nesciet</strong></span> <span class='ocrx_word' id='word_1_931' title='bbox 2507 3953 2522 3974; x_wconf 94' lang='lat'><strong>,</strong></span> <span class='ocrx_word' id='word_1_932' title='bbox 2548 3911 2724 3986; x_wconf 76' lang='lat' dir='ltr'><strong>auium</strong></span> <span class='ocrx_word' id='word_1_933' title='bbox 2750 3930 2860 3986; x_wconf 70' lang='lat' dir='ltr'><strong>mea</strong></span> <span class='ocrx_word' id='word_1_934' title='bbox 2881 3913 3197 3986; x_wconf 74' lang='lat' dir='ltr'><strong>conturbauit</strong></span> <span class='ocrx_word' id='word_1_935' title='bbox 3223 3930 3325 3978; x_wconf 85' lang='lat' dir='ltr'><strong>me,</strong></span> <span class='ocrx_word' id='word_1_936' title='bbox 3354 3924 3565 3986; x_wconf 85' lang='lat' dir='ltr'><strong>propter</strong></span> <span class='ocrx_word' id='word_1_937' title='bbox 3585 3933 3714 3985; x_wconf 64' lang='lat' dir='ltr'><strong>qua-</strong></span> 
     </span>
    </p>
   </div>
   <div class='ocr_carea' id='block_1_130' title="bbox 2114 3983 3712 4055">
    <p class='ocr_par' dir='ltr' id='par_1_130' title="bbox 2114 3983 3712 4055">
     <span class='ocr_line' id='line_1_131' title="bbox 2114 3983 3712 4055; baseline 0.004 -22"><span class='ocrx_word' id='word_1_938' title='bbox 2114 3983 2641 4055; x_wconf 20' lang='lat' dir='ltr'><strong>drigas‘Aminadab.</strong></span> <span class='ocrx_word' id='word_1_939' title='bbox 2685 3983 2844 4054; x_wconf 74' lang='lat'><strong>203</strong></span> <span class='ocrx_word' id='word_1_940' title='bbox 2885 3984 3092 4038; x_wconf 69' lang='grc' dir='ltr'><strong>Νεεεοὶνὶ</strong></span> <span class='ocrx_word' id='word_1_941' title='bbox 3133 3985 3272 4038; x_wconf 86' lang='lat' dir='ltr'><strong>dona</strong></span> <span class='ocrx_word' id='word_1_942' title='bbox 3314 3983 3499 4055; x_wconf 78' lang='lat' dir='ltr'><strong>gratia:</strong></span> <span class='ocrx_word' id='word_1_943' title='bbox 3541 3983 3712 4052; x_wconf 83' lang='lat' dir='ltr'><strong>spiri-</strong></span> 
     </span>
    </p>
   </div>
   <div class='ocr_carea' id='block_1_131' title="bbox 2115 4051 3711 4120">
    <p class='ocr_par' dir='ltr' id='par_1_131' title="bbox 2115 4051 3711 4120">
     <span class='ocr_line' id='line_1_132' title="bbox 2115 4051 3711 4120; baseline 0.005 -17"><span class='ocrx_word' id='word_1_944' title='bbox 2115 4056 2273 4105; x_wconf 82' lang='lat' dir='ltr'><strong>tualis</strong></span> <span class='ocrx_word' id='word_1_945' title='bbox 2302 4051 2355 4105; x_wconf 89' lang='lat' dir='ltr'><strong>iit</strong></span> <span class='ocrx_word' id='word_1_946' title='bbox 2389 4064 2469 4115; x_wconf 89' lang='lat' dir='ltr'><strong>te,</strong></span> <span class='ocrx_word' id='word_1_947' title='bbox 2504 4051 2868 4120; x_wconf 50' lang='lat' dir='ltr'><strong>Sponsa—{sed</strong></span> <span class='ocrx_word' id='word_1_948' title='bbox 2899 4057 3074 4108; x_wconf 81' lang='lat' dir='ltr'><strong>anima</strong></span> <span class='ocrx_word' id='word_1_949' title='bbox 3106 4071 3226 4109; x_wconf 81' lang='lat' dir='ltr'><strong>mea</strong></span> <span class='ocrx_word' id='word_1_950' title='bbox 3253 4051 3592 4109; x_wconf 75' lang='lat' dir='ltr'><strong>conturbavit</strong></span> <span class='ocrx_word' id='word_1_951' title='bbox 3618 4073 3711 4112; x_wconf 86' lang='lat' dir='ltr'><strong>tne</strong></span> 
     </span>
    </p>
   </div>
   <div class='ocr_carea' id='block_1_132' title="bbox 2115 4123 3710 4195">
    <p class='ocr_par' dir='ltr' id='par_1_132' title="bbox 2115 4123 3710 4195">
     <span class='ocr_line' id='line_1_133' title="bbox 2115 4123 3710 4195; baseline 0.005 -23"><span class='ocrx_word' id='word_1_952' title='bbox 2115 4132 2341 4195; x_wconf 85' lang='lat' dir='ltr'><strong>propter</strong></span> <span class='ocrx_word' id='word_1_953' title='bbox 2390 4123 2839 4177; x_wconf 89' lang='lat' dir='ltr'><strong>introductioneiu</strong></span> <span class='ocrx_word' id='word_1_954' title='bbox 2888 4127 3216 4193; x_wconf 59' lang='lat' dir='ltr'><strong>evangelica)</strong></span> <span class='ocrx_word' id='word_1_955' title='bbox 3255 4127 3568 4194; x_wconf 66' lang='lat' dir='ltr'><strong>quadrigas,</strong></span> <span class='ocrx_word' id='word_1_956' title='bbox 3601 4144 3710 4195; x_wconf 80' lang='lat' dir='ltr'><strong>qua</strong></span> 
     </span>
    </p>
   </div>
   <div class='ocr_carea' id='block_1_133' title="bbox 2111 4194 3707 4266">
    <p class='ocr_par' dir='ltr' id='par_1_133' title="bbox 2111 4194 3707 4266">
     <span class='ocr_line' id='line_1_134' title="bbox 2111 4194 3707 4266; baseline 0.004 -22"><span class='ocrx_word' id='word_1_957' title='bbox 2111 4194 2554 4266; x_wconf 57' lang='lat' dir='ltr'><strong>Aniinadabtqui</strong></span> <span class='ocrx_word' id='word_1_958' title='bbox 2588 4197 2970 4264; x_wconf 85' lang='lat' dir='ltr'><strong>interpretatur</strong></span> <span class='ocrx_word' id='word_1_959' title='bbox 3003 4197 3181 4264; x_wconf 86' lang='lat' dir='ltr'><strong>populi</strong></span> <span class='ocrx_word' id='word_1_960' title='bbox 3211 4197 3313 4250; x_wconf 88' lang='lat' dir='ltr'><strong>mei</strong></span> <span class='ocrx_word' id='word_1_961' title='bbox 3347 4194 3707 4266; x_wconf 79' lang='lat' dir='ltr'><strong>spontaneos)</strong></span> 
     </span>
    </p>
   </div>
   <div class='ocr_carea' id='block_1_134' title="bbox 2112 4262 3705 4331">
    <p class='ocr_par' dir='ltr' id='par_1_134' title="bbox 2112 4262 3705 4331">
     <span class='ocr_line' id='line_1_135' title="bbox 2112 4262 3705 4331; baseline 0.004 -16"><span class='ocrx_word' id='word_1_962' title='bbox 2112 4262 2165 4315; x_wconf 88' lang='lat' dir='ltr'><strong>id</strong></span> <span class='ocrx_word' id='word_1_963' title='bbox 2212 4275 2325 4327; x_wconf 82' lang='lat' dir='ltr'><strong>est,</strong></span> <span class='ocrx_word' id='word_1_964' title='bbox 2377 4263 2622 4318; x_wconf 80' lang='lat' dir='ltr'><strong>Chrtsuts</strong></span> <span class='ocrx_word' id='word_1_965' title='bbox 2667 4262 2761 4331; x_wconf 81' lang='lat' dir='ltr'><strong>per</strong></span> <span class='ocrx_word' id='word_1_966' title='bbox 2802 4274 2968 4319; x_wconf 89' lang='lat' dir='ltr'><strong>totum</strong></span> <span class='ocrx_word' id='word_1_967' title='bbox 3006 4262 3231 4320; x_wconf 47' lang='lat' dir='ltr'><strong>uehitur</strong></span> <span class='ocrx_word' id='word_1_968' title='bbox 3278 4270 3558 4320; x_wconf 86' lang='lat' dir='ltr'><strong>mundum.</strong></span> <span class='ocrx_word' id='word_1_969' title='bbox 3599 4262 3705 4322; x_wconf 76' lang='lat' dir='ltr'><strong>Cui</strong></span> 
     </span>
    </p>
   </div>
   <div class='ocr_carea' id='block_1_135' title="bbox 2115 4335 3708 4402">
    <p class='ocr_par' dir='ltr' id='par_1_135' title="bbox 2115 4335 3708 4402">
     <span class='ocr_line' id='line_1_136' title="bbox 2115 4335 3708 4402; baseline 0.004 -17"><span class='ocrx_word' id='word_1_970' title='bbox 2115 4335 2358 4387; x_wconf 74' lang='lat' dir='ltr'><strong>Ecclesia</strong></span> <span class='ocrx_word' id='word_1_971' title='bbox 2388 4337 2720 4388; x_wconf 79' lang='lat' dir='ltr'><strong>coosolando</strong></span> <span class='ocrx_word' id='word_1_972' title='bbox 2757 4352 2878 4388; x_wconf 82' lang='lat' dir='ltr'><strong>mox</strong></span> <span class='ocrx_word' id='word_1_973' title='bbox 2927 4341 3239 4402; x_wconf 84' lang='lat' dir='ltr'><strong>rcSpondet.:</strong></span> <span class='ocrx_word' id='word_1_974' title='bbox 3284 4339 3572 4401; x_wconf 69' lang='lat' dir='ltr'><strong>Revertere,</strong></span> <span class='ocrx_word' id='word_1_975' title='bbox 3618 4355 3708 4392; x_wconf 77' lang='lat' dir='ltr'><strong>re-</strong></span> 
     </span>
    </p>
   </div>
   <div class='ocr_carea' id='block_1_136' title="bbox 2111 4404 3710 4472">
    <p class='ocr_par' dir='ltr' id='par_1_136' title="bbox 2111 4404 3710 4472">
     <span class='ocr_line' id='line_1_137' title="bbox 2111 4404 3710 4472; baseline 0.004 -16"><span class='ocrx_word' id='word_1_976' title='bbox 2111 4415 2301 4457; x_wconf 66' lang='lat' dir='ltr'><strong>vertere</strong></span> <span class='ocrx_word' id='word_1_977' title='bbox 2320 4446 2335 4470; x_wconf 94' lang='lat'><strong>,</strong></span> <span class='ocrx_word' id='word_1_978' title='bbox 2367 4404 2636 4458; x_wconf 86' lang='lat' dir='ltr'><strong>Sulamiiis</strong></span> <span class='ocrx_word' id='word_1_979' title='bbox 2663 4421 2683 4460; x_wconf 91' lang='lat'><strong><em>:</em></strong></span> <span class='ocrx_word' id='word_1_980' title='bbox 2713 4416 2979 4468; x_wconf 83' lang='lat' dir='ltr'><strong>revertere,</strong></span> <span class='ocrx_word' id='word_1_981' title='bbox 3011 4422 3259 4462; x_wconf 81' lang='lat' dir='ltr'><strong>reuertere</strong></span> <span class='ocrx_word' id='word_1_982' title='bbox 3284 4447 3299 4472; x_wconf 89' lang='lat'><strong>,</strong></span> <span class='ocrx_word' id='word_1_983' title='bbox 3330 4416 3384 4460; x_wconf 87' lang='lat' dir='ltr'><strong>ut</strong></span> <span class='ocrx_word' id='word_1_984' title='bbox 3415 4410 3710 4462; x_wconf 69' lang='lat' dir='ltr'><strong>intueamur</strong></span> 
     </span>
    </p>
   </div>
   <div class='ocr_carea' id='block_1_137' title="bbox 2124 4475 3700 4546">
    <p class='ocr_par' dir='ltr' id='par_1_137' title="bbox 2124 4475 3700 4546">
     <span class='ocr_line' id='line_1_138' title="bbox 2124 4475 3700 4546; baseline 0.005 -22"><span class='ocrx_word' id='word_1_985' title='bbox 2124 4487 2197 4546; x_wconf 66' lang='lat' dir='ltr'><strong>te.</strong></span> <span class='ocrx_word' id='word_1_986' title='bbox 2223 4475 2337 4528; x_wconf 84' lang='lat' dir='ltr'><strong>Noli</strong></span> <span class='ocrx_word' id='word_1_987' title='bbox 2373 4478 2578 4529; x_wconf 86' lang='lat' dir='ltr'><strong>turbata</strong></span> <span class='ocrx_word' id='word_1_988' title='bbox 2611 4491 2772 4532; x_wconf 77' lang='lat' dir='ltr'><strong>esse:</strong></span> <span class='ocrx_word' id='word_1_989' title='bbox 2813 4481 2906 4531; x_wconf 85' lang='lat' dir='ltr'><strong>sed</strong></span> <span class='ocrx_word' id='word_1_990' title='bbox 2950 4489 3221 4532; x_wconf 86' lang='lat' dir='ltr'><strong>revertere</strong></span> <span class='ocrx_word' id='word_1_991' title='bbox 3261 4480 3326 4530; x_wconf 88' lang='lat' dir='ltr'><strong>ad</strong></span> <span class='ocrx_word' id='word_1_992' title='bbox 3371 4481 3700 4546; x_wconf 80' lang='lat' dir='ltr'><strong>agnitionem</strong></span> 
     </span>
    </p>
   </div>
   <div class='ocr_carea' id='block_1_138' title="bbox 2130 4545 3712 4617">
    <p class='ocr_par' dir='ltr' id='par_1_138' title="bbox 2130 4545 3712 4617">
     <span class='ocr_line' id='line_1_139' title="bbox 2130 4545 3712 4617; baseline 0.003 -20"><span class='ocrx_word' id='word_1_993' title='bbox 2130 4545 2200 4617; x_wconf 85' lang='lat' dir='ltr'><strong>tui</strong></span> <span class='ocrx_word' id='word_1_994' title='bbox 2237 4547 2647 4615; x_wconf 72' lang='lat' dir='ltr'><strong>Redemptoris,</strong></span> <span class='ocrx_word' id='word_1_995' title='bbox 2695 4549 2784 4616; x_wconf 85' lang='lat' dir='ltr'><strong>qui</strong></span> <span class='ocrx_word' id='word_1_996' title='bbox 2836 4548 2929 4601; x_wconf 84' lang='lat' dir='ltr'><strong>tibi</strong></span> <span class='ocrx_word' id='word_1_997' title='bbox 2983 4552 3142 4602; x_wconf 82' lang='lat' dir='ltr'><strong>toties</strong></span> <span class='ocrx_word' id='word_1_998' title='bbox 3189 4547 3246 4601; x_wconf 87' lang='lat' dir='ltr'><strong>in</strong></span> <span class='ocrx_word' id='word_1_999' title='bbox 3296 4545 3604 4617; x_wconf 81' lang='lat' dir='ltr'><strong>prophetis,</strong></span> <span class='ocrx_word' id='word_1_1000' title='bbox 3648 4566 3712 4603; x_wconf 82' lang='lat' dir='ltr'><strong>et</strong></span> 
     </span>
    </p>
   </div>
   <div class='ocr_carea' id='block_1_139' title="bbox 2125 4615 3704 4686">
    <p class='ocr_par' dir='ltr' id='par_1_139' title="bbox 2125 4615 3704 4686">
     <span class='ocr_line' id='line_1_140' title="bbox 2125 4615 3704 4686; baseline 0.004 -19"><span class='ocrx_word' id='word_1_1001' title='bbox 2125 4615 2242 4686; x_wconf 76' lang='lat' dir='ltr'><strong>lege</strong></span> <span class='ocrx_word' id='word_1_1002' title='bbox 2275 4633 2566 4682; x_wconf 68' lang='lat' dir='ltr'><strong>promissus</strong></span> <span class='ocrx_word' id='word_1_1003' title='bbox 2591 4627 2690 4671; x_wconf 75' lang='lat' dir='ltr'><strong>est.</strong></span> <span class='ocrx_word' id='word_1_1004' title='bbox 2715 4615 3013 4673; x_wconf 70' lang='lat' dir='ltr'><strong>Revertere</strong></span> <span class='ocrx_word' id='word_1_1005' title='bbox 3045 4618 3273 4686; x_wconf 83' lang='lat' dir='ltr'><strong>puritate</strong></span> <span class='ocrx_word' id='word_1_1006' title='bbox 3297 4615 3437 4672; x_wconf 21' lang='lat' dir='ltr'><strong>Vlidci</strong></span> <span class='ocrx_word' id='word_1_1007' title='bbox 3469 4637 3481 4671; x_wconf 89' lang='lat'><strong>:</strong></span> <span class='ocrx_word' id='word_1_1008' title='bbox 3515 4635 3704 4672; x_wconf 59' lang='lat' dir='ltr'><strong>rever-</strong></span> 
     </span>
    </p>
   </div>
   <div class='ocr_carea' id='block_1_140' title="bbox 2125 4689 3704 4756">
    <p class='ocr_par' dir='ltr' id='par_1_140' title="bbox 2125 4689 3704 4756">
     <span class='ocr_line' id='line_1_141' title="bbox 2125 4689 3704 4756; baseline 0.001 -20"><span class='ocrx_word' id='word_1_1009' title='bbox 2125 4697 2237 4740; x_wconf 84' lang='lat' dir='ltr'><strong>tere</strong></span> <span class='ocrx_word' id='word_1_1010' title='bbox 2265 4701 2488 4752; x_wconf 82' lang='lat' dir='ltr'><strong>Operunt</strong></span> <span class='ocrx_word' id='word_1_1011' title='bbox 2523 4690 2885 4756; x_wconf 75' lang='lat' dir='ltr'><strong>perfectione.</strong></span> <span class='ocrx_word' id='word_1_1012' title='bbox 2927 4704 2960 4741; x_wconf 90' lang='grc' dir='ltr'><strong>ο</strong></span> <span class='ocrx_word' id='word_1_1013' title='bbox 2996 4689 3306 4752; x_wconf 76' lang='lat' dir='ltr'><strong>Su&#39;lamitis,</strong></span> <span class='ocrx_word' id='word_1_1014' title='bbox 3340 4689 3389 4741; x_wconf 88' lang='lat' dir='ltr'><strong>id</strong></span> <span class='ocrx_word' id='word_1_1015' title='bbox 3419 4701 3502 4744; x_wconf 85' lang='lat' dir='ltr'><strong>est</strong></span> <span class='ocrx_word' id='word_1_1016' title='bbox 3527 4729 3543 4751; x_wconf 93' lang='lat'><strong>,</strong></span> <span class='ocrx_word' id='word_1_1017' title='bbox 3573 4706 3704 4752; x_wconf 81' lang='lat' dir='ltr'><strong>cap—</strong></span> 
     </span>
    </p>
   </div>
   <div class='ocr_carea' id='block_1_141' title="bbox 2122 4758 3704 4825">
    <p class='ocr_par' dir='ltr' id='par_1_141' title="bbox 2122 4758 3704 4825">
     <span class='ocr_line' id='line_1_142' title="bbox 2122 4758 3704 4825; baseline 0.004 -17"><span class='ocrx_word' id='word_1_1018' title='bbox 2122 4758 2227 4825; x_wconf 82' lang='lat' dir='ltr'><strong>tiva</strong></span> <span class='ocrx_word' id='word_1_1019' title='bbox 2248 4798 2262 4821; x_wconf 91' lang='lat'><strong>,</strong></span> <span class='ocrx_word' id='word_1_1020' title='bbox 2289 4763 2398 4825; x_wconf 82' lang='lat' dir='ltr'><strong>jam</strong></span> <span class='ocrx_word' id='word_1_1021' title='bbox 2427 4777 2453 4808; x_wconf 64' lang='grc' dir='ltr'><strong>ιι</strong></span> <span class='ocrx_word' id='word_1_1022' title='bbox 2485 4761 2708 4812; x_wconf 75' lang='lat' dir='ltr'><strong>vinculis</strong></span> <span class='ocrx_word' id='word_1_1023' title='bbox 2742 4759 3070 4814; x_wconf 81' lang='lat' dir='ltr'><strong>iulidelitatis</strong></span> <span class='ocrx_word' id='word_1_1024' title='bbox 3117 4772 3392 4814; x_wconf 87' lang='lat' dir='ltr'><strong>revertere</strong></span> <span class='ocrx_word' id='word_1_1025' title='bbox 3431 4760 3501 4814; x_wconf 85' lang='lat' dir='ltr'><strong>ad</strong></span> <span class='ocrx_word' id='word_1_1026' title='bbox 3553 4771 3704 4814; x_wconf 80' lang='lat' dir='ltr'><strong>luunt</strong></span> 
     </span>
    </p>
   </div>
   <div class='ocr_carea' id='block_1_142' title="bbox 2117 4824 2940 4896">
    <p class='ocr_par' dir='ltr' id='par_1_142' title="bbox 2117 4824 2940 4896">
     <span class='ocr_line' id='line_1_143' title="bbox 2117 4824 2940 4896; baseline 0.006 -18"><span class='ocrx_word' id='word_1_1027' title='bbox 2117 4824 2537 4896; x_wconf 60' lang='lat' dir='ltr'><strong>liedeinptorein</strong></span> <span class='ocrx_word' id='word_1_1028' title='bbox 2563 4872 2578 4894; x_wconf 87' lang='lat'><strong>,</strong></span> <span class='ocrx_word' id='word_1_1029' title='bbox 2611 4839 2665 4881; x_wconf 88' lang='lat' dir='ltr'><strong>ut</strong></span> <span class='ocrx_word' id='word_1_1030' title='bbox 2695 4831 2940 4884; x_wconf 83' lang='lat' dir='ltr'><strong>salveris.</strong></span> 
     </span>
    </p>
   </div>
   <div class='ocr_carea' id='block_1_143' title="bbox 2189 4895 3705 4966">
    <p class='ocr_par' dir='ltr' id='par_1_143' title="bbox 2189 4895 3705 4966">
     <span class='ocr_line' id='line_1_144' title="bbox 2189 4895 3705 4966; baseline 0.003 -17"><span class='ocrx_word' id='word_1_1031' title='bbox 2189 4895 2317 4950; x_wconf 72' lang='lat' dir='ltr'><strong>Car.</strong></span> <span class='ocrx_word' id='word_1_1032' title='bbox 2338 4895 2440 4951; x_wconf 77' lang='lat' dir='ltr'><strong>vti.</strong></span> <span class='ocrx_word' id='word_1_1033' title='bbox 2469 4928 2541 4939; x_wconf 89' lang='lat'><strong><em>—</em></strong></span> <span class='ocrx_word' id='word_1_1034' title='bbox 2571 4901 2620 4952; x_wconf 87' lang='grc'><strong>1.</strong></span> <span class='ocrx_word' id='word_1_1035' title='bbox 2655 4899 2791 4964; x_wconf 85' lang='lat' dir='ltr'><strong>Quid</strong></span> <span class='ocrx_word' id='word_1_1036' title='bbox 2818 4901 3004 4953; x_wconf 77' lang='lat' dir='ltr'><strong>videbis</strong></span> <span class='ocrx_word' id='word_1_1037' title='bbox 3031 4899 3084 4952; x_wconf 88' lang='lat' dir='ltr'><strong>iu</strong></span> <span class='ocrx_word' id='word_1_1038' title='bbox 3117 4899 3372 4955; x_wconf 78' lang='lat' dir='ltr'><strong>Sulaaiitc</strong></span> <span class='ocrx_word' id='word_1_1039' title='bbox 3391 4942 3406 4966; x_wconf 91' lang='lat'><strong>,</strong></span> <span class='ocrx_word' id='word_1_1040' title='bbox 3436 4901 3534 4954; x_wconf 86' lang='lat' dir='ltr'><strong>nisi</strong></span> <span class='ocrx_word' id='word_1_1041' title='bbox 3575 4903 3705 4953; x_wconf 60' lang='lat' dir='ltr'><strong>cllo-</strong></span> 
     </span>
    </p>
   </div>
   <div class='ocr_carea' id='block_1_144' title="bbox 2118 4969 3706 5041">
    <p class='ocr_par' dir='ltr' id='par_1_144' title="bbox 2118 4969 3706 5041">
     <span class='ocr_line' id='line_1_145' title="bbox 2118 4969 3706 5041; baseline 0.005 -24"><span class='ocrx_word' id='word_1_1042' title='bbox 2118 4983 2200 5020; x_wconf 88' lang='lat' dir='ltr'><strong>ros</strong></span> <span class='ocrx_word' id='word_1_1043' title='bbox 2247 4972 2575 5022; x_wconf 83' lang='lat' dir='ltr'><strong>castrorum?</strong></span> <span class='ocrx_word' id='word_1_1044' title='bbox 2626 4969 2706 5022; x_wconf 82' lang='lat' dir='ltr'><strong>Tu</strong></span> <span class='ocrx_word' id='word_1_1045' title='bbox 2757 4972 2908 5024; x_wconf 81' lang='lat' dir='ltr'><strong>doles</strong></span> <span class='ocrx_word' id='word_1_1046' title='bbox 2959 4985 3284 5041; x_wconf 81' lang='lat' dir='ltr'><strong>synagogam</strong></span> <span class='ocrx_word' id='word_1_1047' title='bbox 3335 4972 3655 5025; x_wconf 82' lang='lat' dir='ltr'><strong>ubduratatri</strong></span> <span class='ocrx_word' id='word_1_1048' title='bbox 3686 4989 3706 5024; x_wconf 88' lang='lat'><strong>:</strong></span> 
     </span>
    </p>
   </div>
   <div class='ocr_carea' id='block_1_145' title="bbox 2117 5042 3702 5109">
    <p class='ocr_par' dir='ltr' id='par_1_145' title="bbox 2117 5042 3702 5109">
     <span class='ocr_line' id='line_1_146' title="bbox 2117 5042 3702 5109; baseline 0.003 -19"><span class='ocrx_word' id='word_1_1049' title='bbox 2117 5052 2281 5107; x_wconf 83' lang='lat' dir='ltr'><strong>prope</strong></span> <span class='ocrx_word' id='word_1_1050' title='bbox 2313 5048 2395 5092; x_wconf 82' lang='lat' dir='ltr'><strong>est</strong></span> <span class='ocrx_word' id='word_1_1051' title='bbox 2425 5051 2668 5107; x_wconf 78' lang='lat' dir='ltr'><strong>tempus,</strong></span> <span class='ocrx_word' id='word_1_1052' title='bbox 2699 5042 2838 5109; x_wconf 87' lang='lat' dir='ltr'><strong>quod</strong></span> <span class='ocrx_word' id='word_1_1053' title='bbox 2870 5042 3064 5095; x_wconf 77' lang='lat' dir='ltr'><strong>choros</strong></span> <span class='ocrx_word' id='word_1_1054' title='bbox 3096 5043 3404 5096; x_wconf 84' lang='lat' dir='ltr'><strong>bellantium</strong></span> <span class='ocrx_word' id='word_1_1055' title='bbox 3435 5043 3702 5096; x_wconf 73' lang='lat' dir='ltr'><strong>adversus</strong></span> 
     </span>
    </p>
   </div>
   <div class='ocr_carea' id='block_1_146' title="bbox 2117 5111 3704 5177">
    <p class='ocr_par' dir='ltr' id='par_1_146' title="bbox 2117 5111 3704 5177">
     <span class='ocr_line' id='line_1_147' title="bbox 2117 5111 3704 5177; baseline 0.004 -17"><span class='ocrx_word' id='word_1_1056' title='bbox 2117 5113 2378 5177; x_wconf 81' lang='lat' dir='ltr'><strong>malignos</strong></span> <span class='ocrx_word' id='word_1_1057' title='bbox 2426 5111 2643 5177; x_wconf 74' lang='lat' dir='ltr'><strong>Spiritus</strong></span> <span class='ocrx_word' id='word_1_1058' title='bbox 2687 5124 2741 5163; x_wconf 88' lang='lat' dir='ltr'><strong>et</strong></span> <span class='ocrx_word' id='word_1_1059' title='bbox 2787 5112 3112 5166; x_wconf 80' lang='lat' dir='ltr'><strong>laudantium</strong></span> <span class='ocrx_word' id='word_1_1060' title='bbox 3160 5113 3445 5166; x_wconf 80' lang='lat' dir='ltr'><strong>Dominum</strong></span> <span class='ocrx_word' id='word_1_1061' title='bbox 3494 5115 3704 5166; x_wconf 80' lang='lat' dir='ltr'><strong>\idebis</strong></span> 
     </span>
    </p>
   </div>
   <div class='ocr_carea' id='block_1_147' title="bbox 2116 5180 3700 5251">
    <p class='ocr_par' dir='ltr' id='par_1_147' title="bbox 2116 5180 3700 5251">
     <span class='ocr_line' id='line_1_148' title="bbox 2116 5180 3700 5251; baseline 0.004 -21"><span class='ocrx_word' id='word_1_1062' title='bbox 2116 5181 2168 5251; x_wconf 85' lang='lat' dir='ltr'><strong>in</strong></span> <span class='ocrx_word' id='word_1_1063' title='bbox 2186 5197 2283 5251; x_wconf 86' lang='lat' dir='ltr'><strong>ca.</strong></span> <span class='ocrx_word' id='word_1_1064' title='bbox 2310 5180 2487 5247; x_wconf 77' lang='lat' dir='ltr'><strong>Quam</strong></span> <span class='ocrx_word' id='word_1_1065' title='bbox 2516 5182 2715 5246; x_wconf 77' lang='lat' dir='ltr'><strong>pulchri</strong></span> <span class='ocrx_word' id='word_1_1066' title='bbox 2741 5192 2857 5235; x_wconf 83' lang='lat' dir='ltr'><strong>sunt</strong></span> <span class='ocrx_word' id='word_1_1067' title='bbox 2884 5199 3087 5251; x_wconf 69' lang='lat' dir='ltr'><strong>gressus</strong></span> <span class='ocrx_word' id='word_1_1068' title='bbox 3117 5183 3192 5235; x_wconf 85' lang='lat' dir='ltr'><strong>tui</strong></span> <span class='ocrx_word' id='word_1_1069' title='bbox 3217 5186 3270 5236; x_wconf 84' lang='lat' dir='ltr'><strong>in</strong></span> <span class='ocrx_word' id='word_1_1070' title='bbox 3302 5183 3662 5237; x_wconf 82' lang='lat' dir='ltr'><strong>calceatiientis</strong></span> <span class='ocrx_word' id='word_1_1071' title='bbox 3682 5222 3700 5246; x_wconf 86' lang='lat'><strong>,</strong></span> 
     </span>
    </p>
   </div>
   <div class='ocr_carea' id='block_1_148' title="bbox 2114 5249 3703 5321">
    <p class='ocr_par' dir='ltr' id='par_1_148' title="bbox 2114 5249 3703 5321">
     <span class='ocr_line' id='line_1_149' title="bbox 2114 5249 3703 5321; baseline 0.004 -21"><span class='ocrx_word' id='word_1_1072' title='bbox 2114 5249 2225 5317; x_wconf 78' lang='lat' dir='ltr'><strong>[ilia</strong></span> <span class='ocrx_word' id='word_1_1073' title='bbox 2256 5252 2500 5319; x_wconf 80' lang='lat' dir='ltr'><strong>principis</strong></span> <span class='ocrx_word' id='word_1_1074' title='bbox 2520 5251 2541 5303; x_wconf 88' lang='lat'><strong>.&#39;</strong></span> <span class='ocrx_word' id='word_1_1075' title='bbox 2571 5251 2721 5305; x_wconf 83' lang='lat' dir='ltr'><strong>Nunc</strong></span> <span class='ocrx_word' id='word_1_1076' title='bbox 2751 5249 2934 5307; x_wconf 75' lang='lat' dir='ltr'><strong>laudes</strong></span> <span class='ocrx_word' id='word_1_1077' title='bbox 2965 5256 3218 5308; x_wconf 70' lang='lat' dir='ltr'><strong>Ecclcsua:</strong></span> <span class='ocrx_word' id='word_1_1078' title='bbox 3247 5255 3316 5306; x_wconf 86' lang='lat' dir='ltr'><strong>ab</strong></span> <span class='ocrx_word' id='word_1_1079' title='bbox 3347 5255 3468 5321; x_wconf 87' lang='lat' dir='ltr'><strong>ipso</strong></span> <span class='ocrx_word' id='word_1_1080' title='bbox 3498 5269 3703 5321; x_wconf 81' lang='lat' dir='ltr'><strong>sponso</strong></span> 
     </span>
    </p>
   </div>
   <div class='ocr_carea' id='block_1_149' title="bbox 2119 5323 3696 5391">
    <p class='ocr_par' dir='ltr' id='par_1_149' title="bbox 2119 5323 3696 5391">
     <span class='ocr_line' id='line_1_150' title="bbox 2119 5323 3696 5391; baseline 0.005 -21"><span class='ocrx_word' id='word_1_1081' title='bbox 2119 5323 2487 5386; x_wconf 83' lang='lat' dir='ltr'><strong>proteruntur;</strong></span> <span class='ocrx_word' id='word_1_1082' title='bbox 2520 5333 2576 5375; x_wconf 92' lang='lat' dir='ltr'><strong>et</strong></span> <span class='ocrx_word' id='word_1_1083' title='bbox 2603 5323 2776 5391; x_wconf 89' lang='lat' dir='ltr'><strong>primo</strong></span> <span class='ocrx_word' id='word_1_1084' title='bbox 2805 5338 3028 5390; x_wconf 83' lang='lat' dir='ltr'><strong>Operutn</strong></span> <span class='ocrx_word' id='word_1_1085' title='bbox 3067 5327 3368 5378; x_wconf 81' lang='lat' dir='ltr'><strong>constantia</strong></span> <span class='ocrx_word' id='word_1_1086' title='bbox 3411 5332 3471 5380; x_wconf 84' lang='lat' dir='ltr'><strong>et</strong></span> <span class='ocrx_word' id='word_1_1087' title='bbox 3510 5325 3696 5378; x_wconf 72' lang='lat' dir='ltr'><strong>inorti~</strong></span> 
     </span>
    </p>
   </div>
   <div class='ocr_carea' id='block_1_150' title="bbox 2119 5393 3702 5466">
    <p class='ocr_par' dir='ltr' id='par_1_150' title="bbox 2119 5393 3702 5466">
     <span class='ocr_line' id='line_1_151' title="bbox 2119 5393 3702 5466; baseline 0.006 -25"><span class='ocrx_word' id='word_1_1088' title='bbox 2119 5393 2311 5466; x_wconf 76' lang='lat' dir='ltr'><strong>licatiu</strong></span> <span class='ocrx_word' id='word_1_1089' title='bbox 2334 5393 2949 5466; x_wconf 74' lang='lat' dir='ltr'><strong>voluptatuntlaudatur</strong></span> <span class='ocrx_word' id='word_1_1090' title='bbox 2988 5397 3038 5447; x_wconf 90' lang='lat' dir='ltr'><strong>in</strong></span> <span class='ocrx_word' id='word_1_1091' title='bbox 3077 5409 3174 5454; x_wconf 80' lang='lat' dir='ltr'><strong>ea.</strong></span> <span class='ocrx_word' id='word_1_1092' title='bbox 3205 5398 3327 5463; x_wconf 89' lang='lat' dir='ltr'><strong>quia</strong></span> <span class='ocrx_word' id='word_1_1093' title='bbox 3359 5395 3467 5448; x_wconf 85' lang='lat' dir='ltr'><strong>lilia</strong></span> <span class='ocrx_word' id='word_1_1094' title='bbox 3492 5395 3702 5466; x_wconf 81' lang='lat' dir='ltr'><strong>princi—</strong></span> 
     </span>
    </p>
   </div>
   <div class='ocr_carea' id='block_1_151' title="bbox 2117 5463 3372 5536">
    <p class='ocr_par' dir='ltr' id='par_1_151' title="bbox 2117 5463 3372 5536">
     <span class='ocr_line' id='line_1_152' title="bbox 2117 5463 3372 5536; baseline 0.005 -24"><span class='ocrx_word' id='word_1_1095' title='bbox 2117 5464 2230 5530; x_wconf 89' lang='lat' dir='ltr'><strong>pis,</strong></span> <span class='ocrx_word' id='word_1_1096' title='bbox 2264 5463 2314 5515; x_wconf 86' lang='lat' dir='ltr'><strong>id</strong></span> <span class='ocrx_word' id='word_1_1097' title='bbox 2345 5471 2426 5516; x_wconf 83' lang='lat' dir='ltr'><strong>est</strong></span> <span class='ocrx_word' id='word_1_1098' title='bbox 2443 5501 2459 5529; x_wconf 83' lang='lat'><strong>,</strong></span> <span class='ocrx_word' id='word_1_1099' title='bbox 2487 5463 2685 5518; x_wconf 75' lang='lat' dir='ltr'><strong>Cbrisd</strong></span> <span class='ocrx_word' id='word_1_1100' title='bbox 2705 5501 2723 5532; x_wconf 89' lang='lat'><strong>,</strong></span> <span class='ocrx_word' id='word_1_1101' title='bbox 2753 5466 2824 5519; x_wconf 91' lang='lat' dir='ltr'><strong>ob</strong></span> <span class='ocrx_word' id='word_1_1102' title='bbox 2850 5467 3073 5534; x_wconf 76' lang='lat' dir='ltr'><strong>gratiam</strong></span> <span class='ocrx_word' id='word_1_1103' title='bbox 3102 5465 3372 5536; x_wconf 79' lang='lat' dir='ltr'><strong>baptismi.</strong></span> 
     </span>
    </p>
   </div>
   <div class='ocr_carea' id='block_1_152' title="bbox 2105 5613 3698 5737">
    <p class='ocr_par' dir='ltr' id='par_1_152' title="bbox 2105 5613 3698 5737">
     <span class='ocr_line' id='line_1_153' title="bbox 2105 5613 3698 5737; baseline 0 -71"><span class='ocrx_word' id='word_1_1104' title='bbox 2105 5615 2378 5737; x_wconf 54' lang='lat' dir='ltr'><strong>3Sullamt‘its</strong></span> <span class='ocrx_word' id='word_1_1105' title='bbox 2409 5628 2531 5671; x_wconf 91' lang='lat' dir='ltr'><strong>cum</strong></span> <span class='ocrx_word' id='word_1_1106' title='bbox 2566 5616 2786 5688; x_wconf 74' lang='lat' dir='ltr'><strong>Vulgata</strong></span> <span class='ocrx_word' id='word_1_1107' title='bbox 2821 5626 3037 5685; x_wconf 86' lang='lat' dir='ltr'><strong>nostra,</strong></span> <span class='ocrx_word' id='word_1_1108' title='bbox 3077 5629 3146 5672; x_wconf 85' lang='lat' dir='ltr'><strong>ett</strong></span> <span class='ocrx_word' id='word_1_1109' title='bbox 3183 5614 3412 5672; x_wconf 63' lang='lat' dir='ltr'><strong>tlebrco</strong></span> <span class='ocrx_word' id='word_1_1110' title='bbox 3453 5613 3698 5670; x_wconf 84' lang='lat' dir='ltr'><strong>ostendit</strong></span> 
     </span>
     <span class='ocr_line' id='line_1_154' title="bbox 2133 5689 2395 5737; baseline 0 0"><span class='ocrx_word' id='word_1_1111' title='bbox 2133 5689 2173 5737; x_wconf 72' lang='lat' dir='ltr'><strong>la</strong></span> <span class='ocrx_word' id='word_1_1112' title='bbox 2199 5697 2395 5737; x_wconf 85' lang='lat' dir='ltr'><strong>metus.</strong></span> 
     </span>
    </p>
   </div>
   <div class='ocr_carea' id='block_1_153' title="bbox 2133 5689 2395 5744">
    <p class='ocr_par' dir='ltr' id='par_1_153' title="bbox 2133 5689 2395 5744">
     <span class='ocr_line' id='line_1_155' title="bbox 2133 5689 2395 5744; baseline 0.008 -7"><span class='ocrx_word' id='word_1_1113' title='bbox 2133 5689 2395 5744; x_wconf 49' lang='lat' dir='ltr'><strong>extinctus.</strong></span> 
     </span>
    </p>
   </div>
  </div>
