4084 6160
544 375 673 433 1151

1320 378 1408 431 ΑΙ)
1446 376 1502 433 S.
1544 374 1790 433 ISIDORI
1834 374 2273 432 [IISPALENSIS
2311 373 2539 431 OPERA
2581 374 3021 434 APPENDICES.

3669 378 3803 434 1152

542 489 779 544 omnium
826 486 1083 541 bonorum
1134 485 1546 557 pulchritudine.
1598 487 1789 541 Innixa
1844 504 1995 557 super
2036 488 2119 540 di-
2151 492 2194 549 Α
2225 485 2448 539 docendi
2477 500 2611 554 opus
2635 486 2855 557 implere
2885 487 3106 556 possint.
3139 484 3296 542 Cedri
3325 485 3546 542 virtutes
3589 500 3803 544 sancto-

544 562 748 629 lectum,
795 556 1009 629 omnia,
1053 571 1172 625 qua:
1223 556 1381 629 habet
1419 560 1481 611 ad
1531 560 1752 625 gratiam
1800 556 1981 614 dilecti
2028 574 2117 612 re-

542 627 743 686 ferens.
795 627 1003 694 Suum,
1053 641 1211 695 quem
1267 627 1393 681 milii
1454 630 1553 682 soli
1610 629 1925 682 mittendum
1968 638 2122 696 puta—

545 704 686 755 bam.

618 771 672 826 5.
694 769 803 824 Sub
824 768 1003 821 arbore
1018 767 1153 821 mala
1177 769 1414 822 suscitavi
1436 778 1503 822 te.
1540 769 1650 823 Sub
1673 768 1867 821 arbore
1899 769 2075 823 crucis
2092 784 2120 821 a

543 851 792 908 perpetua
827 850 999 892 morte
1025 840 1272 892 revocavi
1326 851 1396 897 te.
1433 850 1488 891 ut
1510 841 1781 908 apostolos
1811 849 1865 892 et
1897 850 2123 893 cateros

540 910 749 966 electos
800 924 865 963 ex
907 909 1113 965 Judaia.
1149 908 1230 962 Ibi
1280 920 1523 977 corrupta
1570 920 1641 963 est
1702 920 1863 962 mater
1911 919 2020 970 tua,
2053 911 2123 962 iii

543 982 732 1034 violata
761 992 832 1033 est
862 980 1078 1050 genitrix
1101 990 1204 1034 tua.
1244 979 1296 1032 Id
1327 990 1431 1048 est,
1458 980 1627 1049 major
1658 981 1823 1047 plebs,
1853 979 2123 1033 Christum

550 1050 810 1122 negando,
836 1066 884 1103 ei
911 1050 1202 1122 Iiarabliam
1234 1052 1497 1117 eligendo,
1530 1054 1809 1122 reprobata
1835 1059 1935 1122 est.
1983 1050 2124 1103 Pone

547 1120 703 1175 meiut
718 1120 1035 1189 signaculum
1057 1137 1211 1190 super
1248 1136 1335 1173 cor
1361 1131 1518 1186 tuum,
1540 1131 1593 1172 ut
1623 1121 1943 1189 signaculum
1972 1137 2126 1187 super

544 1191 809 1244 brachium
838 1201 997 1243 tuum.
1028 1190 1093 1246 Ut
1132 1190 1298 1258 digito
1321 1192 1389 1243 ob
1416 1190 1725 1245 memoriam
1758 1191 1918 1260 206
1947 1193 2125 1259 cujus-

546 1262 676 1316 libet
724 1261 803 1315 rei
835 1263 1045 1330 signum
1075 1262 1285 1330 aliquod
1319 1262 1565 1329 Iigamus.
1600 1260 1698 1314 Per
1725 1275 1818 1313 cor
1847 1262 2123 1327 cogitatio,

543 1345 598 1385 et
642 1346 736 1399 per
783 1331 1056 1384 brachium
1090 1332 1396 1399 designatur
1434 1333 1694 1399 operatio.
1750 1332 1807 1385 Si
1856 1347 1941 1384 ine
1995 1336 2126 1386 Veiis

545 1402 744 1457 habere
791 1416 1066 1467 sponsum,
1111 1402 1252 1454 intus
1290 1400 1520 1455 cliaritas
1552 1401 1655 1454 lide
1705 1415 1810 1454 non
1865 1404 1983 1455 licta
2034 1404 2121 1468 sit,

545 1480 600 1526 et
646 1471 774 1525 loris
803 1470 1040 1537 operatio
1066 1472 1278 1525 devota.

616 1542 670 1594 6.
699 1541 1004 1611 Quiafortis
1026 1550 1095 1611 est
1123 1550 1177 1593 ut
1202 1554 1335 1593 mors
1372 1540 1596 1609 dilectio,
1627 1541 1758 1594 dura
1804 1542 1936 1595 sicut
1962 1542 2125 1611 infer-

545 1628 644 1665 nus
687 1610 969 1664 remulatio.
1020 1610 1195 1665 Fortis
1257 1621 1339 1665 est
1388 1625 1556 1677 usque
1607 1614 1673 1664 ad
1717 1620 1945 1666 mortem
2004 1610 2119 1666 mea

539 1677 761 1737 dilectio
791 1682 841 1734 iii
868 1695 937 1745 te,
961 1696 995 1734 o
1024 1680 1335 1750 Syiiagoga;
1363 1679 1455 1735 sed
1482 1692 1568 1735 tua
1600 1681 1873 1735 :emulatio
1902 1682 2036 1735 dura
2073 1683 2125 1736 in

545 1766 634 1806 me
679 1751 774 1805 luit
825 1752 962 1805 sicut
1001 1749 1265 1807 infernus;
1290 1749 1397 1806 Sed
1444 1762 1594 1806 verte
1639 1754 2038 1807 mmulatiouem
2074 1752 2123 1806 in

544 1822 908 1895 dilectionem,
926 1833 979 1895 et
994 1824 1100 1875 eris
1118 1822 1244 1895 mihi
1260 1836 1457 1889 sponso
1474 1835 1687 1895 sponsa.
1705 1820 1993 1895 Lampades
2010 1827 2122 1895 ejus

548 1892 812 1963 lampades
842 1894 975 1963 ignis
1012 1902 1160 1963 atque
1205 1894 1551 1963 ﬂammarum.
1586 1893 1895 1963 Dilectionis
1924 1892 2122 1961 lampa-

544 1960 1019 2019 des’corda'sunt
1058 1962 1324 2028 ﬁdelium;
1382 1961 1536 2030 ignis,
1590 1971 1805 2033 propter
1849 1960 2125 2033 fervorem

548 2033 759 2094 cordis;
808 2033 1140 2103 ﬂammarum
1166 2072 1181 2095 ,
1205 2040 1424 2103 propter
1452 2032 1779 2101 operationis
1805 2032 2122 2088 efﬁcaciam.

617 2103 671 2157 7.
705 2103 862 2172 Aqua:
911 2102 1084 2156 multa:
1133 2102 1233 2155 non
1279 2114 1511 2171 poterunt
1553 2104 1871 2173 exstinguere
1901 2105 2127 2157 charita-

547 2183 668 2239 teni,
711 2189 803 2226 nec
848 2174 1064 2242 ﬂumina
1112 2173 1324 2227 obruent
1369 2172 1534 2226 illam.
1597 2172 1774 2242 Aquas
1823 2173 2015 2227 multas
2074 2185 2127 2229 et

547 2242 789 2306 ﬂumina,
843 2247 1190 2297 tentationum
1233 2243 1361 2297 dicit
1391 2244 1636 2298 incursus
1666 2258 1784 2312 qua:
1828 2244 2125 2310 visibiliter,

553 2329 648 2369 seu
675 2313 1031 2379 invisibiliter,
1056 2314 1260 2368 animas
1288 2314 1519 2368 lldeliuui
1545 2313 1858 2383 impugnare
1902 2329 2005 2368 non
2036 2314 2129 2369 de-

548 2384 753 2447 sinunt,
785 2383 976 2453 quibus
1006 2385 1237 2437 eliaritas
1283 2398 1385 2437 non
1428 2384 1589 2438 cedit.
1620 2383 1683 2438 Si
1733 2384 1928 2437 dederit
1979 2387 2128 2438 hama

548 2470 748 2507 omnem
777 2453 1335 2524 substantiamidomus
1375 2468 1482 2507 sua:
1519 2470 1610 2522 pro
1660 2455 1948 2519 dilectione,
1980 2458 2129 2524 quasi

549 2524 677 2578 nihil
700 2525 940 2595 despiciet
959 2539 1089 2595 eam.
1114 2523 1294 2595 Sancti
1324 2538 1448 2578 vere
1476 2526 1636 2595 totius
1657 2524 1848 2578 domus
1874 2541 1984 2579 suae
2003 2527 2129 2578 sub-

548 2592 801 2663 stantiam
864 2608 961 2663 pro
1010 2592 1314 2649 dilectionis
1367 2594 1735 2663 magnitudine
1789 2594 1944 2663 quasi
1991 2595 2126 2650 nihil

551 2662 937 2733 desiiiciebaiit.

620 2736 674 2803 8.
730 2732 892 2788 Soror
939 2743 1121 2803 nostra;
1161 2749 1317 2803 parva
1344 2742 1459 2800 est,
1509 2742 1555 2787 et
1594 2734 1751 2787 ubera
1802 2749 1903 2788 non
1957 2734 2124 2790 liabet.

549 2801 727 2858 Prima
768 2807 1036 2858 nascentis
1083 2801 1337 2859 Ecclesiae
1363 2803 1430 2859 de
1453 2804 1700 2873 gentibus
1745 2813 1985 2873 tempora
2034 2806 2129 2861 de-

547 2875 743 2944 signat,
765 2874 978 2943 quando
1006 2873 1179 2928 adhuc
1203 2884 1257 2929 et
1295 2889 1451 2944 parva
1476 2875 1574 2928 luit
1604 2889 1845 2939 numero,
1869 2884 1923 2930 et
1954 2878 2129 2932 minus

549 2943 739 2999 idonea
759 2945 1062 3017 prgcdicare
1091 2943 1333 3017 verbu‘ni
1360 2944 1476 3017 Dei,
1511 2945 1660 3011 quasi
1700 2960 1928 3014 sponsus
1959 2948 2131 3017 Syna-

549 3028 700 3082 goga:
739 3013 963 3069 dixisset
988 3015 1055 3069 de
1100 3029 1161 3069 ea
1192 3033 1204 3068 :
1236 3014 1372 3082 Quid
1405 3016 1648 3084 faciemus
1671 3013 1834 3069 sorori
1863 3013 2049 3071 nostrae
2076 3019 2131 3070 iu

549 3084 649 3153 die,
683 3085 890 3153 quando
917 3083 1225 3151 alloquenda
1249 3086 1357 3138 est?
1389 3083 1508 3139 Acsi
1531 3095 1717 3152 aperte
1744 3087 1887 3139 dicat
1917 3103 1930 3140 :
1961 3088 2129 3141 Parva

549 3152 1042 3226 quidemAnumero
1085 3164 1167 3210 est
1195 3155 1430 3210 Ecclesia
1486 3157 1746 3226 gentium,
1794 3160 1861 3210 et‘
1899 3158 2127 3212 necdum

552 3223 701 3295 verbi
728 3223 1077 3280 ministerium
1125 3225 1307 3280 subire
1352 3223 1565 3280 sullléit.
1614 3226 1905 3295 Quiilergo
1931 3229 2022 3282 tibi
2053 3231 2129 3282 vi-
2158 3223 2206 3288 C

550 3292 731 3367 detur,
778 3296 1126 3367 ofSynagoga
1155 3338 1170 3364 ,
1219 3296 1516 3367 deAsorore
1569 3292 1866 3367 faciendum
1921 3309 2127 3367 nostra,

552 3366 765 3436 quando
788 3364 1112 3436 allo‘queiida
1144 3374 1244 3436 est,
1271 3364 1323 3419 id
1346 3376 1449 3433 est,
1478 3381 1571 3436 per
1596 3366 1755 3436 verbi
1772 3364 2124 3422 ministerium

555 3434 795 3507 ducenda
830 3436 882 3488 in
924 3435 1123 3489 Iidem?
1172 3435 1449 3507 Synaguga
1480 3434 1712 3503 tacente,
1746 3435 1863 3505 ipse
1900 3453 2130 3507 sponsus

552 3505 679 3575 quid
711 3505 829 3575 fieri
850 3506 1043 3560 debeat
1073 3505 1382 3575 respondet.

623 3570 678 3650 ξ).
705 3573 768 3629 Si
795 3591 970 3629 murus
999 3587 1108 3650 ςξιι,⁸
1130 3570 1438 3650 αξᾷἱβεεηιιιε
1459 3592 1629 3650 _super
1672 3592 1790 3650 eunt
1834 3594 2128 3650 prapugna-

551 3643 668 3697 cula
697 3652 955 3715 argentea.
989 3645 1112 3699 Acsi
1151 3646 1357 3700 diceret
1387 3663 1400 3699 :
1453 3648 1508 3702 Si
1539 3643 1747 3715 aliquas
1778 3643 1942 3703 habet
1987 3643 2037 3703 iii
2069 3666 2129 3704 se

553 3717 715 3769 l‘ortes
774 3716 947 3788 lide,‘
978 3715 1192 3788 ingenio
1220 3716 1465 3788 gclaros,
1520 3719 1602 3771 vel
1666 3718 1999 3788 pliilus0phia
2046 3722 2123 3775 iii-

554 3791 817 3853 SIructos,
849 3786 1104 3841 addamus
1159 3785 1263 3841 illis
1318 3785 1709 3855 proiiugnacula
1758 3785 2031 3857 argentea,
2074 3792 2126 3845 id

550 3862 658 3921 est,
683 3857 959 3927 scientiam
986 3857 1286 3911 divinarum
1318 3858 1732 3927 Scripturarum,
1757 3868 1813 3910 ut
1833 3873 1898 3913 eo
1922 3860 2129 3916 l'acilius

553 3926 760 3998 possint
790 3927 946 3982 tutari
974 3928 1211 3998 inﬁrmos
1236 3938 1394 3997 atque
1424 3929 1694 3998 indoctos.
1727 3926 1788 3983 Si
1823 3930 2012 3982 ostium
2035 3941 2129 3998 est,

550 3995 1323 4070 compingamus‘illud-tabulis
1341 3996 1579 4051 cedrinis.
1606 3997 1660 4054 Si
1686 4010 1810 4053 sunt
1834 3995 2129 4070 simplices,

556 4072 730 4119 tamen
751 4066 976 4139 docendi
997 4066 1173 4139 studio
1192 4067 1478 4131 inhiantes.
1496 4084 1854 4137 proponamus
1882 4066 1983 4123 illis
2002 4066 2135 4139 priu-

553 4147 672 4187 rum
721 4137 962 4206 exempla
1009 4137 1300 4207 iustorum,
1362 4152 1469 4207 quo
1518 4139 1718 4194 certius
1763 4149 1818 4195 et
1860 4137 2135 4197 efﬁcacius

625 4264 677 4317 7.
707 4264 763 4319 In
797 4266 1037 4338 Vulgata,
1064 4284 1211 4337 aqua:
1239 4270 1418 4324 multa:
1446 4288 1547 4326 non
1578 4283 1873 4341 patuerunt.

2225 570 2340 629 rum
2366 564 2439 629 ‘et
2467 557 2659 609 tabulas
2692 556 3021 629 latitudinem
3065 558 3342 613 cliaritatis
3391 558 3696 629 designant.
3722 562 3805 614 Ad

2226 624 2340 677 hinc
2365 625 2477 692 ipsa
2505 627 2792 691 respondet
2824 628 3082 682 Ecclesia.

2298 696 2385 750 10.
2413 693 2521 764 Ego
2544 710 2742 759 murus,
2789 706 2835 749 et
2882 700 3035 769 ubera
3065 713 3175 750 mea
3204 698 3351 765 quasi
3370 700 3545 752 turris.
3582 699 3657 753 Ex
3702 715 3806 769 quo

2225 762 2361 838 facta
2386 762 2501 818 sum
2533 780 2711 819 coram
2742 781 2809 821 eo
2839 767 2989 836 quasi
3022 762 3224 835 parein’
3250 769 3545 834 reperiens,
3599 784 3701 838 ego
3720 762 3807 824 'de

2225 835 2358 907 vivis
2381 845 2658 903 compacta
2697 852 2813 890 sum
2860 835 3150 906 lapidibus,
3183 846 3238 893 ct
3292 839 3497 907 glutino
3526 835 3809 895 charitatil

2224 905 2452 957 adunata
2479 944 2494 969 ,
2549 915 2604 960 et
2665 922 2827 974 super
2875 905 3269 962 fundamentum
3302 905 3597 963 immobile
3637 910 3811 964 a-dili-

2225 982 2363 1026 cata.
2397 975 2593 1036 Ubera,
2618 975 2667 1028 iil
2707 985 2807 1039 est,
2844 976 3094 1032 doctores
3142 978 3450 1043 fortissimi,
3483 994 3580 1033 ceu
3614 981 3805 1045 turris,

2224 1045 2392 1116 quiet
2421 1046 2669 1113 parvulos
2710 1048 2912 1101 nutrire
2939 1048 3134 1112 sciunt,
3165 1057 3220 1102 et
3254 1050 3431 1102 omnia
3465 1049 3686 1116 maligni
3714 1066 3814 1104 ex-

2228 1114 2469 1187 pellere;
2522 1124 2577 1169 et
2624 1116 2726 1170 hoc
2765 1118 2896 1171 mihi
2925 1118 3119 1171 accidit
3169 1132 3235 1174 ex
3285 1133 3351 1172 eo
3409 1114 3651 1187 tempore
3702 1138 3814 1187 quo

2225 1183 2469 1265 Christus
2516 1200 2603 1240 me
2645 1188 3031 1254 reconciliavit,
3075 1197 3128 1243 et
3171 1202 3268 1257 per
3321 1202 3443 1243 eum
3492 1183 3675 1259 pacem
3713 1183 3813 1245 re-

2263 1269 2364 1309 eri.

2228 1269 2385 1378 Ρθῗὶ.
2440 1324 2598 1379 Vinea
2614 1326 2734 1449 (fuit
2773 1326 2988 1395 paci/ica
3014 1343 3125 1381 mea
3153 1329 3206 1380 in
3233 1345 3295 1383 ea
3330 1344 3443 1397 qua:
3467 1329 3612 1384 habet
3636 1348 3811 1403 papu-

2228 1393 2323 1448 las.
2353 1395 2542 1449 Vinea.
2596 1398 2608 1448 i
2680 1408 2783 1449 est.
2814 1398 3077 1449 catholica
3130 1398 3366 1449 Ecclesia
3412 1399 3589 1449 fructu
3640 1403 3811 1449 abun.

2227 1393 2323 1448 las.
2353 1395 2542 1459 Vinea,
2596 1393 2647 1449 id
2680 1393 2783 1463 est,
2814 1398 3077 1451 catholica
3130 1393 3366 1453 Ecclesia
3412 1399 3589 1455 fructu
3638 1393 3816 1457 abun~

2225 1465 2509 1538 danslidei
2552 1463 2653 1520 fuit
2692 1467 2935 1538 paciHCO,
2979 1468 3029 1520 id
3059 1479 3160 1532 est,
3191 1470 3423 1535 Christo,
3458 1472 3585 1538 quia
3629 1474 3811 1527 omnia

2228 1536 2528 1610 paciliizavit
2558 1537 2608 1589 in
2639 1537 2791 1610 caelis
2824 1546 2877 1591 et
2909 1540 2960 1589 in
2990 1540 3178 1603 terris,
3210 1540 3261 1593 in
3302 1555 3367 1593 ea
3391 1536 3813 1610 congregatione

2225 1619 2347 1671 qua:
2391 1607 2586 1661 inultos
2610 1607 2837 1676 populos
2868 1610 3105 1673 possidet
3126 1625 3190 1662 ex
3243 1618 3354 1664 toto
3379 1607 3531 1675 orbe“,
3569 1607 3676 1665 non
3722 1612 3813 1667 λιξ-

2228 1679 2341 1727 dica
2374 1678 2570 1750 solum.
2606 1677 2881 1750 finditur
2929 1692 2991 1731 ea
3034 1678 3348 1734 custodibus
3398 1680 3695 1750 prophetis,
3731 1684 3814 1737 vel

2226 1748 2507 1819 apostolis,
2526 1746 2902 1819 velangelicis
2944 1752 3297 1816 potestatibus
3336 1746 3413 1803 et'
3437 1746 3810 1819 dignitatibus.

2300 1816 2455 1885 207
2491 1813 2576 1870 12.
2622 1813 3058 1888 νῇνίαιιιεηίρο
3105 1819 3296 1888 fructu.
3323 1821 3376 1875 Id
3405 1813 3520 1887 est:
3573 1825 3816 1877 retribu-

2230 1884 2379 1938 tione
2412 1884 2607 1940 ieterna
2642 1885 2821 1963 hujus
2848 1884 3036 1963 vincte.
3069 1884 3232 1963 A'lfert
3258 1892 3396 1944 mille
3433 1884 3729 1963 argenteas.
3759 1894 3813 1946 Id

2228 1964 2329 2031 est,
2364 1971 2459 2024 pro
2500 1958 2852 2025 acquisitione
2881 1960 3027 2031 regni
3072 1959 3331 2028 cmlestis,
3362 1961 3454 2031 qui
3478 1958 3560 2015 est
3608 1962 3814 2018 fructus

2230 2025 2419 2088 vineas,
2446 2038 2636 2081 cuncta
2666 2042 2785 2099 que
2819 2025 3000 2082 mundi
3030 2040 3153 2083 sunt
3184 2025 3421 2099 reliq'uii.
3474 2032 3811 2088 Millenarius

2229 2109 2482 2170 numerus
2500 2112 2596 2166 pro
2621 2098 2948 2170 perfectione
2962 2103 3196 2168 ponitur.
3216 2100 3267 2154 Id
3292 2111 3394 2165 est,
3418 2104 3507 2170 qui
3525 2106 3708 2155 omnia
3735 2120 3817 2158 re-

2232 2164 2406 2232 liquit.
2438 2164 2696 2239 Argentei
2720 2182 2814 2235 pro
2844 2164 2996 2222 omni
3024 2171 3247 2237 pecunia
3265 2164 3622 2239 accipiuntur.
3653 2172 3817 2227 Vinea

2228 2250 2343 2288 mea
2361 2251 2534 2288 coram
2560 2252 2658 2291 me.
2679 2237 2789 2293 Vox
2822 2241 3024 2306 Sponsi.
3059 2237 3456 2306 Verumtamen,
3484 2241 3586 2295 etsi
3618 2254 3671 2297 te
3693 2245 3816 2299 aliis

2228 2309 2602 2382 commendem
2649 2308 2984 2382 custodibus,
3034 2319 3207 2364 tamen
3266 2321 3318 2364 te
3349 2327 3562 2382 semper
3594 2311 3648 2365 in
3700 2329 3817 2368 mea

2229 2373 2401 2429 habeo
2458 2378 2766 2444 praesentia,
2803 2373 2989 2433 videns
3028 2389 3082 2434 et
3110 2373 3484 2435 remunerans’
3510 2382 3711 2436 laboris
3738 2387 3810 2437 tui

2228 2444 2569 2520 devotionem
2599 2446 2653 2501 in
2682 2448 2951 2503 omnibus.
2986 2448 3132 2505 Mille
3161 2452 3234 2503 tui
3276 2453 3497 2520 paciﬁci.
3532 2452 3675 2507 Mille
3716 2456 3811 2517 tui,

2230 2517 2562 2581 subauditur,
2611 2519 2869 2585 argentei.
2921 2521 3082 2585 Quasi
3130 2517 3358 2575 dixisSet
3392 2517 3424 2575 v:
3472 2522 3574 2589 Qui
3631 2538 3815 2578 amore

2231 2599 2353 2660 meo
2398 2599 2587 2660 cuncta
2617 2603 2711 2641 sua
2762 2589 3005 2654 dimittit,
3039 2590 3089 2660 in
3123 2606 3249 2659 pace
3275 2596 3399 2657 erit,
3429 2595 3553 2660 quia
3596 2608 3811 2648 omnem

2231 2657 2587 2736 substantiam
2609 2672 2940 2736 _suam,.quae
2988 2657 3289 2716 inillenario
3342 2657 3678 2732 designatur,
3713 2678 3812 2736 pro

2231 2726 2497 2779 charitate
2528 2726 2623 2782 Dei
2647 2726 2862 2781 ainittit'.

2302 2797 2391 2851 15.
2410 2795 2511 2874 “Et
2539 2798 2846 2874 ducenti‘(id
2876 2799 2982 2869 est)
3031 2800 3112 2856 Itis
3141 2802 3226 2871 qui
3277 2803 3567 2856 custodiunt
3615 2806 3817 2874 {ructus

2230 2867 2361 2942 eius.
2403 2866 2504 2933 Qui
2553 2878 2681 2942 sunt
2733 2866 2983 2942 ductores
3006 2866 3200 2937 sancti,
3248 2876 3336 2942 qui
3388 2876 3571 2933 omnia
3615 2866 3819 2928 'uiuudi

2231 2937 2527 3003 dimittunt,
2555 2940 2715 3009 etin
2754 2941 2918 2994 verbo
2977 2937 3371 3009 praedicationis
3410 2944 3657 2997 laborare
3707 2960 3817 2997 non

2231 3016 2480 3082 cessant,
2512 3008 2567 3062 bi
2596 3008 2791 3082 duplici
2823 3008 3254 3067 remuneratione
3280 3055 3294 3079 ,
3341 3027 3461 3082 quae
3490 3015 3822 3067 ducentem-

2233 3079 2315 3150 rio
2370 3076 2700 3148 designatur,
2761 3078 3029 3135 donantur
3075 3083 3213 3150 apud
3264 3076 3375 3136 ine:
3430 3083 3557 3149 ρυω
3614 3082 3820 3135 habitas

2230 3146 2540 3218 ini/iouis,
2590 3150 2744 3202 amici
2803 3146 3122 3206 auscultant.
3179 3154 3313 3218 Quia
3356 3146 3551 3207 locutio
3633 3162 3821 3206 nostra

2238 3217 2468 3291 ﬁnienda
2491 3227 2595 3291 est,
2628 3221 2730 3273 hoc
2761 3221 3002 3291 ultimum
3032 3222 3148 3277 vale
3175 3217 3215 3281 a7
3235 3238 3320 3278 me
3351 3225 3550 3278 audito.
3588 3223 3821 3291 Semper

2236 3287 2417 3341 habita
2451 3288 2710 3361 inhhortis‘
2732 3288 3021 3361 virtutum;
3071 3302 3126 3347 et
3178 3294 3312 3347 scito
3356 3299 3478 3361 quia
3527 3294 3685 3346 amici
3707 3287 3739 3358 ,⁷
3768 3294 3823 3346 id

2235 3367 2338 3422 est,
2362 3359 2587 3427 angelici
2632 3358 2850 3426 Spiritus
2907 3371 2961 3416 et
3007 3364 3202 3417 animas
3231 3358 3562 3429 sanctorum,
3598 3378 3823 3431 semper

2237 3436 2289 3501 te
2317 3431 2683 3494 considerant,
2713 3441 2767 3501 et
2796 3440 2886 3486 tuo
2915 3433 3151 3501 gaudent
3178 3444 3419 3501 aSpectu.
3469 3432 3579 3486 Fac
3610 3449 3692 3485 me
3720 3449 3819 3485 ast-

2234 3498 2343 3573 dire
2364 3512 2530 3551 vocem
2562 3509 2723 3564 tuam.
2745 3499 2806 3573 Id
2835 3498 2942 3567 est,
2968 3518 3066 3557 vox
3112 3498 3507 3573 praedicationis
3538 3515 3666 3567 tuae,
3690 3503 3822 3557 dum

2233 3568 2400 3638 vales,
2422 3583 2634 3638 semper
2656 3570 2899 3625 audiatur
2919 3589 2947 3625 a
2973 3587 3079 3627 me.

2307 3637 2393 3691 M.
2419 3636 2584 3708 Fuge,
2616 3644 2795 3695 dilecte
2824 3643 2915 3695 mi.
2947 3644 3071 3696 Acsi
3099 3653 3283 3713 aperte
3310 3644 3455 3699 dicat
3484 3662 3499 3698 :
3528 3640 3824 3710 Quoniam,

2234 3708 2288 3782 in
2311 3723 2473 3782 carne
2498 3722 2782 3782 apparens,
2817 3722 3085 3782 princepta
3110 3708 3239 3768 mihi
3271 3729 3333 3769 ac
3372 3717 3512 3769 dona
3541 3708 3668 3768 vitae
3698 3727 3826 3768 cte-

2236 3780 2391 3854 lestis_
2409 3778 2655 3854 conferre
2672 3778 2922 3854 dignatus
2948 3778 3028 3849 es,
3065 3800 3205 3839 nunc
3234 3785 3316 3839 bis
3348 3790 3601 3854 peractis,
3643 3798 3830 3837 rever-

2236 3859 2348 3902 tere
2379 3849 2433 3902 in
2460 3848 2636 3903 sinuin
2668 3848 2871 3919 Patris,
2914 3869 2946 3906 ο
2979 3848 3050 3908 ini
3105 3856 3320 3909 dilecte.
3348 3848 3675 3909 'Assimilare
3731 3867 3827 3904 ca-

2234 3934 2395 3992 prae,
2423 3919 2739 3992 [tinnulaque
2774 3938 3036 3977 cervorum
3084 3941 3239 3992 super
3275 3937 3466 3978 montes
3510 3932 3827 3977 aromatum.

2240 3991 2305 4042 Et
2332 3994 2432 4044 hoc
2464 3989 2597 4043 mihi
2644 3993 2713 4045 sit
2749 3992 3033 4059 solatium,
3076 3989 3199 4064 quia
3220 3999 3470 4049 continua
3523 3997 3731 4047 visione
3776 4001 3832 4045 te

2239 4074 2451 4137 nequeo
2475 4072 2716 4127 cernere,
2753 4066 2943 4118 saltem
3000 4069 3189 4120 crebra
3221 4065 3530 4120 visitatioue
3555 4079 3645 4119 me
3688 4077 3831 4119 con-

2241 4132 2399 4184 solari
2424 4139 2713 4192 memento,

1100 4432 3839 4464 Ἥ

1752 4515 2346 4605 APPENDIX
2408 4524 2607 4607 VII.

1491 4673 1577 4729 DE
1618 4675 2005 4733 CUNFLICTU
2052 4679 2382 4738 VITIOIiUM
2422 4683 2511 4738 ET
2553 4683 2932 4742 VIRTUTUM.

632 4809 703 4889 1..
740 4806 1046 4889 Apostolica
1096 4820 1199 4889 vpx
1243 4809 1437 4863 clamat
1492 4825 1587 4889 per
1636 4811 1842 4876 orbem,
1874 4816 2131 4889 atquein
2160 4819 2211 4878 D
2237 4828 2421 4886 ces,et
2437 4820 2481 4873 si
2510 4836 2612 4888 qua
2644 4831 2772 4875 sunt
2798 4822 3137 4877 diversorum
3167 4833 3360 4889 genera
3392 4826 3788 4874 tormentorum
3816 4834 3834 4883 ;

557 4878 833 4949 procinctu
865 4878 985 4933 lidei
1031 4878 1221 4948 positis
1245 4895 1313 4934 ne
1340 4882 1630 4936 securitate
1661 4891 1908 4950 torpeant
1949 4878 2084 4939 dicit
2116 4902 2131 4939 ε

562 4950 747 5022 Omnes
774 4951 860 5019 qui
892 4950 974 5022 pie
1002 4950 1185 5022 volunt
1204 4950 1368 5022 pinge
1405 4952 1457 5004 in
1497 4951 1701 5005 Christo
1736 4952 1900 5022 λεια,
1958 4971 2135 5022 perse-

558 5020 808 5092 cutionem
837 5091 841 5092 ί
863 5019 1118 5092 patientur
1156 5018 1253 5092 (II
1303 5019 1432 5092 Tim.
1466 5022 1681 5090 111,12).
1724 5021 1791 5076 Et
1846 5018 1972 5077 ecce
2010 5026 2134 5092 quia

557 5091 934 5162 Christianitas
962 5090 1123 5144 etiam
1145 5090 1204 5162 _iu
1234 5090 1343 5144 suis
1373 5093 1699 5159 principibus
1722 5094 1832 5161 jam
1888 5090 2135 5162 religiosa

552 5161 772 5229 jamque
800 5159 974 5214 lldelis
1000 5166 1104 5223 est,
1128 5158 1323 5214 desunt
1364 5158 1449 5226 pie
1479 5158 1781 5217 viventibus
1832 5164 1884 5216 in
1921 5158 2136 5219 Cliristo

558 5229 683 5286 lesu
703 5230 1191 5298 vincula,verbera,
1208 5229 1438 5300 ﬂagella,
1465 5235 1982 5303 carceres,equulei,
2011 5248 2137 5289 cru—

630 5366 790 5423 Num.
834 5367 886 5421 l.
939 5365 993 5438 In
1025 5365 1359 5438 Isidorianis,
1384 5382 1505 5433 cap.
1547 5367 1638 5431 84,
1663 5385 1718 5422 n.
1765 5367 1836 5426 20
1866 5380 1917 5424 et
1949 5384 2126 5438 seqq.,

559 5437 631 5493 de
653 5438 753 5492 hoc
775 5438 909 5493 libro
933 5437 1182 5503 disserui,
1214 5452 1369 5507 quem
1399 5439 1491 5492 alii
1518 5448 1701 5494 sancto
1728 5438 1918 5493 Joanni
1962 5437 2131 5508 Chry-

562 5520 820 5572 sostoino,
852 5509 941 5562 alii
966 5518 1152 5562 sancto
1181 5510 1498 5577 Augustino,
1532 5509 1624 5564 alii
1666 5522 1854 5563 sancto
1896 5513 2127 5565 Ambro-

560 5577 676 5650 sio,
696 5578 993 5650 aliisaiicto
1024 5577 1247 5643 Isidoro,
1281 5578 1367 5650 alii
1387 5579 1764 5650 sanctoiLeoni
1795 5580 2006 5650 Magno,
2037 5579 2126 5633 alii

564 5648 848 5718 _Anibrusio
877 5647 1457 5718 Anipertoascribunt.
1498 5648 1739 5718 Cajetaui
1768 5647 2028 5704 inon'ituin
2061 5650 2127 5703 ad

565 5714 710 5769 hunc
752 5717 944 5770 librum
987 5714 1268 5783 descripsi,
1325 5714 1601 5774 Editiones
1641 5728 1698 5774 et
1734 5718 1962 5775 Codices
1994 5734 2126 5773 mss.

566 5786 830 5838 recensui.
884 5790 989 5840 l're
1049 5788 1297 5844 Editione
1357 5788 1542 5846 Grialii
1580 5788 1876 5862 Cyprianus
1927 5794 2127 5849 Suarez

2238 4890 2508 4957 quomodo
2569 4904 2697 4959 ergo
2757 4906 2943 4946 verum
2994 4894 3097 4946 erit
3164 4890 3304 4959 quod
3371 4903 3465 4958 per
3513 4889 3834 4957 Apostolum

2239 4961 2448 5021 sonuit,
2501 4969 2561 5014 ut
2595 4976 2784 5015 omnes
2836 4964 2918 5030 pie
2962 4964 3203 5016 viventes
3249 4960 3679 5030 persecutionem
3736 4973 3836 5024 pa-

2241 5030 2475 5084 tiantur?
2505 5046 2572 5085 an
2603 5030 2740 5085 forte
2769 5028 2928 5088 nemo
2976 5034 3122 5101 pacis
3159 5041 3399 5096 tempore
3446 5028 3693 5101 vult‘pie
3731 5030 3832 5101 _vi-

2242 5116 2367 5154 vere
2398 5104 2449 5153 in
2483 5101 2701 5156 Christo
2728 5101 2883 5165 Iesu,
2913 5098 3117 5157 et'ideo
3157 5102 3351 5155 desunt
3382 5099 3519 5153 ista?
3552 5098 3684 5165 Quis
3729 5098 3839 5152 huc

2243 5170 2325 5224 vel
2360 5170 2631 5239 desipiens
2664 5172 2901 5226 dixerit?

2240 5382 2376 5436 apus
2401 5366 2733 5430 emendavit,
2785 5368 2880 5423 sed
2913 5366 3089 5423 nullas
3116 5376 3272 5423 notas
3299 5374 3394 5423 aut
3419 5365 3601 5422 varias
3647 5363 3815 5420 lectio

2240 5453 2335 5493 nes
2388 5438 2947 5512 apposuitsuau‘rini
2996 5438 3136 5512 inter
3204 5441 3533 5508 appendices
3601 5448 3835 5512 Opeth

2237 5505 2436 5564 sancti
2460 5510 2746 5583 Augustini
2806 5509 3052 5583 libellum
3077 5505 3254 5583 _bunc'
3279 5505 3653 5583 'reppsuerunt
3681 5505 3837 5583 ...μὴ

2236 5575 2571 5647 screpantia'
2607 5579 2854 5634 lectionis
2899 5576 3092 5634 alicubi
3144 5575 3457 5633 ιιυιιιιίιζῡε
3497 5578 3656 5647 titulo
3704 5575 3838 5628 libri

2238 5646 2411 5703 videri
2452 5659 2682 5716 possunt
2738 5648 3113 5704 commentarii
3160 5647 3329 5704 nostri
3381 5649 3449 5703 ad
3500 5646 3841 5716 Psychoma-

2235 5719 2414 5774 chiain
2449 5718 2750 5801 Prudentii,
2800 5719 3041 5791 ejusdem
3091 5720 3390 5792 argumenti
3422 5727 3478 5774 et
3525 5716 3664 5773 tituli
3718 5728 3849 5768 car—

2247 5804 2372 5845 men
2399 5803 2698 5860 egregium.
