4084 6160
346 352 478 408 1135

963 347 1248 406 APPEND.
1292 346 1399 402 VII.
1443 375 1524 400 -.
1553 347 1640 402 DE
1677 346 1920 403 CONFLI

2023 348 2058 405 υ
2101 343 2430 403 VITIORUM
2475 345 2561 400 ΕΤ
2606 344 2981 402 νιιιτυτυιι.

3462 351 3592 407 1151

412 467 576 540 ξω
593 464 649 518 2.
677 465 730 518 ln
761 463 857 540 hac
895 477 1032 540 ergo
1069 462 1313 540 Apostoli
1355 461 1612 540 sententia
1646 474 1748 512 non
1790 474 1909 523 spe-
1944 465 1988 521 Α
2022 529 2034 540 _
2086 459 2339 540 8.uhiidi,
2390 467 2565 540 tumor
2596 459 3042 540 superbi;e,_auuli
3073 458 3335 540 dicentem
3363 465 3448 540 al
3482 467 3594 540 tunc

344 532 898 602 tiiad—isil'iioruiiiilaiii,
941 532 1033 585 sed
1084 534 1346 600 generalis
1396 533 1629 602 omnium
1663 543 1912 602 parsi-cu.

345 612 421 663 tio
446 598 604 661 debet
633 604 870 672 intelligi.
902 603 966 655 Et
994 598 1206 672 quidem
1238 611 1362 654 sunt
1391 601 1537 657 niulti
1565 598 1910 672 iqtra__sinuin

344 678 529 733 matris
554 666 1105 735 I‘chlesiae'constituti,
1122 670 1209 738 qui
1240 672 1323 738 pie
1345 671 1582 724 viventes
1605 670 1656 722 in
1677 666 1911 738 Christo,

343 744 679 802 contumeliis
704 741 1028 804 afficiuntur,
1072 737 1388 808 opprobriis,
1437 739 1664 804 injuriis,
1693 737 1917 790 derisiu-

346 817 608 880 nibusque
661 813 1011 866 lacessantur.
1067 811 1164 863 leta
1214 825 1337 864 vere
1386 818 1468 863 est
1511 810 1594 880 illa
1629 808 1916 880 generalis

347 878 666 951 persecutio,
699 896 855 948 quam
909 881 1196 951 Apostolus
1236 894 1422 951 omnes
1480 879 1564 951 pie
1595 878 1834 951 viventes
1865 881 1914 930 in

345 947 556 1011 Christo
613 947 727 1017 pati
757 947 1076 1017 descripsit?
1130 950 1244 1003 Non
1297 949 1450 1003 facile
1495 947 1744 1008 dixerim,
1795 960 1914 1000 cuin

345 1027 449 1080 sint
476 1021 687 1094 quidam
744 1020 998 1094 religiosi,
1057 1021 1248 1094 quibus
1304 1029 1776 1094 neinopravururn
1830 1030 1919 1068 au-

345 1099 468 1150 deat
493 1085 560 1148 'in
588 1092 772 1146 faciem
804 1085 1086 1158 derogare;
1123 1089 1234 1142 Alia
1293 1101 1420 1156 ergo
1460 1085 1801 1152 intelligenda
1835 1097 1918 1139 est

349 1181 471 1232 qua:
502 1163 785 1218 immanior
818 1168 871 1212 et
902 1161 1067 1232 magis
1095 1161 1246 1232 noxia
1279 1169 1378 1232 est,
1413 1171 1571 1232 quani
1621 1171 1722 1232 non
1775 1169 1915 1232 inor-

347 1224 472 1289 talis
500 1235 771 1301 intorquet
797 1224 1078 1296 severitas,
1108 1229 1202 1283 sed
1245 1224 1494 1282 vitiorum
1525 1227 1690 1296 gignit
1729 1224 1918 1278 adver-

345 1305 498 1360 sitas.

415 1376 472 1429 3.
502 1374 635 1427 Dum
659 1372 800 1425 enim
828 1377 1012 1424 contra
1046 1368 1398 1423 humilitatem
1423 1364 1696 1436 superbia,
1729 1376 1913 1421 contra

348 1459 530 1498 veram
580 1443 890 1509 religiooem
950 1440 1259 1502 simulatio,
1295 1435 1503 1509 contra
1530 1435 1912 1509 subjectiOnem

350 1524 547 1583 pugnat
598 1505 952 1578 contemptus,
984 1518 1169 1564 contra
1215 1507 1420 1583 Domini
1456 1508 1704 1583 timorem
1743 1505 1916 1583 inanis

348 1575 542 1651 glovria,
577 1591 760 1651 contra
805 1575 1093 1651 fraternam
1143 1577 1656 1651 congratulationem
1690 1575 1911 1651 invidia,

348 1646 539 1707 contra
563 1649 900 1705 dilectionem
933 1649 1110 1702 odium
1131 1689 1146 1713 ,
1178 1646 1360 1704 contra
1414 1648 1711 1701 libertatein
1753 1646 1913 1714 justze

348 1721 706 1788 correptionis
726 1720 1004 1786 detractio,
1032 1728 1214 1773 contra
1247 1719 1554 1785 patientiam
1581 1717 1657 1769 ira
1677 1718 1911 1788 militat,

349 1785 537 1846 contra
566 1785 1021 1878 mansuetudinem
1047 1791 1311 1878 protervia
1334 1797 1562 1878 ,Jcontra
1593 1785 1913 1878 satisfactio-
1948 1819 1988 1878 Β

352 1878 474 1917 nem
503 1872 698 1926 tumor,
729 1867 912 1913 contra
939 1855 1210 1929 spirituale
1247 1857 1492 1929 gaudium
1542 1855 1720 1929 smcuii
1753 1855 1917 1929 tristi-

354 1934 446 1996 tia,
474 1938 659 1986 contra
686 1925 915 1982 virtutis
945 1925 1273 1982 e'xercitium'
1298 1936 1502 1994 torpor,
1551 1927 1631 1980 vel
1688 1925 1914 1996 ignavia,

355 2010 542 2055 contra
574 1999 778 2053 firmam
810 1997 1154 2053 stabilitatem
1184 1998 1440 2051 dissoluta
1469 1997 1697 2064 vagatio,
1729 2005 1914 2050 contra

355 2073 467 2140 spei
498 2071 740 2124 tiduciam
770 2069 1094 2140 desperatio,
1129 2079 1308 2140 contra
1341 2065 1519 2140 mundi
1549 2075 1916 2140 contemptum

351 2135 636 2208 cupiditas,
688 2135 883 2208 contra
911 2138 1326 2208 misericordiam
1359 2135 1668 2198 obduratio,
1728 2146 1916 2208 contra

351 2206 711 2264 innocentiam
762 2207 942 2270 fraus,
989 2208 1072 2261 vel
1121 2207 1340 2270 furtum,
1398 2213 1585 2259 eontra
1641 2206 1915 2260 veritatem

358 2281 566 2334 fallacia
593 2290 750 2346 atque
781 2280 1139 2339 mendacium,
1177 2285 1360 2330 contra
1383 2276 1622 2329 chorum
1657 2278 1920 2342 paiciuio-

357 2353 504 2402 niam
533 2349 732 2403 ventris
760 2349 1038 2414 ingluvies,
1066 2357 1248 2400 contra
1282 2347 1608 2399 moderatum
1636 2359 1917 2399 maerorem

354 2420 536 2486 Inepta
561 2418 760 2483 laetitia,
792 2429 975 2471 contra
1004 2418 1286 2471 discretam
1330 2415 1739 2486 taciturniiatem
1784 2420 1919 2486 mul-

355 2484 657 2557 tiloquium,
687 2496 868 2542 eontra
916 2488 1093 2542 carnis
1166 2485 1526 2557 integritatem
1582 2484 1916 2557 immunditia

353 2554 516 2628 atque
558 2558 782 2622 luxuria,
814 2566 999 2610 contra
1047 2559 1224 2610 cordis
1271 2554 1584 2628 munditiam
1619 2555 1918 2628 _8piritualis

353 2626 675 2691 fornicatio,
723 2635 909 2680 contra
975 2641 1212 2679 amorem
1293 2626 1474 2692 patriae
1530 2626 1766 2678 caelestis
1826 2641 1919 2694 ap-

351 2698 555 2768 petitus
597 2696 780 2768 sazcuii
817 2697 1102 2768 praesentis
1149 2709 1424 2768 opponens
1470 2697 1916 2768 semet_immer-

349 2763 463 2835 git,
510 2768 633 2836 quid
660 2763 828 2836 (aliud
877 2780 1033 2833 quam
1077 2763 1306 2819 crudelis
1355 2766 1442 2836 pie
1482 2765 1767 2818 viventium
1799 2781 1918 2834 per-

350 2835 562 2892 secutio
608 2835 862 2889 adversus
919 2836 1263 2904 conglobatae
1321 2835 1578 2889 virtutum
1625 2836 1769 2889 acies
1824 2841 1918 2892 de-

355 2912 506 2961 saevit
519 2907 543 2960 1

426 2975 480 3028 4.
509 2976 553 3030 0
596 2990 752 3044 quam
799 2975 970 3043 dirus,
999 2989 1031 3029 ο
1060 2989 1218 3045 quam
1266 2989 1480 3029 amarus
1523 2982 1607 3029 est
1653 2975 1917 3044 superbia:

351 3059 697 3116 congressus,
737 3047 1096 3116 qum‘angelos
1123 3046 1190 3116 de
1228 3045 1365 3099 C(Blo
1397 3045 1638 3114 projecit,
1675 3045 1920 3101 homines

353 3115 424 3168 de
460 3113 704 3184 paradiso
732 3113 1056 3179 ciiininavit;
1101 3114 1254 3181 cujus
1295 3113 1590 3177 exercitus,
1622 3122 1778 3179 atque
1828 3131 1913 3168 ar-

2022 529 2333 582 bnniilitatis
2367 530 2674 595 magistrum
2710 545 2725 581 :
2761 531 2938 583 Umnis
2959 531 3042 597 qui
3068 546 3120 582 se
3146 534 3332 585 exultat
3352 533 3592 589 humiliu-

2020 598 2171 675 bititr,
2195 608 2240 675 et
2266 600 2353 675 qui
2382 615 2435 652 se
2466 598 2696 651 humiliat
2726 600 3030 652 exaltabitur
3053 599 3267 675 (illatlh.
3297 618 3449 666 nm,
3481 605 3592 675 l2);

2018 676 2071 719 et
2096 668 2222 720 illud
2262 666 2286 721 ε⁷
2309 666 2478 734 Super
2501 685 2645 736 quem
2691 675 2962 731 requireret
3015 666 3223 733 spiritus
3281 688 3442 736 meus,
3495 666 3594 730 nisi

2018 753 2170 806 super
2225 739 2504 802 humilem,
2546 749 2592 790 et
2642 739 2886 804 quietum,
2937 751 2983 791 et
3020 750 3313 794 tremen'em
3343 760 3596 800 sermones

2019 823 2155 878 meos
2181 807 2335 874 (lsai.
2370 822 2508 871 ωτι,
2541 807 2629 874 ‘2).
2667 809 2799 861 Audi
2827 809 2949 876 quid
2980 811 3140 861 etiam
3169 812 3233 862 de
3257 813 3348 864 illo
3372 814 3594 878 Ᾱιιμδιο.

2020 877 2098 928 Ιιις
2125 878 2290 942 dicat,
2337 880 2422 942 qui
2473 889 2522 931 te
2552 879 2616 930 ad
2646 881 2950 931 seczandam
3006 879 3353 933 humilitatem
3388 877 3589 939 invitat.

2020 944 2106 1018 At
2137 947 2276 1000 enim
2309 966 2322 1000 :
2359 948 2460 1012 Qui
2499 965 2611 1000 cum
2653 949 2702 1000 in
2739 953 2903 1018 forma
2936 949 3026 1000 Dei
3055 961 3200 1011 esset,
3228 967 3326 1003 non
3356 955 3591 1018 rapinam

2017 1016 2290 1070 arbitratus
2317 1029 2387 1070 est
2409 1034 2513 1070 esse
2532 1034 2583 1069 se
2604 1016 2846 1086 tequatem
2871 1018 2994 1079 Deo,
3030 1019 3117 1070 sed
3144 1035 3167 1070 s
3201 1016 3465 1081 metipsum
3489 1031 3597 1076 exi-

2017 1088 2232 1148 nanioit,
2268 1089 2482 1157 formam
2524 1090 2654 1140 servi
2693 1089 2961 1155 accipiens,
2995 1089 3044 1140 in
3091 1088 3474 1143 similitudinem
3503 1096 3594 1144 hri.

2017 1157 2207 1208 minum
2234 1159 2422 1224 factus,
2469 1167 2514 1210 et
2563 1158 2738 1210 habitu
2765 1159 2995 1209 inventus
3018 1168 3069 1209 ut
3102 1159 3279 1220 homo;
3306 1161 3594 1217 humiliavit

2016 1228 2359 1295 semetipsum,
2401 1228 2846 1296 fartusiobediens
2883 1242 3038 1296 usque
3077 1228 3144 1278 ad
3182 1238 3423 1292 mortem,
3461 1251 3598 1286 mor-

2017 1303 2114 1366 iem
2142 1306 2310 1349 autem
2349 1294 2512 1366 crucis
2545 1294 2799 1366 (Philipp.
2853 1312 2912 1358 tl,
2956 1294 3015 1358 ’6,
3067 1297 3160 1365 7).
3199 1298 3252 1352 Si
3293 1314 3418 1366 ergo
3452 1310 3593 1357 tanta

2017 1363 2314 1437 humilitate
2367 1363 2945 1437 sedeprimit'diviua
2990 1363 3272 1433 majestas,
3327 1363 3594 1437 quomodo

2016 1436 2290 1500 Superbire
2317 1437 2370 1490 in
2412 1436 2588 1502 aliquo
2625 1437 2783 1489 debet
2823 1437 3052 1488 humana
3102 1436 3417 1492 inﬁrmitas?

2087 1505 2140 1558 9.
2185 1505 2392 1578 (Inanis
2432 1507 2623 1578 (gloria
2655 1505 2722 1574 :)
2779 1505 2892 1578 Age
2943 1506 3135 1578 bonum
3182 1508 3333 1578 quod
3391 1511 3536 1566 vales
3579 1531 3594 1578 ;

2015 1577 2236 1630 ostende
2267 1575 2474 1630 cunctis
2521 1575 2714 1629 bonum
2747 1577 2884 1644 quod
2917 1576 3051 1642 agis,
3092 1585 3148 1629 ut
3179 1577 3346 1630 bonus
3379 1575 3594 1640 dicaris,

2017 1656 2072 1698 ut
2101 1655 2315 1700 sani-tus
2359 1654 2414 1699 et.
2465 1646 2780 1699 venerabilis
2809 1647 2874 1699 ab
2906 1661 3029 1698 oinn
3057 1645 3150 1699 bus
3183 1648 3507 1713 prazdieetis.
3537 1663 3595 1707 ιιι

2017 1724 2266 1785 tauquam
2298 1717 2352 1769 Di
2377 1717 2392 1770 i
2413 1716 2611 1770 electus
2643 1715 2901 1776 noseaiis,
2932 1725 2985 1767 ut
3013 1731 3168 1768 nemo
3194 1727 3243 1770 te
3266 1729 3592 1786 contemnat,

2018 1801 2173 1838 nemo
2203 1795 2253 1840 te
2293 1788 2568 1855 desp'ciat,
2601 1788 2693 1840 sed
2735 1786 2969 1839 universi
3019 1786 3252 1855 deb:t_um
3302 1791 3391 1842 tibi
3425 1795 3594 1844 Ιιιηιυθ

2018 1871 2129 1910 rem
2162 1851 2482 1924 persolvant.
3163 1851 3174 1865 “

2090 1927 2175 1979 ιι).
2217 1926 2419 1992 (Timor
2450 1925 2677 1990 Domini,
2717 1926 2928 1978 intentio
2957 1935 3093 1979 recta
3119 1925 3177 1993 :)
3223 1926 3276 1982 Si
3309 1929 3432 1997 quid
3468 1931 3590 1986 boni

2017 1995 2301 2064 aliquando
2329 1999 2459 2064 agis,
2495 2012 2597 2049 non
2623 2012 2719 2064 pro
2749 1997 3083 2060 transitoriis,
3109 1998 3200 2049 sed
3234 1995 3338 2065 pro
3380 2016 3592 2055 :eern‘s

2018 2065 2068 2118 id
2117 2066 2404 2137 honoribus
2431 2081 2560 2134 age;
2586 2065 2851 2119 absconde
2895 2068 3033 2132 quod
3071 2067 3218 2130 lacis,
3255 2071 3304 2121 in
3337 2083 3590 2137 quantum

2018 2147 2196 2203 putes;
2223 2135 2362 2206 quod
2395 2137 2438 2190 si
2486 2151 2548 2191 ex
2583 2145 2692 2190 toto
2722 2149 2822 2189 llOll
2855 2137 3022 2201 vales,
3061 2137 3133 2190 sit
3183 2139 3234 2190 in
3290 2135 3451 2194 corde
3503 2151 3592 2195 tuo

2017 2206 2318 2261 occultandi
2349 2206 2611 2268 voluntas,
2642 2219 2696 2259 et
2721 2219 2824 2260 noi
2853 2209 2957 2259 erit
2985 2209 3051 2260 de
3097 2209 3454 2264 ostentatione
3484 2212 3589 2264 ulla
3669 2221 3672 2224 '

2020 2281 2312 2342 temeritas,
2343 2291 2443 2331 nec
2481 2277 2718 2330 criminis
2773 2277 2874 2329 erit
2925 2276 3210 2347 aliquando
3252 2280 3593 2336 manilc~tare

2017 2349 2154 2416 quod
2205 2361 2419 2415 semper
2452 2349 2531 2400 vis
2561 2349 2787 2400 celatum
2821 2347 3040 2416 habere.
3072 2347 3161 2401 Sic
3198 2347 3430 2416 denique
3459 2352 3590 2404 duas

2019 2414 2392 2485 Redemptoris
2435 2416 2726 2471 sententias
2778 2415 2878 2468 sibi
2918 2419 3064 2484 quati
3114 2414 3410 2471 contrarias
3443 2421 3591 2475 vide-

2020 2486 2160 2540 beris
2186 2487 2525 2555 adimplesse,
2550 2488 2742 2554 quibus
2768 2488 2959 2538 dicitur
2991 2505 3004 2540 :
3040 2485 3282 2540 Faciente
3305 2497 3353 2540 te
3382 2491 3592 2544 eleemo-

2018 2572 2217 2625 sgnum,
2242 2559 2430 2611 nesciat
2455 2556 2662 2610 sinistra
2684 2565 2774 2609 tua
2798 2558 2922 2626 quid
2952 2557 3109 2626 faciat
3133 2557 3343 2626 dextera
3371 2567 3479 2624 tua,
3503 2563 3593 2614 sed

2018 2627 2335 2695 eleemosyua
2372 2637 2461 2680 tua
2496 2628 2561 2679 sit
2591 2628 2642 2679 in
2679 2625 2996 2686 abscondito,
3043 2637 3090 2678 et
3141 2625 3294 2680 Pater
3339 2639 3478 2693 tuus,
3505 2633 3594 2696 qui

2019 2697 2149 2749 uidet
2175 2699 2226 2750 iu
2254 2697 2570 2760 abscondito,
2612 2696 2786 2749 reddet
2813 2696 2903 2749 tibi
2924 2696 3136 2761 (Matth.
3169 2711 3238 2759 vv,
3268 2700 3343 2762 '5).
3376 2699 3440 2751 Et
3467 2716 3481 2754 :
3505 2699 3592 2754 Vi-

2018 2767 2169 2819 deant
2198 2775 2359 2821 vestra
2381 2783 2533 2836 apera
2559 2766 2711 2830 bona,
2739 2777 2785 2819 et
2806 2767 3089 2834 gloriﬁcent
3123 2765 3331 2819 Patrem
3353 2783 3594 2836 vestram,

2017 2837 2111 2908 qui
2134 2839 2186 2908 in
2207 2838 2345 2891 cretis
2374 2847 2446 2892 est
2468 2836 2682 2908 (Matth.
2717 2851 2770 2902 v,
2799 2837 2911 2904 l6).

2092 2906 2176 2959 11.
2215 2908 2358 2962 Cave
2408 2906 2625 2976 prursus
2653 2921 2719 2959 ne
2748 2907 2832 2960 illa
2865 2907 3129 2962 sententia
3164 2908 3255 2962 tibi
3287 2911 3591 2974 conveniat,

2019 2990 2119 3048 qua
2143 2975 2530 3048 deibypoc’ritii
2559 2975 2789 3048 dcitur;
2836 2976 3021 3029 Omnia
3061 2993 3218 3045 opera
3246 2995 3338 3032 sua
3375 2981 3592 3048 faciunt,

2019 3055 2072 3098 ut
2105 3045 2451 3115 beatiﬁcenlur
2475 3046 2536 3098 ob
2568 3045 2889 3106 hominibus:
2938 3064 3084 3100 amen
3129 3049 3245 3102 d:co
3273 3045 3427 3112 vobis,
3456 3068 3594 3105 rece-

2021 3127 2199 3182 perunt
2247 3118 2524 3170 mercedem
2575 3115 2958 3182 snam(iilattlt.
3009 3116 3101 3188 vi).
3135 3117 3362 3174 Atzende
3408 3120 3498 3175 tibi
3543 3122 3595 3176 in

353 3176 564 3258 inurunt
592 3176 1055 3258 confliettis,_vi_tia
1075 3176 1220 3258 sntit,
1247 3200 1366 3252 qua:
1414 3176 1647 3258 breviter
1674 3176 1916 3258 compre-
1945 3176 1990 3238 C
2021 3176 2224 3258 eunetis
2252 3203 2369 3256 qua:
2396 3203 2460 3256 ag
2483 3201 2510 3239 s
2528 3226 2542 3251 ,
2586 3203 2652 3258 ne
2705 3176 3022 3258 renudoxite
3060 3176 3298 3243 elatione
3357 3193 3596 3258 pulsatus

355 3253 524 3307 hensa
549 3255 846 3322 tetigimus!
879 3255 985 3310 Sed
1015 3255 1288 3309 videamus
1315 3254 1546 3320 qualiter
1569 3264 1744 3307 castra
1792 3257 1918 3310 οωΙὶ

352 3333 414 3377 et
435 3324 621 3378 inferni
665 3325 937 3391 dimicent,
971 3339 1117 3378 arma
1147 3325 1344 3379 Christi
1393 3337 1447 3379 et
1489 3324 1687 3377 diaboli
1733 3327 1918 3380 collisa

351 3396 649 3448 decertent.

431 3462 485 3516 5.
543 3463 901 3535 (Superbia:)
947 3463 1103 3519 Certe
1151 3463 1330 3518 multis
1357 3502 1373 3527 ,
1432 3464 1540 3535 imo
1581 3463 1738 3535 eiiam
1785 3478 1922 3532 pene

357 3533 610 3587 omnibus
640 3536 827 3588 melior
862 3533 922 3588 es
969 3536 1150 3599 verbo,
1193 3535 1435 3597 scientia,
1463 3533 1679 3595 divitiis,
1707 3534 1924 3588 honori-

358 3605 465 3657 bus
515 3613 572 3657 et
599 3603 803 3658 cunctis
831 3620 949 3673 qua:
973 3605 1055 3658 vel
1081 3604 1407 3671 carnalibus,
1439 3605 1517 3656 vel
1558 3602 1923 3671 spiritualibus

355 3684 654 3742 suppetunt.
702 3674 1142 3733 charismatibus;
1203 3684 1424 3728 cunctos
1483 3688 1610 3742 ergo
1665 3674 1919 3743 des'pice,

357 3746 570 3796 cunctis
597 3744 932 3812 temetipsum
964 3758 1041 3803 su
1065 3745 1295 3797 eriorem
1318 3744 1562 3812 ostende.

433 3813 486 3865 6.
542 3809 925 3882 (tiumituus:)
976 3814 1239 3867 Memento
1289 3809 1410 3882 quia
1457 3812 1624 3880 pulvis
1662 3827 1722 3868 es
1750 3811 1922 3882 (Gen.

362 3897 458 3947 ιιι,
494 3883 616 3952 19),
661 3887 784 3954 quia
827 3887 961 3936 cinis
999 3898 1090 3947 es,
1133 3883 1254 3951 quia
1286 3886 1510 3954 putredo
1539 3891 1593 3936 et
1619 3884 1818 3936 vermis
1842 3899 1921 3947 es,

358 3953 488 4022 quia
510 3958 608 4007 etsi
638 3955 834 4024 aliquid
860 3968 940 4017 es,
991 3957 1090 4006 nisi
1129 3961 1275 4024 tanto
1324 3963 1375 4005 te
1406 3953 1676 4024 humilies,
1726 3967 1925 4022 quanto

361 4037 588 4089 magnus
631 4021 956 4092 es,'perdes
1009 4023 1228 4075 ouniuo
1275 4022 1416 4089 quod
1462 4036 1542 4076 es.
1597 4021 1840 4092 Nunquid
1872 4037 1924 4075 ιιι

357 4094 523 4147 altior
566 4110 720 4162 quam
755 4095 954 4160 primus
980 4093 1232 4160 angelus?
1255 4092 1489 4160 niinquid
1519 4105 1570 4145 tu
1599 4092 1926 4162 splendidior

356 4162 416 4215 in
447 4160 771 4229 terra—quam
802 4163 1011 4216 Lucifer
1036 4163 1091 4216 in
1120 4163 1258 4217 rmlo
1279 4162 1465 4230 (Eccli.
1497 4176 1576 4224 Ill,
1602 4160 1733 4232 20)?
1772 4163 1922 4228 Quod

351 4233 406 4286 si
461 4234 548 4286 ille
576 4234 643 4288 de
688 4234 848 4304 209
899 4233 1424 4304 tautaisublimitate
1475 4247 1566 4304 per
1621 4234 1925 4304 superbiam

353 4304 576 4369 cecidit,
608 4301 875 4370 quﬁiioiio
913 4311 968 4355 tu
1016 4301 1079 4356 ad
1121 4303 1392 4356 caelestem
1423 4301 1794 4357 celsitudinem
1838 4316 1928 4356 Stt-

357 4372 617 4440 perbens
644 4373 712 4427 de
755 4374 873 4426 imis
900 4375 1260 4437 conscendas,
1302 4373 1390 4440 qui
1433 4373 1546 4439 illa,
1578 4374 1810 4440 quandiu
1843 4374 1928 4427 hic

354 4442 524 4506 vivis,
555 4444 858 4497 conditione
902 4443 1122 4511 teneris,
1169 4443 1235 4496 de
1265 4458 1366 4510 qua
1399 4457 1490 4510 per
1515 4445 1798 4511 quemdam
1841 4459 1927 4497 Sa-

353 4521 595 4580 pzentem
627 4513 819 4567 dicitur
845 4510 1111 4584 :iCorpus,
1153 4513 1288 4580 quod
1332 4510 1699 4584 corrumpitur,
1739 4529 1924 4584 aggra-

349 4593 444 4634 vat
471 4584 719 4643 animam.
748 4593 797 4636 et
849 4581 1085 4647 deprimit
1137 4592 1340 4636 terrena
1383 4582 1684 4635 iuhabitatio
1723 4581 1924 4637 sensum

352 4651 532 4725 ""de
549 4654 856 4725 sagitantem
885 4651 1040 4725 (Sap.
1069 4666 1144 4714 ix,
1169 4653 1297 4719 ιδῃ

432 4722 668 4790 7.Quain
690 4723 1021 4779 densissimis
1056 4731 1298 4790 putamus
1325 4723 1374 4774 in
1405 4729 1543 4774 terra
1569 4722 1832 4789 superbiat
1854 4731 1929 4776 te-

348 4791 543 4848 nebris
572 4793 740 4845 lutum
767 4800 1008 4854 nostrum
1033 4792 1245 4854 involvi,
1292 4794 1336 4844 si
1363 4792 1531 4858 potuit
1557 4791 1608 4843 in
1634 4791 1770 4844 equ
1798 4793 1929 4844 Stel-

348 4863 435 4925 la,
466 4877 583 4930 qua:
625 4876 782 4916 mane
823 4863 1094 4914 oriebatur
1125 4865 1143 4930 (
1169 4858 1298 4912 lsai.
1333 4875 1441 4924 xiv,
1487 4859 1598 4928 ιε),
1639 4860 1771 4913 lucis
1821 4875 1931 4914 sum

346 4929 549 5001 globos
605 4931 886 4985 amittere?
934 4929 1068 4984 Audi
1116 4929 1244 4996 ergo
1276 4932 1449 5001 potius
1479 4930 1646 4983 lucem
1692 4930 1932 5001 veritatis

343 4999 623 5056 ilicentem
656 5018 670 5055 :
717 5002 817 5066 Qui
844 5002 1066 5065 sequitur
1107 5016 1184 5052 me
1234 4999 1450 5069 (inquit)
1495 5015 1596 5052 non
1624 5000 1850 5053 ambulat
1880 5001 1933 5054 in

344 5071 596 5135 tenebris,
637 5072 726 5124 sed
755 5071 954 5123 habebit
982 5071 1150 5122 tamen
1201 5072 1352 5139 vitw(
1383 5072 1538 5123 Joan.
1577 5085 1684 5136 vm,
1713 5071 1779 5123 12
1805 5073 1841 5137 ).
1875 5071 1930 5124 In

341 5154 468 5208 quo
493 5151 666 5194 autem
696 5143 806 5206 ipsa
839 5150 980 5193 esset
1007 5141 1295 5206 sequenda,
1336 5139 1461 5192 alibi
1489 5141 1822 5207 prmumnuit,
1851 5141 1932 5192 di-

340 5225 491 5265 cens
517 5228 529 5263 :
563 5208 755 5263 Discite
795 5227 827 5262 a
872 5226 951 5262 me
998 5211 1116 5278 quia
1143 5210 1278 5262 mitis
1306 5225 1422 5262 sunt
1447 5220 1493 5261 et
1522 5209 1555 5260 lt
1576 5211 1726 5262 .milis
1756 5212 1927 5276 corde,

339 5293 407 5334 ει
449 5280 709 5333 inveniens
735 5280 955 5348 requiem
977 5277 1242 5333 animabus
1270 5284 1440 5332 vestris
1472 5277 1682 5348 (Matth.
1712 5293 1786 5345 XI,
1811 5279 1926 5348 2)).

431 5421 488 5472 2.
519 5418 784 5485 Mortalis;
823 5421 934 5486 alii,
973 5421 1269 5474 materialis.

432 5491 490 5561 ὃ.
523 5491 827 5560 Opponens;
857 5493 952 5556 a|.,
983 5507 1302 5561 oppugnatis.

431 5559 489 5612 4.
521 5559 842 5619 Etiminavit:
865 5561 962 5625 al.,
992 5559 1374 5626 eateriitinavit;
1418 5561 1512 5626 aL,
1547 5561 1778 5615 minavit.
1827 5560 1930 5614 Pro

336 5633 567 5694 collisa,
598 5632 692 5693 a|.,
715 5631 950 5684 consilia.

435 5706 491 5752 ti.
519 5699 614 5752 Per
641 5705 911 5768 quemdam
939 5699 1230 5765 sapientem.
1261 5700 1330 5752 Ita
1381 5701 1540 5753 etiam
1571 5701 1728 5753 infra.
1760 5700 1927 5764 Quam

347 5769 690 5824 locutionem
768 5770 1033 5823 Ambrosii
1092 5771 1332 5836 Autperii
1389 5773 1654 5838 propriam
1705 5770 1926 5822 Μ.ιιιι·ἱιιι

2023 3269 2142 3309 cum
2171 3256 2252 3310 his
2280 3258 2365 3326 qui
2393 3258 2551 3310 etiam
2584 3257 2650 3310 de
2691 3256 3066 3310 miraculorum
3097 3259 3262 3325 signis
3290 3256 3594 3326 gloriaban-

2026 3334 2108 3376 tur
2135 3325 2317 3380 audias
2348 3344 2362 3382 :
2401 3325 2648 3395 Videbam
2690 3325 2961 3392 Satanam,
3001 3329 3131 3379 sicut
3162 3325 3356 3395 fulgur,
3384 3331 3592 3384 descru-

2023 3397 2221 3447 dentem
2243 3398 2306 3450 de
2332 3399 2456 3449 εωΙο
2484 3394 2635 3463 (Luc.
2663 3411 2712 3453 κ.
2743 3396 2866 3463 18);
2895 3395 2985 3449 sed
3014 3394 3168 3460 time,
3197 3394 3314 3449 nam
3341 3399 3595 3464 scriptum

2023 3475 2104 3517 est
2132 3481 2148 3520 :
2181 3465 2353 3518 Timor
2382 3465 2590 3538 Domini
2610 3464 2796 3538 glori_a,
2817 3466 3128 3538 etgloriatio,
3147 3473 3194 3538 et
3216 3465 3408 3538 latitia,
3435 3470 3599 3538 210

2023 3545 2069 3587 et
2097 3551 2286 3588 corona
2317 3533 2669 3590 exsultatiouis
2698 3533 2886 3607 (Ereti.
2938 3551 2975 3598 ι,
3014 3536 3116 3607 11,
3149 3537 3260 3607 17).
3286 3533 3597 3592 Timon—lo:

2026 3607 2151 3658 mini
2180 3607 2464 3660 delectabit
2489 3619 2601 3672 cor,
2624 3614 2678 3659 et
2700 3605 2842 3658 dabit
2875 3606 3138 3670 laetitiam,
3163 3605 3510 3674 et'gaudiuui,
3542 3619 3600 3664 et

2025 3674 2405 3742 longitudinem
2432 3676 2658 3730 dierum.
2688 3675 2916 3729 Timenti
2944 3677 3220 3729 Dominum
3251 3677 3387 3731 bene
3419 3680 3519 3732 erit
3546 3683 3594 3732 in

2024 3749 2300 3809 extremis,
2332 3757 2384 3799 et
2411 3745 2461 3800 in
2483 3747 2573 3800 die
2603 3745 2961 3799 defunctionis
2990 3760 3098 3797 suae
3131 3746 3490 3800 benedicetur.
3538 3749 3600 3800 Et

2027 3816 2161 3886 infra
2191 3834 2204 3868 :
2240 3816 2407 3886 Radix
2426 3815 2690 3886 sapientiae
2716 3817 2890 3868 timere
2920 3813 3211 3880 Dominum,
3237 3825 3280 3869 et
3307 3821 3434 3869 rami
3459 3817 3555 3869 illi:
3575 3836 3598 3869 δ

2027 3885 2290 3953 longitudo
2319 3885 2536 3938 dierum.

2099 3951 2186 4009 l2.
2230 3955 2532 4020 (Simulatio
2564 3953 2622 4023 :)
2653 3955 2784 4018 Quia
2837 3952 2966 4006 nihil
3027 3951 3152 4007 boni
3199 3955 3250 4008 in
3283 3956 3598 4009 abscondito

2029 4025 2180 4085 facis,
2212 4040 2277 4078 ne
2303 4040 2329 4076 a
2362 4029 2566 4079 cunctis
2595 4026 2836 4092 cognitus
2864 4025 3170 4091 delesteris,
3205 4026 3342 4094 tinge
3385 4036 3436 4081 te
3469 4027 3599 4081 foris

2028 4094 2166 4163 quod
2194 4095 2333 4147 intus
2362 4109 2482 4148 esse
2507 4110 2610 4148 non
2642 4094 2868 4162 appetis.

2100 4166 2188 4236 15.
2217 4163 2384 4230 (Vera
2413 4164 2641 4236 religio
2671 4164 2690 4231 )
2724 4166 3064 4236 Nequaquam
3096 4162 3315 4236 omnino
3360 4164 3410 4218 id
3446 4181 3596 4236 agas,

2029 4234 2122 4289 sed
2177 4237 2345 4302 magis
2391 4245 2572 4301 satage
2615 4233 2781 4287 bonus
2833 4235 2964 4297 lteri,
2995 4234 3136 4301 quod
3175 4249 3278 4287 non
3327 4250 3419 4300 es;
3475 4233 3598 4292 nam

2030 4305 2311 4358 ostendere
2341 4303 2642 4375 hominibus
2689 4303 2829 4372 quod
2860 4319 2984 4375 Anon
3015 4318 3074 4357 es
3101 4305 3225 4371 quid
3262 4307 3406 4358 aliud
3438 4322 3595 4375 quam

2031 4376 2299 4428 damnatio
2323 4375 2445 4427 est?
2495 4374 2698 4427 Memor
2719 4387 2834 4427 es20
2858 4373 3032 4442 itaque
3056 4375 3194 4442 quod
3234 4374 3428 4430 dicitur
3456 4373 3468 4427 Ξ
3511 4376 3598 4430 Vte

2031 4445 2195 4510 vobis,
2245 4443 2440 4499 Scriba:
2484 4454 2529 4495 et
2559 4442 2813 4496 Phariswi
2866 4441 3176 4512 hypocritte,
3209 4445 3298 4508 qui
3346 4447 3599 4496 mundatis

2033 4515 2167 4583 quod
2213 4514 2403 4583 deforis
2457 4523 2529 4566 est
2573 4514 2746 4566 colicis
2792 4521 2840 4564 et
2886 4513 3380 4583 paropsidisrintus
3426 4525 3594 4566 autem

2032 4579 2170 4647 p'eni
2213 4579 2330 4636 estis
2384 4584 2567 4651 rapina
2610 4593 2658 4636 et
2706 4579 3273 4651 immunditidﬂlatth.
3306 4597 3452 4647 mit,
3480 4583 3594 4640 25).

2031 4652 2298 4708 Pharisaee
2328 4649 2491 4718 caece,
2525 4653 2715 4705 munda
2750 4651 2894 4718 prius
2919 4650 3056 4717 quod
3111 4649 3251 4704 intus
3289 4663 3370 4706 est
3416 4653 3598 4707 calicis

2031 4733 2086 4777 et
2113 4723 2430 4790 paropsidis,
2469 4732 2524 4776 ut
2558 4723 2646 4774 llat
2675 4721 2928 4790 inundum
2952 4719 3090 4788 quod
3122 4720 3317 4790 deforis
3347 4731 3449 4776 est.

2106 4788 2192 4845 14.
2239 4788 2472 4857 Itemque
2522 4792 2648 4844 illud
2700 4788 2838 4856 quod
2871 4790 2921 4841 in
2968 4789 3252 4857 Evangelia
3282 4791 3598 4846 iuculcando

2106 4807 2192 4845 14.
2240 4807 2364 4846 Ilcm
2410 4807 2472 4846 tle
2522 4807 2648 4844 111110
2700 4807 2838 4856 quoa
2871 4807 2921 4841 111
2968 4807 3252 4857 cvangelio
3282 4807 3595 4846 IIICUICGNGO

2037 4865 2290 4932 repetitur
2319 4879 2333 4916 :
2369 4807 2459 4916 ίδἰιτε
2488 4862 2644 4932 vobis,
2670 4859 2882 4932 scribta
2902 4867 2952 4911 et
2982 4857 3256 4932 iPharisrei
3298 4861 3595 4930 hypocrita,

2035 4930 2317 4999 quisimites
2343 4934 2462 4985 estis
2498 4931 2744 4994 sepulcris
2768 4930 3038 5000 dealbatis,
3067 4945 3181 4997 qua:
3205 4931 3329 4998 foris
3353 4942 3597 5000 apparent

2039 5003 2324 5055 hominibus
2367 5002 2610 5070 speciosi.
2645 5001 2780 5052 intus
2815 4999 2963 5063 plena
3001 5007 3118 5070 sunt
3147 5000 3341 5052 ossibus
3371 4999 3595 5054 mortuo-

2037 5089 2172 5129 runt.
2196 5083 2242 5124 et
2265 5068 2402 5124 omni
2426 5071 2697 5133 spurcitia;
2715 5071 2786 5122 sic
2807 5078 2852 5120 et
2877 5085 2959 5122 vos
2989 5068 3182 5132 deforis
3211 5071 3412 5134 quidem
3437 5087 3600 5136 appa-

2036 5140 2456 5194 retishominibus
2471 5141 2772 5208 justi,iutus
2789 5147 2956 5190 autem
2983 5138 3118 5204 pleni
3136 5139 3252 5192 estis
3273 5140 3528 5208 hypocrisi
3555 5152 3600 5194 et

2037 5212 2300 5276 iniquitate
2314 5209 2474 5277 (Ibid.
2490 5251 2503 5275 ,
2518 5209 2730 5278 ‘26-‘28);
2746 5225 2841 5262 nec
2862 5223 2964 5261 non
2991 5218 3046 5262 et
3075 5208 3226 5272 illud,
3242 5214 3380 5276 quod
3402 5213 3468 5264 de
3487 5214 3604 5264 tati-

2037 5279 2134 5334 bus
2151 5282 2407 5349 scriptum
2430 5292 2512 5335 est
2545 5295 2558 5332 :
2593 5278 2801 5334 Venient
2816 5281 2882 5332 ad
2903 5294 2988 5331 vos
3011 5279 3067 5331 in
3092 5281 3390 5332 vestimentis
3415 5282 3600 5345 arium,

2033 5420 2358 5475 existimant.

2109 5490 2195 5544 Η.
2227 5490 2335 5545 Tibi
2360 5489 2656 5553 conveniat;
2690 5489 2785 5554 al.,
2817 5498 2862 5542 te
2887 5490 3169 5544 conveniat.
3201 5488 3267 5542 Et
3295 5504 3440 5551 m-ix,
3468 5505 3602 5542 mer-

2035 5561 2204 5612 cedem
2225 5577 2370 5614 suam
2395 5561 2455 5629 ab
2480 5559 2766 5629 hominibus
2789 5561 2986 5623 laudes,
3009 5576 3138 5629 quas
3161 5569 3472 5612 amaverunt.
3509 5564 3600 5612 At-

2034 5631 2200 5695 tende,
2232 5639 2338 5684 etc.
2370 5628 2528 5693 Infra,
2581 5640 2694 5696 post
2725 5628 2925 5682 Corona
2972 5628 3346 5692 cavillationis,
3379 5629 3467 5681 alii
3498 5630 3599 5682 alia

2033 5700 2236 5754 addunt
2256 5717 2319 5756 ex
2347 5701 2533 5754 eodem
2558 5699 2674 5753 loco
2695 5699 2894 5753 Ecclesi
2918 5699 3075 5768 islit'i,
3103 5716 3168 5769 qu
3187 5719 3214 5748 ιι
3238 5700 3415 5769 plures
3445 5702 3603 5754 omit"

2034 5778 2170 5824 ιυιιι.
