4084 6160
513 389 651 447 1155

1265 382 1356 437 AD
1400 382 1456 440 S.
1501 382 1747 438 ISIDORI
1790 381 2236 440 llISPMENSlS
2275 382 2501 439 OPERA
2544 384 2990 441 APPENDICES.

3643 389 3781 445 1136

510 503 810 556 intrinsecus
838 505 1006 550 autem
1052 506 1170 570 sunt
1220 496 1327 565 lupi
1369 512 1578 566 rapaces
1607 496 1818 570 (Matth.
1849 512 1941 559 vn,
1976 497 2089 565 15).
2126 499 2168 552 Α
2202 504 2301 570 eat,
2334 496 2577 570 quoniam
2620 498 2835 551 tenebrae
2874 498 3255 552 obctvcat'erunt
3309 498 3484 553 oculos
3538 502 3650 570 ejus
3697 507 3716 570 ι
3747 498 3779 555 1

584 576 671 628 15.
713 571 906 641 (Matio
934 569 951 637 )
976 567 1204 641 E‘Qualis
1253 582 1315 641 es,
1357 577 1433 631 tu,
1468 580 1524 621 ιιι
1562 569 1830 641 peioribus
1882 571 2088 641 obtein-

513 638 1092 710 peres,'deterioribus
1158 638 1468 710 famulatum
1518 638 1805 710 exhibeas?
1841 649 1892 693 te
1925 638 2091 702 magis

511 707 668 781 quam
701 712 819 765 illos
849 708 1118 781 decuerat
1156 708 1442 781 imperare,
1474 709 1562 776 qui
1608 707 1699 762 tibi
1732 725 1835 761 non
1869 718 2092 776 possunt

513 779 748 848 ingenio,
782 779 863 830 vel
898 779 1180 837 industria,
1201 789 1289 831 aut
1320 779 1520 831 viribus
1552 783 1844 844 eoa-quuri.
1873 781 2092 833 Ubtem-

513 868 636 919 pera
667 852 830 917 igitur
864 848 1086 918 imperio
1119 849 1235 913 Dei,
1266 857 1323 902 et
1354 865 1457 902 non
1486 849 1554 902 sit
1588 849 1680 904 tibi
1715 850 1941 903 ulterius
1961 864 2089 904 cura

508 922 794 991 dealiquo.
996 988 1004 991 _
1078 988 1087 991 Α
1150 988 1159 991 Α
1246 988 1468 991 λλ,
1540 989 1548 991 _
1733 929 1738 935 ’

580 990 669 1047 16.
690 988 895 1059 ’(Βεαια
923 988 1192 1043 submissio
1218 990 1259 1049 :)
1290 990 1343 1043 Si
1378 988 1470 1042 Dei
1502 989 1978 1058 obtemperandum
2010 1000 2092 1045 est

510 1062 761 1132 imperio,
796 1060 1031 1114 humano
1061 1061 1467 1132 subdiueceSse
1499 1070 1579 1132 est
1610 1062 1945 1129 magisterio;
1978 1062 2092 1129 ipse

507 1130 647 1187 enim
679 1131 810 1186 dicit
844 1147 855 1183 :
893 1132 994 1201 Qui
1024 1146 1108 1183 vos
1132 1130 1293 1191 audit,
1320 1147 1397 1183 me
1423 1131 1601 1194 audit;
1631 1140 1677 1184 et
1706 1132 1792 1199 qui
1837 1147 1921 1183 vos
1947 1149 2089 1201 sper.

509 1207 606 1268 nit,
626 1220 702 1255 me
723 1203 914 1272 spernit
946 1200 1097 1270 (an.
1124 1216 1177 1266 ιι,
1206 1201 1315 1269 16).
1340 1201 1410 1253 Ita
1437 1202 1649 1271 (inquit)
1674 1212 1904 1269 oportet,
1930 1203 2023 1256 sed
2049 1202 2091 1255 si

510 1275 627 1329 talis
654 1275 744 1342 qui
779 1276 1003 1341 imperat
1039 1281 1203 1335 esset,
1246 1289 1348 1324 non
1376 1286 1452 1325 est
1491 1273 1608 1342 talis
1649 1287 1741 1339 per
1765 1287 1921 1339 quem
1958 1274 2093 1327 Deus

510 1346 756 1410 imperet.
783 1344 886 1397 Sed
919 1344 1207 1408 Apostolus
1234 1354 1414 1394 contra
1445 1357 1459 1394 :
1502 1341 1618 1392 Non
1642 1351 1714 1394 est
1744 1353 1962 1409 potestas
1996 1345 2091 1397 nisi

504 1432 536 1468 η
578 1413 715 1479 Deo;
757 1428 870 1479 qua:
908 1425 1074 1465 autem
1102 1422 1239 1475 sunt,
1268 1429 1298 1463 a
1334 1410 1443 1463 Deo
1472 1414 1706 1463 ordinata
1753 1424 1899 1475 sunt;
1924 1416 2093 1479 itaque

504 1486 590 1555 qni
636 1482 1129 1555 resistitipotestati,
1161 1481 1256 1555 Dei
1302 1483 1613 1555 ordinationi
1644 1483 1851 1537 resistit.
1896 1486 2092 1549 Quales

508 1551 649 1608 enim
677 1568 793 1607 esse
822 1553 1054 1607 debeant
1078 1551 1131 1605 bi
1171 1553 1257 1622 qui
1308 1552 1402 1620 im)
1422 1560 1593 1618 erant,
1622 1569 1727 1606 non
1757 1562 1839 1607 est
1863 1555 2090 1609 subditis

504 1624 922 1679 discutiendum.

583 1696 666 1748 17.
712 1695 768 1746 Et
800 1691 1014 1763 quidem
1051 1692 1236 1758 primis
1279 1690 1531 1748 Ecclesiae
1584 1694 1886 1761 pastoribus
1911 1694 2090 1749 Domi-

506 1780 607 1818 nus
637 1764 763 1818 dicit
793 1782 804 1815 :
840 1764 996 1817 Scitis
1021 1763 1140 1832 quia
1184 1778 1325 1833 reges
1372 1767 1542 1833 gentiu
1564 1784 1591 1814 ιι
1624 1765 1956 1818 dominantur
2002 1782 2085 1819 co-

505 1852 640 1898 rum,
673 1845 719 1886 et
763 1836 847 1903 qui
893 1830 1189 1902 potestatem
1211 1830 1460 1913 eicercent
1488 1838 1621 1913 inter
1650 1836 1973 1913 e_os.beue./i_ci
2000 1853 2086 1889 vo—
2120 1856 2165 1913 Β
2196 1830 2335 1913 [Orta
2359 1832 2455 1913 qui
2478 1832 2792 1913 consentit?

504 1918 717 1967 cantur;
747 1921 835 1958 vos
864 1914 1033 1957 autem
1078 1920 1179 1956 non
1228 1904 1321 1968 sic,
1370 1906 1460 1957 sed
1488 1905 1577 1973 qui
1600 1906 1704 1958 vult
1737 1905 1789 1957 in
1817 1905 1956 1959 vobis
1983 1922 2089 1959 esse

503 1978 692 2046 major,
726 1976 819 2029 erit
846 1976 1071 2027 omnium
1115 1990 1322 2046 servus;
1360 1972 1507 2029 sicut,
1534 1972 1705 2028 Filius
1738 1977 1954 2029 hominis
1989 1993 2090 2030 non

500 2045 633 2100 venit
689 2046 1004 2108 ministrari,
1064 2046 1152 2096 sed
1200 2045 1528 2111 ministrare,
1590 2056 1637 2099 et
1690 2046 1814 2099 dare
1862 2049 2091 2101 animum

501 2114 785 2187 saamipro
836 2116 1010 2187 multis
1059 2113 1273 2183 (Matth.
1306 2131 1394 2180 xx,
1428 2117 1556 2184 25).
1597 2116 1701 2171 Sed
1756 2126 1933 2171 tamen
1963 2119 2089 2186 quia

504 2203 608 2240 non
634 2185 823 2240 omnes
848 2185 979 2240 tales
1010 2187 1214 2258 futuros
1265 2188 1530 2258 prievidit,
1577 2187 1941 2258 subiectorum
1973 2185 2089 2242 um-

505 2260 647 2311 nium
703 2266 958 2325 personas
1002 2260 1061 2326 in
1097 2256 1376 2326 discipulis
1424 2256 1727 2321 assumens,
1774 2260 2089 2325 ptmmoauit

502 2328 724 2381 dicens:
758 2327 926 2394 Super
964 2325 1257 2379 cathedram
1303 2326 1471 2396 Moysi
1516 2330 1755 2381 sederunt
1800 2327 1993 2381 Scriba:
2044 2337 2090 2382 et

500 2396 778 2459 Pharistci,
805 2411 1114 2462 quacunque
1138 2396 1357 2467 dicerint
1382 2398 1537 2462 vobis,
1570 2399 1722 2465 facite
1744 2414 1763 2454 :
1784 2414 1897 2467 qua:
1919 2410 2089 2453 autem

503 2470 717 2536 faciunt,
750 2468 921 2534 facere
949 2466 1106 2520 nolite
1134 2466 1362 2532 (Matth.
1392 2482 1545 2529 χχιιι,
1576 2467 1659 2538 2).

576 2560 663 2616 18.
705 2558 936 2630 (Invidia
960 2560 1003 2628 :)
1034 2559 1086 2611 lu
1111 2573 1218 2628 quo
1248 2559 1339 2612 illo
1370 2559 1454 2613 vel
1500 2558 1605 2614 illis
1649 2559 1824 2614 minor
1848 2561 1945 2614 es?
1990 2576 2087 2616 cur

500 2646 629 2699 ergo
651 2634 729 2685 eis
761 2631 840 2684 vel
870 2631 1116 2699 aaqualis,
1163 2631 1243 2682 vel
1285 2630 1553 2699 superior,
1590 2644 1695 2684 non
1744 2633 1845 2684 es?
1874 2633 2085 2698 Quanta

501 2703 645 2755 vales
675 2717 791 2769 qua:
822 2702 917 2771 ipsi
963 2715 1067 2753 non
1118 2699 1339 2753 valent?
1379 2715 1484 2753 non
1518 2715 1647 2770 ergo
1682 2701 1773 2756 tibi
1805 2713 1899 2757 aut
1926 2716 2085 2771 supe-

500 2772 694 2835 riores,
726 2781 815 2824 aut
844 2770 1005 2824 etiam
1036 2770 1272 2839 tetrantes
1301 2784 1423 2825 esse
1452 2772 1671 2826 debent.

576 2862 660 2916 19.
702 2860 985 2929 (Fraterno
1006 2860 1385 2931 congratulatio
1416 2877 1433 2915 :
1468 2860 1485 2925 )
1518 2863 1571 2917 Si
1612 2871 1838 2917 Caeteros
1868 2863 2084 2919 virtuti-

500 2931 598 2985 bus
628 2932 925 2993 antecellis,
961 2932 1121 2984 tutius
1153 2932 1205 2984 in
1239 2932 1355 2986 loco
1386 2933 1567 2985 intimo
1596 2949 1753 3003 quant
1800 2936 1852 2987 in
1876 2948 2086 2988 summa

502 3006 838 3071 temetipsum
867 3016 1188 3073 conservas;
1220 3016 1361 3067 saepe
1405 3004 1545 3057 enim
1586 3005 1653 3057 de
1684 3005 1793 3058 alto
1844 3005 1996 3073 pejor
2028 3008 2086 3060 lit

500 3074 673 3143 mina.
731 3071 883 3138 Quod
940 3073 983 3124 si
1026 3071 1162 3143 tibi,
1214 3076 1372 3142 211
1408 3074 1703 3138 utasseris,
1748 3071 1964 3143 quidam
1996 3092 2088 3128 su-

498 3141 731 3210 periores
760 3143 837 3196 vel
868 3142 1101 3210 aequales
1148 3141 1465 3213 ειιῐιῑζίῆυιιι
1513 3153 1563 3197 te
1610 3141 1789 3197 laedit?
1816 3146 1942 3213 quid
1978 3147 2069 3199 tibi

495 3213 689 3267 nocet?
735 3227 863 3267 cave
895 3227 1129 3280 prorsus,
1182 3227 1247 3265 ne
1300 3212 1425 3265 dum
1478 3214 1596 3267 aliis
1650 3212 2068 3270 IOCUIIIdIItheS

496 3283 844 3353 celsitudinis,
872 3284 1016 3336 illum
1046 3283 1289 3346 imiteris,
1320 3284 1385 3337 de
1412 3298 1515 3352 quo
1542 3284 1799 3353 scriptum
1828 3287 2028 3340 retines
2056 3306 2067 3339 :

497 3350 703 3407 Invidia
731 3354 921 3407 diaboli
951 3369 1085 3406 mors
1113 3353 1337 3406 introivit
1369 3350 1613 3407 in‘orbem
1641 3350 1928 3419 terrarum;
1956 3358 2073 3409 inti-

496 3434 668 3478 tantur
712 3435 880 3479 autem
918 3425 1061 3478 illum
1110 3424 1196 3493 qui
1245 3435 1363 3478 sunt
1411 3441 1475 3479 ex
1528 3436 1672 3495 parte
1726 3425 2067 3496 illius(Sap.

494 3509 554 3560 ιι,
585 3496 701 3560 24).

565 3496 917 3635 ἆθλοάὶιωη
943 3581 960 3619 :
988 3564 1006 3635 )
1038 3563 1191 3618 Absit
1213 3572 1270 3618 ut
1296 3564 1440 3617 illum
1467 3580 1611 3617 ames
1643 3580 1800 3634 quem
1854 3566 1905 3621 in
1955 3582 2069 3622 om-

496 3635 649 3689 nibus
682 3637 1004 3689 contrarium
1052 3635 1234 3697 babes,
1289 3636 1376 3703 qui
1421 3637 1511 3687 tibi
1544 3638 1784 3704 derogat,
1843 3639 1930 3703 qui
1979 3641 2066 3691 tibi

494 3705 732 3771 insultat,
761 3705 849 3775 qui
881 3715 930 3760 te
981 3704 1242 3775 conviciis
1272 3714 1581 3775 exasperat,
1613 3710 1702 3774 qui
1735 3706 1826 3760 tibi
1854 3722 2067 3775 peccata

493 3786 581 3830 tua
612 3773 959 3845 improperat,
992 3775 1078 3843 qui
1109 3784 1159 3846 te
1189 3773 1364 3846 dit-tis.
1409 3773 1659 3846 operibus
1697 3773 1868 3846 atque
1888 3780 2068 3831 honu-

490 3848 635 3901 ribus
656 3843 869 3913 semper
892 3850 1081 3915 prtcire
1103 3843 1354 3916 festinat?
1384 3845 1478 3901 uisi
1502 3846 1642 3900 enim
1668 3843 2064 3916 tibi'invideret,

488 3912 815 3986 nequaquam
838 3912 907 3970 se
928 3920 996 3969 ita
1031 3912 1323 3983 praeferret.

557 3984 646 4041 21.
680 3984 919 4057 (ωὲιεειίο
949 3986 991 4057 :)
1020 3986 1263 4055 Nunquid
1288 3986 1407 4055 quia
1434 3984 1548 4041 haec
1578 4002 1694 4057 qua:
1726 4001 1913 4042 narras
1942 3988 2067 4044 odio

488 4056 730 4111 habenda
761 4069 884 4112 sunt
912 4056 1232 4121 inbomiue,
1270 4067 1549 4125 propterea
1582 4056 1686 4111 non
1732 4069 1814 4113 est
1841 4061 2064 4115 amanda

494 4129 597 4197 Dei
634 4131 805 4195 imago
838 4130 888 4179 iu
941 4128 1191 4181 homine?
1220 4129 1358 4181 sicut
1408 4126 1668 4191 Christus,
1703 4132 1790 4197 qui
1827 4132 1876 4183 in
1905 4144 2066 4185 eiuce

492 4196 692 4265 positus
724 4198 966 4251 inimicos
994 4211 1119 4250 suos
1149 4197 1357 4264 dilexit,
1390 4207 1443 4249 et
1468 4207 1589 4251 ante
1618 4196 1791 4253 erui-is
1823 4207 2061 4254 tormen-

491 4278 600 4319 tum
632 4265 906 4319 adm0uuit
947 4268 1167 4319 dicens:
1213 4265 1423 4335 Diligile
1471 4267 1706 4322 inimicos
1754 4280 1966 4336 vestros,
2018 4280 2065 4325 et

488 4336 765 4409 benefacite
794 4338 870 4389 his
900 4337 985 4409 qui
1016 4337 1231 4409 oderunt
1261 4352 1369 4400 vos,
1398 4347 1444 4388 et
1467 4351 1605 4409 orate
1634 4355 1739 4409 pro_
1758 4355 2060 4409 persequen-

490 4407 617 4460 tibus
638 4417 685 4461 et
715 4407 1139 4458 calumniantibus
1169 4422 1255 4459 vos
1285 4447 1299 4471 ,
1344 4418 1395 4457 ut
1436 4406 1551 4460 siis
1576 4409 1673 4475 ﬁlii
1708 4406 1880 4462 Patris
1916 4406 2065 4465 vestri

487 4480 571 4545 qui
601 4480 652 4530 in
678 4478 814 4531 ctrlis
843 4486 915 4529 est
940 4476 1151 4547 (Matth.
1181 4493 1231 4541 v,
1255 4475 1369 4544 41).
1427 4475 1490 4528 Et
1536 4479 1673 4530 sicut
1704 4494 1795 4547 per
1816 4478 2063 4536 Salomo-

2197 562 2354 618 Joan.
2392 582 2447 627 tt,
2486 568 2592 627 11).

2392 582 2469 689 Ἧι
2486 568 2727 707 1(iiiiquis)
2756 638 2955 693 sufficit
2983 637 3110 692 mihi
3143 639 3283 708 quod
3318 650 3555 695 amantes
3586 656 3635 695 m
3700 642 3783 696 di.

2199 703 2325 779 ligo.
2365 703 2749 779 Seditouiinus
2780 725 2810 763 e
2839 709 3109 763 contrario
3140 703 3243 763 {Si
3271 711 3407 763 enim
3439 710 3655 779 diligitis
3697 730 3784 766 eos

2195 778 2282 848 qui
2321 794 2407 848 vos
2438 777 2684 847 diligunt,
2720 797 2870 848 quant
2919 780 3196 833 mercedem
3223 779 3465 833 habebit’s
3486 782 3511 833 Ρ
3540 777 3711 835 nonne
3735 794 3785 836 et

2198 845 2473 919 [fabiicani
2493 845 2588 901 hoc
2612 845 2809 916 faciunt
2838 849 3050 919 (Matth.
3086 865 3138 913 v,
3165 848 3294 917 41$)?
3322 850 3456 917 Quid
3488 860 3540 903 tu
3571 854 3637 906 ad
3667 853 3785 907 liu-c

2195 916 2430 981 objicere
2460 919 2644 974 vales?
2676 916 2873 975 Certe:
2904 922 3003 984 Qui
3031 922 3138 974 odit
3183 921 3398 989 fratrem
3447 938 3616 986 suum,
3664 940 3781 975 ηιηο

2194 995 2275 1039 uel
2297 989 2349 1061 in
2379 998 2580 1051 morte;
2620 1001 2666 1043 et
2695 992 2780 1055 qui
2811 990 2885 1043 dil
2907 994 3001 1061 git,
3045 993 3097 1043 in
3132 989 3238 1043 Deo
3267 1000 3457 1052 manet,
3489 1004 3535 1043 et
3567 992 3703 1046 Deus
3731 995 3784 1047 its

2198 1073 2275 1111 eo.
2313 1059 2537 1113 Omnem
2570 1076 2697 1126 ergo
2722 1059 3129 1114 amaritudinem
3157 1061 3295 1115 fellis
3324 1076 3534 1127 evome,
3566 1072 3621 1117 et
3644 1080 3784 1129 quo-

2195 1143 2300 1193 quo
2334 1140 2489 1196 pacto
2520 1130 2768 1193 valueris,
2798 1131 3077 1184 cliaritatis
3102 1131 3438 1185 dulcedinem
3471 1148 3662 1196 sntne;
3699 1134 3781 1185 ui-

2198 1198 2267 1271 hil
2306 1201 2716 1271 enimis'tavius,
2745 1202 2875 1255 nihil
2910 1203 2993 1254 illa
3029 1202 3235 1255 beatius
3267 1211 3369 1256 est.
3402 1201 3537 1255 Deus
3564 1206 3581 1270 (
3611 1204 3780 1271 inquit

2194 1268 2426 1343 Joannes
2450 1268 2468 1339 )
2496 1271 2717 1343 charjtas
2742 1283 2834 1343 est
2865 1271 2929 1343 (gl
2972 1273 3130 1343 Joarn.
3167 1287 3237 1334 tv,
3274 1272 3402 1338 10);
3432 1282 3485 1326 et
3533 1268 3785 1343 egregius

2196 1341 2516 1407 praedicator
2546 1357 2558 1392 :
2593 1340 2828 1395 Charitas
2864 1341 2957 1395 Dei
2980 1342 3170 1408 di/fusa
3201 1352 3273 1394 est
3315 1344 3365 1395 in
3397 1340 3636 1396 cordibus
3672 1340 3783 1396 *ηο-

2194 1413 2313 1481 stris
2342 1428 2434 1481 per
2460 1410 2712 1478 Spiritum
2737 1423 2990 1475 sanctum,
3020 1414 3106 1481 qui
3137 1412 3286 1464 datus
3327 1421 3396 1464 est
3428 1414 3570 1466 nobis
3602 1414 3782 1477 (Rom.

2195 1495 2249 1542 v,
2282 1480 2359 1548 5).
2396 1479 2544 1536 Uide
2570 1497 2741 1548 neque
2774 1479 3041 1536 immerito
3084 1482 3397 1535 delictorum
3434 1482 3671 1537 facinora
3705 1496 3784 1539 te-

2191 1564 2328 1622 gere
2365 1551 2587 1615 dicitur;
2639 1554 2775 1622 sicut
2821 1552 3079 1622 scriptum
3131 1561 3259 1607 est:
3309 1552 3556 1607 Universa
3598 1554 3785 1607 delicta

2191 1621 2350 1688 Operit
2379 1623 2599 1675 charitas
2629 1619 2895 1690 (Proverb.
2930 1619 2981 1689 ὲ,
3018 1623 3131 1691 12).

2260 1691 2351 1744 24.
2384 1692 2670 1761 (Detractio
2692 1695 2732 1761 :)
2764 1693 2896 1759 Quis
2918 1693 3118 1762 poterit
3146 1693 3433 1759 sustinere,
3466 1694 3587 1763 quis
3617 1694 3784 1749 silen-

2193 1762 2265 1833 tio
2292 1772 2489 1833 tegere,
2514 1771 2721 1833 quanta
2745 1765 2856 1829 ille,
2885 1764 2969 1818 vel
2999 1764 3089 1818 ille
3121 1778 3282 1833 prava
3334 1766 3647 1831 committit,
3676 1767 3779 1821 nisi

2267 1900 2660 1974 25((Libertas
2704 1905 2865 1973 justo:
2917 1905 3247 1974 correptionis
3295 1904 3501 1973 :)Nec
3553 1905 3784 1959 tacenda

2196 1983 2319 2043 sunt
2345 1973 2481 2031 mala
2516 1974 2765 2043 proximi,
2796 1988 2893 2028 nec
2937 1973 3343 2043 consentienda,
3395 1976 3487 2030 sed
3517 1976 3785 2030 charitale

2195 2040 2432 2096 fraterna
2465 2042 2515 2095 in
2546 2040 3053 2116 faciem'proximus
3080 2055 3162 2100 est
3192 2040 3619 2116 redarguendus,
3674 2062 3783 2099 non

2192 2113 2625 2185 autem_occulte
2654 2113 3040 2169 detrahendus.
3088 2116 3239 2182 Quod
3359 2113 3617 2185 obiicitur
3645 2134 3658 2168 :
3692 2117 3779 2170 Id-

2192 2183 2336 2236 circo
2380 2181 2595 2237 fratrem
2625 2198 2806 2238 coram
2855 2186 3025 2240 oculis
3078 2181 3356 2255 increpare
3382 2181 3550 2251 nolle,
3583 2201 3654 2241 ne
3686 2202 3781 2241 ex-

2192 2262 2469 2318 asperatus
2517 2268 2621 2307 non
2674 2257 3011 2326 correptione
3053 2256 3320 2323 proficiat,
3365 2261 3458 2309 sed
3500 2259 3671 2326 magis
3713 2272 3782 2311 ex

2192 2326 2529 2395 correptione
2557 2325 2871 2379 scandalum
2901 2336 3097 2389 sumat,
3126 2329 3361 2381 occurrit
3390 2325 3668 2395 Scriptura
3696 2327 3781 2380 di-

2192 2390 2417 2466 vina,’et
2455 2409 2606 2466 versa
2641 2397 2756 2450 vice
2797 2397 2898 2450 hoc
2923 2396 3091 2466 magis
3142 2397 3453 2451 scandalum
3509 2390 3632 2451 esse
3677 2399 3777 2451 de-

2190 2463 2418 2536 nuntiat,
2450 2464 2634 2519 diccus
2669 2483 2681 2518 :
2715 2466 2909 2520 Sedens
2955 2463 3198 2521 adversus
3242 2468 3453 2536 fratrem
3492 2476 3639 2520 tuum
3689 2470 3782 2520 de-

2189 2533 2421 2608 trahebas
2446 2574 2461 2598 ,
2517 2546 2581 2608 et_
2617 2536 2856 2608 adversus
2899 2607 2912 2608 ί
2936 2537 3104 2608 filium
3154 2533 3332 2591 matris
3396 2547 3498 2591 tute
3556 2538 3779 2608 ponebas

2189 2604 2491 2657 scandalum
2514 2604 2689 2677 (Psal.
2719 2622 2862 2671 χιιι,
2890 2604 2982 2674 20,
3013 2606 3130 2677 21).

2260 2677 2422 2748 212
2464 2675 2552 2748 26.
2584 2676 2846 2748 (Discreta
2882 2675 3139 2748 correptio
3166 2678 3212 2745 :)
3244 2678 3415 2746 Maius
3446 2679 3592 2733 enim
3620 2692 3778 2733 sean-

2187 2742 2364 2824 datum
2382 2742 2571 2824 sumit,
2600 2750 2687 2815 qui
2732 2746 2845 2824 sibi
2877 2742 3246 2824 detrahentem
3280 2742 3553 2817 intelligit,
3604 2764 3772 2819 quam

2188 2816 2276 2880 qui
2306 2816 2683 2889 corripientvin
2716 2817 2967 2889 sustinet,
3001 2828 3056 2872 et
3100 2820 3222 2888 quia
3254 2816 3639 2889 nonnunquam
3687 2837 3777 2871 cr-

2188 2892 2302 2936 rata
2334 2883 2755 2957 delinquentium
2788 2888 2853 2940 ad
2879 2897 3085 2956 tempus
3109 2883 3326 2942 silentio
3350 2883 3573 2957 tegenda
3623 2899 3772 2952 sunt,

2189 2963 2246 3029 ut
2274 2955 2466 3029 aptiori
2517 2965 2755 3029 tempore
2798 2955 3165 3029 corrigantur,
3206 2955 3590 3029 subjungitur:
3644 2958 3775 3013 Hec

2187 3024 2368 3093 fecisti,
2403 3034 2451 3080 et
2498 3027 2653 3080 tacui.
2706 3027 2782 3083 Ne
2830 3024 3005 3083 autem
3056 3043 3122 3083 ex
3158 3028 3258 3083 hoc
3292 3024 3527 3083 discreto
3554 3030 3774 3084 silentio

2188 3094 2520 3168 detructores
2549 3097 2646 3151 sibi
2680 3098 3012 3166 plauderent,
3038 3100 3147 3168 qui,
3174 3098 3302 3153 dum
3324 3114 3538 3167 semper
3556 3101 3773 3155 occulte

2103 3196 2147 3258 Ο
2193 3164 3029 3258 derogare.[maluntz'uunquam
3055 3164 3113 3258 in
3136 3164 3405 3258 apertam
3436 3164 3774 3252 increpatio.-

2178 3248 2298 3287 nem
2333 3237 2633 3303 prosiliunt,
2678 3238 2851 3291 adhuc
2891 3237 3223 3293 Subinfertur
3254 3254 3270 3293 :
3305 3237 3633 3293 Existimasti
3670 3242 3772 3293 ini-

2173 3320 2288 3371 que,
2318 3306 2458 3374 quod
2488 3322 2573 3359 ero
2603 3308 2690 3360 tibi
2720 3307 2934 3379 similis;
2979 3324 3042 3363 ac
3061 3307 3110 3365 si
3138 3308 3404 3364 diceretur
3450 3328 3461 3361 :
3517 3309 3768 3379 Iniquum

2174 3383 2515 3450 estcogutare
2571 3389 2625 3429 ut
2668 3378 2788 3432 inde
2843 3379 3134 3435 detractori
3184 3379 3380 3434 similis
3432 3378 3766 3450 appaream.

2176 3445 2314 3499 unde
2363 3448 2427 3499 ad
2485 3455 2715 3519 tempus
2751 3450 3018 3516 reticens,
3075 3464 3173 3504 nec
3231 3445 3528 3519 derogans,
3590 3453 3770 3506 locum

2172 3525 2370 3587 aperta:
2400 3518 2750 3571 correctionis
2772 3532 3058 3586 exspecto;
3109 3519 3251 3575 unde
3280 3529 3335 3573 et
3364 3518 3606 3587 protinus
3636 3524 3766 3575 sub-

2172 3585 2360 3659 ditur;
2392 3587 2620 3657 Arguant
2643 3597 2710 3652 te,
2739 3598 2786 3642 et
2810 3585 3033 3642 statuam
3061 3600 3234 3645 contra
3266 3585 3449 3659 faciem
3472 3599 3639 3656 tuam,
3675 3607 3766 3646 ve-

2172 3654 2267 3727 luti
2298 3654 2605 3727 dit-eretur:
2638 3659 2752 3712 Non
2781 3659 2830 3713 in
2858 3661 3087 3727 occulto,
3138 3673 3193 3715 ut
3217 3654 3299 3715 est
3342 3671 3428 3714 tua
3473 3654 3767 3716 consuetu-

2171 3724 2262 3793 do,
2297 3726 2389 3800 sed
2440 3728 2493 3800 in
2543 3739 2753 3796 aperto,
2812 3739 2868 3782 ιιι
2908 3741 2991 3786 est
3041 3724 3155 3785 mea
3197 3730 3540 3795 sollicitudo,
3575 3741 3760 3800 aptum

2172 3796 2495 3870 corripiendi
2529 3808 2741 3867 tempus
2771 3810 3111 3870 exspectans,
3144 3810 3480 3869 pect-atorem
3509 3796 3760 3870 arguam,

2171 3876 2222 3919 et
2253 3866 2368 3933 ejus
2398 3868 2593 3922 delicta
2624 3866 2810 3923 eontra
2844 3869 3033 3925 faciem
3059 3866 3200 3925 illius
3219 3881 3473 3926 statuam.

2240 3935 2329 3989 27.
2374 3938 2482 4018 ait
2508 3939 2725 4018 inquis)
2756 3956 2861 3994 non
2910 3942 3044 4018 odi,_
3079 3942 3172 4018 sed
3223 3956 3368 4018 amo.
3400 3956 3559 4018 quem
3593 3944 3665 4018 ita
3708 3942 3761 3997 in

2170 4004 2497 4080 absconditis
2525 4004 2824 4076 dijudicans
2874 4004 3227 4080 reprehendo.
3265 4013 3377 4065 lmo
3412 4004 3585 4080 inagis
3616 4016 3759 4068 hunc

2170 4077 2308 4152 udis,
2333 4088 2520 4152 etnon
2545 4079 2752 4152 diligis;
2786 4077 3225 4145 unde'detrahis,
3250 4093 3305 4137 et
3336 4097 3440 4133 non
3497 4077 3758 4152 ξονι-ἱείς.

2170 4147 2336 4221 Quam
2363 4149 2431 4221 sit
2460 4147 2981 4221 autem'detestanda
3014 4152 3334 4207 obtrectatio
3358 4151 3609 4219 proximi.
3641 4147 3756 4221 plo-

2171 4220 2447 4288 risque_in
2500 4220 2631 4275 locis
2661 4221 2933 4288 Scriptura
2962 4224 3138 4277 divina
3190 4233 3445 4285 tesuitur;
3482 4220 3760 4278 unde’est

2172 4288 2331 4361 illud:
2352 4286 2709 4343 Detrahentem
2740 4286 2985 4361 adversus
3025 4295 3315 4361 pros-imum
3351 4308 3504 4345 suum
3532 4308 3609 4346 οει
3628 4295 3756 4359 ulte,

2168 4355 2316 4433 hunc
2339 4361 2672 4433 persequebar
2701 4360 2869 4430 (Psal.
2896 4378 2953 4427 c,
2977 4355 3071 4433 5);
3097 4373 3152 4417 et
3190 4365 3316 4418 illud
3353 4379 3365 4413 :
3394 4362 3490 4426 Qui
3536 4355 3759 4416 detrahit

2169 4430 2338 4502 fratri,
2355 4430 2577 4484 detrahit
2604 4434 2853 4502 legi(Jac.
2878 4449 2947 4497 tv,
2976 4430 3089 4498 11);
3117 4435 3381 4502 illudque:
3404 4434 3503 4496 Qui
3534 4436 3759 4487 detrahit

2172 4498 2341 4568 fratri,
2374 4498 2749 4567 eradicabitur';
2781 4520 2877 4557 nec
2908 4519 3012 4557 non
3044 4516 3100 4558 et
3138 4498 3277 4557 illud
3298 4504 3541 4568 Apostoli
3573 4503 3751 4557 Pauli:

490 4563 608 4640 ueLm
718 4544 1217 4640 apostplo‘s‘dicitur
1244 4567 1253 4597 :
1282 4547 1344 4640 Si
1370 4547 1606 4640 esuqierii
1644 4544 2057 4640 inimicusftaus,

2187 4544 2392 4640 νιάείρ,
2426 4587 2487 4624 ne
2514 4574 2633 4623 dum
2654 4545 2864 4627 invicem
2887 4574 3147 4640 ntordetis,
3174 4544 3454 4625 abinvizem
3484 4588 3757 4633 consuma-

418 4672 436 4692 .
488 4620 598 4692 ciba
630 4619 814 4692 illam;
844 4619 886 4692 si
909 4619 1036 4681 sitit,
1087 4627 1262 4686 potant
1311 4617 1378 4670 da
1424 4616 1522 4682 illi,
1576 4618 1670 4692 hoc
1715 4620 1847 4692 enim
1879 4616 2071 4690 faciens

488 4690 728 4761 carbones
760 4690 891 4759 ignis
938 4705 1176 4760 congeret;
1224 4704 1374 4758 super
1425 4696 1577 4758 caput
1624 4691 1735 4759 ejus
1778 4690 2069 4761 (Prorerb.

487 4776 613 4823 xxv,
641 4760 755 4825 2t).

558 4829 645 4883 22.
681 4829 1085 4902 Cuisentcntire
1113 4830 1399 4900 Apostolus
1428 4845 1493 4886 ex
1527 4833 1743 4901 proprio
1790 4833 2064 4902 subiunxit

485 4901 671 4956 dicens
706 4918 718 4953 :
755 4898 879 4953 Noli
904 4904 1031 4953 t-inci
1059 4917 1090 4952 a
1114 4898 1268 4964 malo,
1297 4903 1386 4954 sed
1432 4898 1570 4956 vince
1602 4898 1653 4955 iit
1694 4904 1826 4956 bono
1875 4898 2070 4959 malum

484 4971 663 5041 (Rom.
722 4985 817 5038 xu,
860 4971 950 5035 2U,
978 4970 1107 5041 2t);
1141 4972 1279 5042 quod
1323 4983 1506 5027 coiitra
1541 4974 1608 5027 de
1641 4974 1725 5028 his
1755 4975 1844 5042 qui
1873 4972 2070 5031 fratres

485 5040 664 5095 odisse
691 5040 1103 5116 ιιοςριιιιιειτνρθι·
1128 5040 1386 5116 Joannem
1406 5043 1616 5116 dicitur
1648 5062 1659 5096 :
1702 5040 1804 5110 Qui
1831 5047 1937 5099 odit
1962 5052 2073 5116 fra-

483 5129 612 5165 trem
640 5129 787 5164 suum
817 5113 1068 5165 homicida
1091 5122 1206 5177 est;
1235 5123 1279 5165 et
1302 5114 1440 5167 scitis
1462 5118 1583 5183 quia
1612 5117 1777 5168 omnis
1808 5113 2069 5170 homicida

486 5198 591 5257 non
618 5183 763 5235 liabet
787 5185 938 5234 vitam
966 5184 1366 5257 atteruantﬂin‘se
1395 5196 1679 5238 manentem
1707 5185 1758 5257 (I
1789 5187 1950 5240 Joan.
1986 5202 2067 5254 ιιι,

486 5252 598 5322 15).
641 5254 705 5306 Et
736 5267 941 5306 rursum
978 5270 989 5305 :
1026 5252 1127 5317 Qui
1157 5254 1263 5306 odit
1289 5253 1503 5321 fratrem
1536 5252 1724 5323 suum,
1753 5257 1806 5310 in
1853 5252 2069 5312 tenebris

481 5326 731 5389 wtibulat,
762 5336 806 5374 et
832 5324 884 5376 in
909 5326 1123 5377 tenebris
1163 5332 1238 5377 est
1286 5340 1444 5393 usque
1473 5326 1664 5392 adhuc,
1707 5336 1753 5381 et
1783 5329 1939 5381 nescit
1966 5344 2067 5397 quo

528 5461 641 5543 dii.
671 5461 749 5517 Ad
780 5462 1071 5531 marginem
1101 5478 1114 5515 :
1141 5460 1315 5516 Elatia
1346 5461 1555 5532 objicit;
1586 5462 1684 5530 al.,
1714 5462 2061 5519 inobedientia

484 5533 639 5657 d‘ct‘ii:
664 5603 705 5655 Α
738 5602 843 5655 Deo
875 5604 1148 5669 ordinata;
1185 5603 1283 5669 aL,
1328 5620 1449 5657 cum
1480 5603 1722 5674 Vulgata,
1756 5605 1912 5661 Rom.
1944 5620 2061 5673 xui,

485 5673 536 5734 ί,
558 5678 591 5724 Α
625 5675 724 5724 Uro
741 5689 825 5723 ω’..
838 5690 1005 5726 mlta}.

551 5740 638 5792 21.
674 5740 774 5791 Per
800 5743 1124 5817 Salomonem
1154 5753 1201 5797 et
1229 5762 1309 5813 ap:
1327 5745 1523 5811 stolas;
1553 5745 1624 5800 al.
1649 5787 1663 5813 ,
1690 5763 1778 5815 per
1824 5747 2065 5817 Salomo-

481 5827 589 5863 illm
619 5813 925 5876 apostolum.

2178 4640 2298 4690 mini
2322 4638 2467 4707 (Gal.
2494 4658 2542 4707 ι’,
2581 4642 2686 4708 15).

2244 4708 2336 4764 28.
2362 4709 2478 4779 (Ira
2494 4718 2535 4779 :)
2551 4719 2678 4785 Quae
2700 4723 2881 4768 contra
2907 4724 2957 4769 te
2978 4724 3207 4784 aguntur
3226 4711 3601 4785 :eqnunimiter
3626 4712 3753 4769 ferri

2176 4793 2279 4854 non
2299 4792 2537 4854 possunt,
2564 4784 2669 4834 imo
2685 4785 2945 4850 patienter
2965 4787 3191 4839 tolerare
3210 4784 3484 4854 peccatum
3506 4794 3611 4847 est,
3629 4800 3755 4853 quia

2174 4852 2217 4903 si
2250 4866 2353 4903 non
2378 4853 2453 4904 cis
2475 4866 2593 4904 cum
2619 4866 2807 4921 magna
2828 4852 3238 4921 eanperatioue
3256 4853 3549 4921 resistitur,
3564 4868 3755 4909 contra

2178 4930 2226 4972 te
2254 4922 2501 4985 deinceps
2530 4926 2646 4976 sine
2672 4938 2919 4977 mensura
2944 4926 3375 4979 cumulabantur.

2243 4988 2330 5062 29.
2359 4989 2775 5062 (Patientia:)Si
2806 4996 2984 5061 passio
3018 4996 3387 5062 Redemptoris
3414 4998 3479 5052 ad
3513 5007 3753 5052 mentem

2175 5060 2467 5137 reducnur,
2485 5060 2735 5137 uiliiltam
2761 5060 2950 5117 durum
2972 5078 3061 5137 est
3089 5060 3235 5137 quod
3258 5081 3362 5119 non
3385 5084 3542 5137 aequo
3572 5071 3755 5122 animo

2174 5131 2445 5205 toleretur.
2502 5131 2733 5205 Christus
2780 5136 2913 5186 enim
2959 5135 3040 5203 (ut
3080 5131 3154 5188 ait
3206 5136 3416 5205 Petrus)
3452 5131 3647 5205 passus
3675 5148 3752 5190 est

2171 5216 2263 5276 pro
2283 5201 2449 5276 nobis,
2474 5204 2616 5276 nobis
2634 5205 2923 5276 relinquens
2945 5201 3249 5272 exemplum.
3277 5216 3329 5258 ut
3349 5201 3625 5276 sequamur
3643 5224 3753 5260 ses-

2170 5272 2448 5344 tigia_ejus
2477 5275 2516 5341 (l
2548 5271 2692 5344 Petr.
2740 5271 2798 5336 Ii,
2853 5274 2970 5344 2t).
3011 5271 3127 5343 Ipse
3155 5284 3333 5330 autem
3384 5271 3547 5332 dicit:
3569 5278 3631 5331 Si
3660 5294 3756 5343 pa-

2171 5340 2525 5409 tremfamilias
2547 5342 2798 5397 Belzebub
2820 5340 3143 5417 vocaverunt,
3177 5359 3369 5415 quanto
3400 5349 3563 5418 magis
3580 5340 3754 5399 dense-

2237 5473 2328 5528 23.
2382 5474 2634 5551 Egregius
2684 5481 3008 5549 praedicator.
3067 5480 3179 5535 [ioc
3235 5495 3447 5551 quoque
3483 5480 3751 5536 Ambrosii

2168 5544 2411 5623 Atttperli
2439 5544 2706 5623 proptitttn
2741 5550 2960 5623 Mattrini
2982 5544 3299 5623 agnoscunt.
3331 5544 3589 5607 Nonnulli
3618 5566 3752 5605 con-

2169 5626 2244 5668 tra
2276 5615 2400 5669 Mss.
2434 5615 2636 5671 addunt
2672 5618 2888 5674 Paulus.

2236 5685 2343 5763 29ζ
2380 5684 2480 5739 lile
2521 5691 2676 5753 enim,
2721 5701 2825 5763 etc.
2878 5692 2966 5746 Sic
3010 5692 3326 5763 Autpertus,
3356 5694 3434 5747 l.l
3466 5692 3519 5747 in
3554 5692 3750 5761 Δίιος..

2164 5770 2281 5825 cap.
2317 5757 2366 5825 7,
2401 5773 2454 5810 ut
2479 5770 2730 5815 uomruut
2754 5762 2999 5817 Mauriui.
