4084 6160
322 331 451 391 il“

933 324 1225 386 APPEND.
1272 324 1385 385 Vll.
1428 359 1495 378 -η
1538 326 1627 384 DE
1668 323 2048 383 CONFLIUTU
2095 304 2427 383 VlTlOBUM
2469 324 2556 380 ΕΤ
2598 322 2973 382 VIRTUTUM.

3459 326 3598 381 Hii

321 448 529 512 tribuis,
597 445 737 501 unde
799 442 1068 512 subjectos
1132 444 1334 513 absque
1402 444 1622 514 pecunia
1687 441 1897 514 nutris?
1926 442 2170 514 Alorunt
2188 443 2294 514 gerit
2319 442 2372 496 in
2409 452 2588 514 stagno
2639 443 2771 514 ignis
2819 442 3047 496 ardentis
3088 439 3340 511 sulphure
3382 441 3592 511 (Apoc.

389 518 479 572 56.
511 517 532 588 (
560 513 914 588 Misericordia
947 515 1005 583 :)
1036 514 1092 567 Si
1147 512 1384 588 Apesmli
1404 512 1411 514 “
1433 514 1663 588 modum
1696 514 1747 567 in
1799 512 1899 588 h_ac

320 598 470 655 parte
492 582 746 643 tenueris.
771 582 1054 651 utrumque
1078 582 1339 655 perlicere
1368 582 1898 655 valebis_;_l_Iincenim

320 651 461 714 idem
491 657 605 725 ipse
635 657 697 709 ad
726 654 1027 709 Corinthius
1048 656 1121 725 ait
1147 652 1228 722 (Il
1256 654 1373 707 Cor.
1404 669 1519 725 vni,
1554 651 1639 723 12)
1675 671 1687 705 :
1724 654 1785 707 Si
1813 668 1902 704 tto-

320 730 491 783 luntas
518 724 521 725 ⁷
547 736 777 796 prompta
805 734 894 796 rest
915 767 928 787 ,
973 740 1037 796 ex
1076 724 1179 796 hoc»
1210 725 1347 796 quod
1392 724 1539 776 habet
1567 735 1774 796 accep'a
1803 732 1897 796 est,

321 816 425 853 non
454 792 730 851 secundum
759 795 811 846 id
854 794 990 863 quod
1021 810 1122 847 non
1160 794 1341 858 habet;
1371 810 1472 847 nun
1509 794 1644 846 enim
1686 802 1738 845 ut
1784 792 1902 845 aliis

323 870 389 923 sit
414 868 664 932 remissio,
714 864 853 918 vobis
900 873 1065 918 autem
1105 863 1401 925 tribulatio,
1439 864 1528 916 sed
1574 879 1636 917 ex
1686 863 1898 932 wquali-

323 949 449 994 tate.
488 936 551 989 In
599 936 835 1007 prtesenti
878 943 1100 1007 tempore
1142 946 1305 1007 vestra
1335 933 1651 1007 abundantia
1696 934 1902 1007 illorum

320 1010 546 1078 inopiam
567 1004 821 1076 suppleat,
852 1015 902 1058 ut
932 1018 977 1056 et
1005 1004 1211 1078 illorum
1240 1004 1557 1078 abundantia
1584 1013 1762 1078 vestra;
1792 1004 1904 1055 ino-

320 1073 420 1148 pite
445 1078 509 1132 sit
540 1073 967 1147 supp'ententum,
1000 1084 1054 1148 ut
1081 1075 1173 1148 ﬁat
1194 1074 1479 1148 (equalitas,
1502 1073 1905 1148 sicutscriptum

320 1143 392 1203 est
424 1164 443 1203 :
472 1148 571 1213 Qui
594 1143 835 1213 multum,
863 1161 964 1197 non
985 1144 1256 1213 abundavit
1278 1159 1297 1208 ,'
1320 1154 1365 1197 et
1391 1146 1475 1213 qui
1504 1143 1781 1208 modicum,
1805 1159 1906 1196 non

318 1212 595 1271 minoravit
625 1216 821 1281 (Exod.
852 1230 958 1279 va,
986 1212 1095 1282 18).

388 1289 480 1343 67.
513 1287 647 1341 Hinc
671 1286 881 1354 quidam
908 1286 1083 1353 justus
1114 1284 1315 1350 prolem
1348 1283 1595 1338 dilectam
1630 1282 1903 1348 admonet,

319 1357 507 1413 dicens
539 1374 551 1409 :
586 1356 647 1412 Si
684 1357 897 1410 multum
932 1354 1022 1407 tibi
1067 1354 1242 1424 fuerit,
1275 1355 1594 1408 abundanter
1640 1354 1833 1424 tribue;
1864 1355 1908 1424 si

320 1429 776 1505 autentgexiguum,
817 1435 865 1480 et
893 1426 985 1479 hoc
1019 1422 1191 1505 ipsum
1221 1425 1431 1505 libenter
1449 1424 1718 1505 impertire
1748 1422 1905 1505 (T'qb.

320 1513 396 1563 Iv,
435 1497 535 1567 9).
580 1493 714 1551 Hinc
758 1512 969 1563 quoque
1017 1493 1286 1567 iiicarnata
1322 1494 1547 1567 _Veritas
1577 1494 1751 1548 dicit:
1808 1493 1909 1547 Ve-

318 1564 626 1630 rumtamen,
655 1567 792 1637 quod
839 1575 1065 1637 superest
1080 1604 1113 1637 ,_
1130 1566 1247 1618 date
1288 1564 1679 1637 ele_emosyna_nt,
1709 1573 1908 1637 et_e_cce

322 1639 496 1692 omnia
524 1633 716 1691 munda
745 1645 861 1690 sunt
887 1636 1025 1688 vobis
1058 1633 1206 1704 (Luc.
1239 1651 1313 1696 XI,
1345 1633 1461 1700 41).
1494 1633 1708 1700 Audite,
1736 1633 1908 1688 obdu-

321 1718 433 1762 rata
463 1708 760 1777 pracordia
791 1723 806 1761 :
834 1704 1100 1777 Iudicium
1119 1706 1229 1777 sint:
1259 1705 1605 1757 misericordia
1632 1705 1679 1756 ei
1698 1706 1783 1771 qui
1807 1721 1910 1758 non

322 1780 447 1849 facit
466 1773 878 1849 'misericordiam
904 1774 1047 1849 (Jac.
1081 1790 1141 1840 It,
1167 1773 1275 1849 t_'5).
1310 1778 1426 1841 Quo
1441 1784 1626 1849 contra
1662 1789 1756 1843 per
1787 1790 1903 1849 pro-_

326 1842 541 1916 pbctam
570 1848 826 1901 Dominus
853 1842 1135 1909 admonet,
1167 1845 1351 1899 dicens
1382 1861 1394 1897 :
1430 1842 1637 1916 Frange
1665 1842 1908 1899 esurienti

325 1914 510 1988 partem
538 1928 699 1982 tuum,
724 1929 769 1971 et
792 1932 975 1986 egenos
997 1932 1242 1985 vagosque
1259 1916 1415 1969 induc
1436 1915 1487 1967 in
1510 1914 1719 1967 domum
1745 1928 1907 1981 tuam;

324 2004 441 2041 cum
470 1989 656 2042 uideris
704 1990 916 2051 nudum,
963 1988 1104 2056 aperi
1152 2002 1299 2053 eum,
1332 1995 1379 2040 et
1424 2000 1629 2038 carnem
1674 1992 1910 2041 tuamne

325 2060 614 2127 despexeris
642 2055 794 2127 (Isai.
826 2073 973 2122 LvIII,
996 2055 1082 2126 7).

400 2124 489 2183 58.
524 2124 791 2183 Memento
822 2127 945 2195 quid
981 2124 1266 2196 purpurato
1296 2124 1443 2180 diviti
1474 2124 1791 2196 contigerit,
1818 2126 1907 2193 qui

329 2213 437 2252 non
488 2200 609 2253 ideo
647 2199 929 2252 damnatus
958 2208 1039 2251 est
1067 2195 1208 2267 quod
1254 2196 1425 2267 aliena
1465 2195 1783 2267 abstulerit,
1812 2196 1909 2251 sed

327 2269 470 2340 quod
517 2270 690 2340 egenti
737 2268 952 2337 pauperi
998 2265 1096 2340 sua
1143 2283 1259 2340 non
1295 2265 1753 2340 tribtteritaunde
1777 2276 1829 2321 et
1858 2268 1907 2340 in

326 2338 539 2393 inferno
556 2337 762 2407 positus
788 2340 852 2392 ad
878 2338 1101 2407 petenda
1136 2337 1351 2390 minima
1386 2338 1646 2405 pervenit,
1670 2337 1791 2405 quia
1825 2338 1910 2393 hic

325 2424 486 2478 parva
518 2410 729 2479 negavit
758 2411 776 2478 (
804 2410 937 2479 Luc.
962 2425 1069 2471 xw,
1112 2408 1182 2462 ΞΟ
1204 2408 1246 2475 ).
1281 2407 1744 2479 biemeatdetiatn
1784 2409 1910 2477 quid

326 2476 393 2548 ad
419 2476 687 2535 sinistram
715 2476 901 2548 pesitis
924 2478 1093 2548 judex
1122 2480 1239 2533 C(Bll
1262 2477 1502 2532 dicturus
1529 2476 1595 2529 sit
1620 2493 1633 2529 :
1670 2476 1767 2540 Ite,
1801 2476 1912 2531 ma-

326 2546 531 2613 ledicti,
564 2551 617 2603 in
648 2546 815 2620 ignem
858 2546 1122 2620 (sternunt,
1153 2548 1242 2617 qui
1271 2556 1475 2616 paratus
1505 2556 1578 2600 est
1616 2548 1821 2620 diabolo
1865 2558 1911 2603 et

326 2621 526 2687 angelis
552 2617 906 2691 ejus'(MattIt.
939 2635 1060 2691 xxv,
1091 2618 1205 2689 41).
1234 2620 1297 2672 Et
1320 2632 1528 2671 rursum
1558 2632 1576 2669 :
1611 2617 1833 2691 Esurivi,
1865 2628 1910 2691 et

329 2704 433 2742 non
457 2688 663 2744 dedistis
696 2691 821 2742 mihi
848 2690 1187 2753 manducare;
1213 2700 1268 2745 et
1286 2696 1481 2744 caetera
1510 2702 1629 2757 quae
1658 2688 1728 2743 ibi
1758 2689 1910 2744 terri-

328 2758 512 2814 biliter
535 2768 934 2814 enumerantur.

402 2827 491 2885 59.
527 2829 744 2883 Furtum
785 2841 835 2884 et
884 2834 1050 2899 fraus,
1081 2846 1380 2900 quanquam
1423 2830 1622 2897 gradus
1650 2828 1911 2900 Adivcr:os

328 2897 563 2969 habeant
594 2897 894 2959 locutionis,
929 2897 1110 2955 unum
1132 2916 1214 2956 ρει
1244 2897 1419 2954 iamen
1452 2900 1590 2969 quod
1631 2898 1831 2953 dicunt.

399 2968 489 3023 ϐυ.
525 2970 770 3041 (Furtum
802 2973 841 3038 :)
874 2973 928 3025 Si
960 2972 1129 3024 abena
1164 2986 1266 3024 non
1299 2968 1562 3035 tollis,cx
1593 2970 1804 3038 proprio
1832 2972 1909 3026 di-

324 3054 421 3094 ves
451 3043 527 3095 vel
552 3041 821 3095 Sufﬁciens
848 3056 968 3097 esse
999 3057 1102 3095 non
1136 3042 1300 3095 vales.

397 3110 488 3165 6i.
522 3110 717 3180 (Fraus
742 3111 784 3181 :)
813 3112 865 3167 Si
890 3121 1080 3166 cuncta
1111 3127 1228 3177 quae
1253 3111 1344 3164 tibi
1376 3111 1623 3178 prmlatus
1649 3111 1904 3165 servanda

327 3183 598 3235 commisit
641 3183 841 3236 illibata
891 3196 1021 3235 cons
1042 3197 1173 3249 gnas
1196 3220 1211 3245 ,
1244 3192 1297 3235 et
1339 3196 1435 3235 nec
1484 3181 1749 3235 modicum
1781 3183 1905 3248 quid

330 3254 652 3305 servandum
694 3253 989 3318 existimas,
1034 3252 1171 3305 unde
1203 3252 1285 3303 vel
1320 3251 1546 3318 pro,Iriis
1592 3252 1908 3306 utilitat.bus

326 3324 597 3446 fuga-Idas,
636 3326 715 3377 vel
761 3322 948 3377 amicis
974 3331 1029 3377 et
1056 3321 1506 3377 commilitonibus
1540 3321 1771 3390 placeas,
1801 3338 1906 3376 non

348 3406 397 3443 Ia
439 3406 468 3445 e
509 3408 571 3445 Is.

348 3406 571 3445 taoetns.

403 3461 493 3533 βε.
526 3461 855 3522 (Innocentio
880 3464 925 3533 :)
957 3464 1145 3519 Melius
1174 3471 1255 3517 est
1285 3476 1405 3517 esse
1434 3476 1719 3531 pauperem
1747 3473 1799 3515 et
1830 3464 1910 3514 in-

326 3530 709 3603 sulticientem,
742 3530 976 3603 nullique
1000 3550 1063 3589 ex
1095 3535 1220 3587 dato
1243 3530 1469 3601 placere,
1494 3547 1649 3600 quam
1679 3533 1906 3600 aliquem

328 3601 528 3673 lazdere
577 3604 750 3667 furto,
784 3605 866 3659 vel
891 3601 1123 3669 TI-aude;
1157 3608 1242 3673 qui
1288 3606 1437 3673 enim
1460 3605 1646 3673 aliena?
1676 3606 1911 3670 quolibet

331 3671 493 3744 modo
522 3676 686 3744 218
713 3675 907 3742 injuste
946 3671 1201 3743 pra-ripit',
1257 3690 1348 3741 pse
1379 3672 1476 3726 sibi
1508 3672 1650 3740 regni
1679 3673 1910 3728 caelestis

328 3741 783 3809 εάἰιυιιῆῆιῦὼις
809 3741 1022 3799 nttdeet
1043 3746 1357 3812 praedicator
1386 3745 1629 3811 egregius
1651 3744 1907 3809 quosdam

332 3813 627 3882 redarguit,
657 3815 874 3868 dicens:
911 3815 1129 3868 Omnino
1154 3816 1394 3867 delictum
1413 3822 1486 3865 est
1511 3814 1562 3866 in
1589 3812 1745 3876 vobis,
1772 3813 1909 3882 quod

324 3875 531 3954 judicia
561 3886 755 3938 habetis
801 3885 932 3938 inter
959 3901 1075 3945 vss;
1119 3900 1279 3954 quare
1310 3899 1409 3936 non
1458 3884 1619 3951 magis
1662 3875 1911 3954 injui‘tam

329 3953 593 4024 accipitis?
617 3970 775 4021 quare
801 3971 903 4007 non
946 3955 1107 4023 magis
1134 3953 1371 4024 fraudem
1411 3954 1681 4020 patimini?
1709 3953 1794 4005 sed
1825 3970 1911 4007 vos

329 4022 579 4095 injuriam
610 4026 796 4095 facitis,
832 4036 877 4077 et
909 4022 1166 4093 fraudatis
1186 4066 1199 4088 ,
1232 4034 1277 4077 et
1307 4026 1399 4076 hac
1428 4024 1691 4095 fratribus.
1727 4024 1912 4095 Angue-

328 4092 471 4165 scttis
498 4092 619 4162 quia
646 4095 805 4164 iniqui
833 4092 1043 4165 regnum
1082 4095 1179 4148 Dei
1226 4111 1327 4148 non
1359 4093 1683 4165 possidebunt
1714 4092 1764 4163 (l
1792 4094 1908 4148 Cor.

333 4175 409 4225 vr,
444 4163 538 4231 7)?
583 4162 754 4233 Atque
786 4162 920 4219 inter
949 4173 1141 4219 cmtera
1190 4165 1459 4232 subiungit
1492 4181 1504 4215 :
1543 4162 1723 4234 Neque
1751 4167 1909 4233 fures,

329 4247 494 4305 neque
523 4251 729 4305 rapaces
757 4252 967 4305 regnum
997 4234 1093 4288 Dei
1120 4237 1464 4302 possidebunt.

407 4303 496 4360 b3.
532 4303 765 4357 Fallacia
814 4302 973 4373 atque
1014 4307 1334 4359 mendacium
1376 4314 1433 4358 et
1480 4304 1589 4371 ipa
1623 4319 1783 4358 unum
1828 4302 1913 4357 di-

333 4381 465 4446 cunt
493 4392 510 4446 :_
541 4374 748 4446 fallacia
801 4388 976 4429 autem
1029 4377 1088 4429 lit
1131 4376 1367 4446 ingenio,
1409 4377 1741 4446 mendacium
1786 4388 1915 4446 vero

329 4443 568 4525 simplici
597 4445 786 4513 verbo,
818 4461 939 4500 cum
971 4445 1025 4502 in
1073 4443 1387 4501 non'daudo
1437 4445 1669 4513 aliquem
1719 4444 1916 4499 laedere

330 4526 543 4580 quaerit.

412 4585 500 4657 (id.
534 4584 793 4655 (Fallacia
821 4586 864 4657 :)
895 4585 1030 4652 Quid
1078 4586 1128 4639 in
1163 4584 1391 4657 petendo
1433 4599 1611 4657 moras
1650 4583 1917 4657 inuectis?

339 4667 447 4706 non
478 4653 647 4711 habeo
677 4660 817 4725 quod
845 4653 941 4711 tibi
986 4657 1218 4709 tribuere
1252 4656 1471 4722 possim.
1519 4656 1711 4709 Celans
1740 4656 1919 4723 utique

336 4725 394 4777 in
433 4729 595 4797 corde
623 4728 765 4797 quod
808 4728 987 4797 liabet,
1034 4727 1118 4780 vel
1148 4728 1295 4797 quod,
1330 4726 1427 4779 sibi
1476 4734 1779 4789 conservet,
1832 4726 1916 4778 vel

333 4792 477 4867 quod
507 4792 727 4867 aliis'(si
758 4792 999 4851 voluntas
1030 4792 1190 4863 inest)
1216 4796 1431 4867 tribuat.

412 4862 961 4946 65._.(Mendacium_.'_)
989 4862 1224 4946 Omnino
1248 4864 1388 4946 quod
1422 4865 1657 4946 postulas
1687 4879 1791 4945 non
1822 4866 1917 4946 ba:-

337 4933 473 5005 beo;
508 4934 630 4990 licet
660 4952 765 4990 non
810 4933 1101 4992 artiﬁcioso
1129 4933 1361 5005 ingenio,
1395 4933 1529 4989 sicut
1562 4935 1795 5002 fallacia,
1821 4937 1915 4992 sed

333 5004 565 5071 simplici
598 5007 894 5075 negationis
918 5010 1077 5062 verbo
1106 5004 1390 5060 fruStratur
1422 5015 1711 5074 petentem.

412 5075 500 5146 66.
532 5077 550 5144 (
583 5075 781 5131 Veritas
811 5080 873 5146 .')
912 5079 1018 5132 Nec
1050 5078 1341 5131 artilicioso
1367 5076 1601 5145 ingenio,
1645 5091 1743 5130 nec
1789 5077 1918 5130 sim-

339 5145 464 5213 plici
499 5148 665 5201 verbo
690 5145 900 5215 Oportet
931 5150 1175 5216 decipere
1203 5162 1547 5217 quemquam,
1595 5148 1718 5215 quia
1749 5148 1918 5215 quoli-

338 5219 429 5270 bet
459 5217 618 5271 modo
656 5222 944 5272 mentiatur
967 5219 1106 5286 quis,
1155 5234 1232 5280 os,
1262 5217 1397 5285 quod
1439 5220 1700 5281 mentitur,
1735 5219 1917 5270 occidit

339 5286 567 5340 animum
593 5288 747 5359 (Sap.
783 5304 822 5355 I,
860 5287 964 5357 11),
991 5299 1043 5343 et
1062 5288 1308 5342 omnibus
1334 5288 1678 5342 menduCIbus
1706 5304 1825 5357 pars
1852 5288 1916 5340 il-

409 5428 499 5483 5‘7.
532 5428 645 5494 Quo
671 5438 868 5483 contra.
913 5428 1123 5483 Modum
1168 5428 1306 5483 hunc
1351 5428 1600 5498 loquendi
1632 5428 1917 5484 Ambrosio

342 5501 601 5567 Autperto
631 5500 944 5554 familiarem
965 5513 1085 5553 esse
1110 5500 1334 5553 Maurini
1357 5501 1808 5553 animadvertunt.

411 5570 502 5624 65.
536 5569 775 5630 ιωάενε;
806 5570 904 5632 al.,
936 5569 1172 5623 illudere.

412 5640 502 5695 64.
539 5639 688 5704 Quod
719 5638 900 5703 habet;
930 5639 1026 5705 al.,
1053 5639 1141 5707 qui
1169 5639 1347 5707 habet,
1378 5640 1458 5695 vel
1491 5641 1613 5710 quid
1637 5640 1804 5693 habet.

416 5713 505 5765 69.
536 5711 928 5773 Acciratiores;
952 5711 1045 5773 al.,
1081 5710 1341 5762 lautiores.

415 5781 503 5835 75.
548 5783 675 5849 Alii,
707 5780 793 5835 ille
833 5782 1022 5851 potius,
1057 5780 1142 5849 qui
1176 5797 1290 5833 rara
1313 5792 1357 5835 et
1402 5782 1534 5836 mala
1576 5781 1739 5836 dicere
1786 5797 1904 5852 pro-

1942 1797 1985 1857 Β
2016 1772 2292 1857 Attendite,
2328 1790 2391 1827 ne

1934 3151 1981 3211 C

2003 526 2116 576 xxi,
2147 512 2225 581 8).

2072 605 2161 678 67.
2212 606 2234 677 (
2271 605 2472 661 Ventris
2514 607 2766 678 ingluvies
2797 606 2861 670 :)
2918 606 2997 660 Ad
3049 621 3197 678 esum
3234 605 3373 678 Deus
3415 606 3595 678 omnia

2003 677 2199 731 munda
2221 674 2485 741 condidit,
2520 674 2591 731 ρι’
2623 678 2713 747 qui
2762 678 2987 730 saturari
3037 676 3156 730 cibo
3198 674 3425 747 rcSpuit,
3470 676 3598 747 quid

2003 747 2144 801 aliud
2175 763 2333 818 quam
2369 747 2577 803 muneri
2607 746 2864 803 concesw
2890 746 3245 801 contradicit?

2080 839 2168 894 68.
2200 838 2464 907 (Ciborum
2500 839 2811 906 parcimonia
2837 838 2880 906 :)
2914 836 3090 893 Unum
3123 839 3310 892 horum
3341 838 3481 907 quod
3510 838 3593 891 di-

2005 909 2084 963 cis
2110 925 2291 965 vorum
2316 922 2425 974 est;
2453 925 2520 964 ne
2541 910 2683 964 enim
2712 910 2873 963 homo
2898 909 3037 965 fame
3060 918 3383 970 moreretur,
3415 908 3595 962 omnia

2005 979 2073 1034 ad
2124 994 2273 1034 esum
2318 980 2457 1034 Deus
2502 979 2699 1033 munda
2738 979 2973 1043 creavit;
3025 984 3117 1035 sed
3169 995 3237 1034 ne
3284 977 3600 1033 comedendi

2009 1065 2315 1105 mensuram
2357 1052 2663 1115 excederet,
2705 1050 3084 1105 abstinentiam
3130 1050 3443 1118 imperavit;
3476 1064 3598 1103 nam

2010 1121 2149 1174 inter
2176 1133 2371 1175 cetera
2401 1136 2496 1174 sua
2530 1120 2667 1173 mala
2701 1120 3000 1187 saturitate,
3036 1123 3268 1175 maxime
3294 1120 3467 1187 panis,
3499 1119 3601 1175 So-

2009 1189 2166 1244 doma
2214 1192 2396 1259 periit,
2448 1190 2673 1245 Domino
2718 1198 3029 1257 attestante,
3076 1192 3163 1257 qui
3193 1191 3258 1244 ad
3304 1189 3602 1245 Jerusalem

2009 1275 2105 1328 per
2153 1261 2465 1329 prophetam
2515 1261 2770 1328 loquitur,
2803 1261 2984 1315 dicens
3018 1278 3032 1318 :
3085 1262 3210 1315 Ηωε
3241 1270 3313 1314 est
3353 1261 3599 1329 iniquitas

2010 1333 2200 1385 sororis
2228 1340 2330 1383 tua:
2361 1331 2626 1398 Sodomaz,
2652 1332 2894 1401 saturitas
2917 1333 3063 1397 panis
3096 1331 3307 1401 (Ezech.
3342 1346 3452 1394 va,
3482 1330 3598 1401 49).

2009 1401 2345 1471 Quapropter
2371 1403 2510 1456 sicut
2536 1415 2677 1469 aager
2704 1400 2769 1455 ad
2801 1400 3144 1466 medicinam,
3176 1404 3254 1457 sic
3284 1401 3351 1456 ad
3384 1400 3603 1455 sumen-

2010 1474 2106 1526 das
2133 1472 2299 1537 dapes
2329 1472 2490 1526 debet
2533 1474 2758 1540 quisque
2798 1472 3086 1539 accedere,
3123 1487 3456 1541 nequaquam
3497 1472 3603 1526 scio

2015 1543 2139 1596 licet
2184 1543 2234 1596 in
2286 1541 2390 1597 illis
2439 1542 2768 1612 voluptatem
2813 1552 3108 1611 appetens,
3153 1542 3248 1598 sed
3295 1541 3603 1597 necessitati

2012 1626 2355 1668 succurrens.

2086 1701 2171 1755 (~39.
2212 1704 2344 1758 llinc
2388 1703 2659 1757 incarnata
2692 1702 2902 1757 Veritas
2960 1719 3054 1771 per
3096 1703 3437 1773 Evangelium
3482 1703 3599 1761 ait:

2430 1784 2704 1844 graventur
2733 1776 2888 1826 corda
2917 1784 3078 1829 vestra
3126 1774 3337 1843 crapula
3369 1784 3416 1827 et
3443 1774 3603 1827 ebrie-

2013 1853 2119 1897 tate
2148 1843 2300 1911 (Luc.
2332 1843 2446 1907 nt,
2477 1843 2590 1907 51).
2622 1845 2819 1899 Contra
2859 1845 2925 1900 de
2958 1845 3245 1898 insatiabili
3288 1844 3599 1899 .Iudteorum

2015 1916 2303 1985 voracitate
2360 1916 2650 1984 Apostolus
2697 1916 2822 1968 dicit
2858 1932 2869 1967 :
2927 1914 3083 1968 Multi
3124 1914 3431 1981 ambulant,
3472 1930 3601 1985 quos

2011 2002 2147 2053 stupe
2183 1984 2412 2039 dicebam
2442 1987 2599 2051 vobis,
2646 2001 2784 2038 nunc
2817 1996 2988 2039 autem
3027 1993 3074 2038 et
3103 1987 3233 2053 ﬂens
3264 1987 3397 2051 dico,
3430 1984 3605 2038 inimi-

2012 2072 2097 2109 cos
2132 2058 2296 2109 crucis
2326 2056 2533 2121 Christi,
2559 2072 2775 2123 quorum
2796 2057 2912 2124 ﬁnis
2939 2057 3194 2121 interitus,
3218 2073 3431 2124 quorum
3461 2054 3600 2109 Deus

2012 2135 2181 2180 venter
2210 2134 2305 2191 est,
2340 2137 2387 2179 et
2424 2128 2595 2195 g'oria
2636 2127 2688 2180 in
2729 2127 3027 2195 confusione
3071 2143 3248 2181 eorum
3294 2128 3382 2197 qui
3406 2136 3603 2181 terrena

2012 2199 2217 2265 sapiunt
2248 2197 2499 2269 (Philipp.
2536 2213 2613 2265 III,
2643 2197 2732 2269 ιβ,
2768 2198 2882 2267 19).
2926 2199 2986 2251 Et
3021 2212 3229 2269 rursum
3262 2216 3273 2249 :
3307 2196 3441 2269 Esca
3481 2213 3599 2251 ven-

2013 2269 2100 2331 tri,
2153 2277 2200 2323 et
2244 2265 2424 2322 venter
2451 2265 2611 2332 eicis,
2662 2265 2799 2322 Deus
2842 2265 3016 2322 autem
3048 2278 3094 2321 et
3142 2268 3278 2321 hunc
3313 2277 3357 2321 et
3390 2268 3482 2319 has
3510 2269 3600 2321 de-

2012 2347 2169 2392 struet
2218 2337 2268 2409 (1
2312 2336 2429 2393 Cor.
2463 2356 2536 2407 vI,
2574 2338 2683 2409 l3).
2713 2340 2805 2395 llle
2845 2350 3024 2393 autem
3077 2339 3233 2408 plene
3265 2339 3362 2393 lIoc
3408 2340 3596 2392 vitium

2014 2422 2253 2477 Superat,
2295 2411 2382 2478 qui
2415 2412 2467 2463 in
2510 2410 2781 2464 sumendis
2813 2410 3035 2478 dapibus
3065 2424 3168 2463 noo
3221 2411 3393 2464 solum
3428 2409 3598 2476 parci—

2013 2480 2245 2532 mouiam
2275 2488 2437 2541 tenet,
2466 2491 2520 2534 ut
2546 2482 2746 2535 scilicet
2775 2480 3117 2534 refectionem
3148 2495 3362 2547 semper
3390 2480 3598 2535 esuries

2014 2549 2271 2616 imperet;
2298 2566 2477 2604 verum
2509 2552 2665 2603 etiam
2691 2551 3049 2605 accuratiores
3081 2549 3235 2603 simul
3258 2560 3310 2603 ct
3342 2550 3469 2603 lntl'i
3511 2566 3599 2605 res

2013 2620 2238 2699 epulas,
2288 2632 2506 2689 excepta
2557 2624 2798 2700 Corporis
2849 2618 3154 2675 inﬁrmitate
3211 2631 3265 2675 et
3321 2621 3592 2690 hospitqu

2014 2695 2370 2758 susceptione,
2400 2695 2709 2745 cnntemnit.

2083 2760 2170 2815 70.
2207 2760 2415 2830 (Inepta
2445 2763 2620 2817 lwtitia
2650 2762 2691 2828 :)
2729 2760 2795 2816 Ut
2825 2760 2949 2829 quid
2981 2760 3140 2815 animi
3172 2760 3423 2831 gaudium
3454 2760 3596 2816 intus

2012 2831 2333 2903 abscondis?
2365 2833 2623 2903 egredere
2654 2834 2706 2903 in
2754 2833 3028 2901 publicum
3060 2833 3232 2899 laetus,
3278 2831 3364 2885 dic
3394 2832 3593 2900 aliquid

2014 2903 2163 3023 lorisl,
2200 2902 2340 2983 unde
2369 2902 2451 2959 vel
2478 2913 2553 2971 tu,
2588 2902 2668 2958 vel
2702 2903 2929 2972 proximi
2961 2903 3187 2971 rideant,
3218 2903 3300 2957 lac
3320 2916 3413 2957 eos
3444 2903 3598 2957 laetos

2015 2982 2103 3023 tua
2151 2982 2333 3023 ίὲῑιῑιξι.

2015 2982 2103 3026 tua
2134 2973 2333 3027 laetitia.

2084 3043 2246 3147 ἓξὲξ
2264 3044 2712 3147 ,ἶλᾷέῗῖῗίίθῗὲᾞε
2738 3060 2923 3147 imi)":
2941 3042 3169 3147 ⁵29293
3200 3042 3594 3147 ξῖἶέῖωῗῗςίιίίὲἳὲἓ

2015 3112 2231 3168 lamna?
2264 3112 2495 3184 nunquid
2522 3115 2631 3185 jam
2660 3114 2925 3169 diabolum
2957 3112 3169 3170 vicisti?
3200 3113 3439 3181 nunquid
3476 3112 3588 3183 jam

2012 3185 2203 3239 inferni
2236 3199 2422 3253 pinnas
2443 3185 2649 3241 vicisti?
2680 3185 2918 3256 nunquid
2946 3186 3055 3252 jam
3086 3186 3154 3256 de
3184 3185 3374 3239 exsilio
3402 3185 3466 3236 ad
3498 3200 3596 3252 pa-

2013 3256 2165 3309 triam
2193 3256 2421 3311 venisti?
2459 3256 2693 3323 nunquid
2722 3255 2830 3324 jam
2863 3256 2929 3310 de
2972 3267 3057 3309 tua
3098 3255 3361 3310 electione
3390 3256 3592 3308 seettriv

2013 3333 2173 3378 tatem
2203 3325 2496 3394 accepisti?
2538 3326 2617 3379 Au
2663 3326 2801 3382 forte
2830 3327 2880 3378 in
2907 3326 3226 3379 oblivionem
3278 3325 3423 3377 venit
3446 3326 3589 3391 quod

2014 3394 2268 3448 Dominus
2297 3397 2425 3451 dicit
2458 3412 2472 3450 :
2503 3396 2729 3448 Mundus
2771 3394 3037 3465 gaudebit,
3068 3410 3154 3448 vos
3201 3404 3373 3447 autem
3400 3397 3593 3448 contri-

2012 3466 2302 3536 stabimini,
2358 3470 2448 3519 sed
2502 3466 2705 3520 tristitia
2763 3476 2925 3521 vestra
2977 3474 3195 3519 vertetur
3240 3465 3295 3519 in
3343 3465 3589 3536 gaudium

2014 3534 2195 3607 (Joan.
2224 3552 2334 3602 xw,
2362 3536 2491 3605 20)?

2084 3605 2171 3658 72.
2198 3607 2277 3677 An
2300 3608 2436 3663 forte
2466 3608 2721 3663 memoria
2753 3606 2981 3664 excessit
3011 3606 3151 3677 qucd
3182 3606 3320 3661 idem
3353 3607 3479 3662 alibi
3507 3606 3590 3661 di-

2010 3676 2127 3750 cit:
2162 3676 2259 3750 _l_’a:
2283 3680 2420 3734 vobis
2446 3680 2532 3747 qui
2563 3695 2696 3732 nunc
2724 3680 2898 3733 ridetis
2924 3719 2938 3741 ,
2967 3676 3085 3747 quia
3115 3678 3383 3750 plorabitis
3417 3690 3463 3750 et
3489 3680 3586 3747 ﬂe-

2012 3748 2125 3819 bitis
2150 3748 2299 3819 (Luc.
2332 3765 2402 3815 vI,
2433 3750 2560 3819 27$);
2594 3750 2841 3817 quodque
2873 3766 2963 3817 per
2985 3748 3324 3805 Salomonem
3356 3748 3588 3803 dicitur:

2014 3817 2169 3871 Risus
2188 3820 2368 3890 dolore
2389 3817 2696 3885 miscebitur,
2724 3829 2771 3873 et
2795 3830 3019 3874 extrema
3051 3822 3225 3890 gaudii
3251 3820 3420 3872 luctus
3444 3835 3596 3872 occu-

2014 3899 2100 3956 pat
2147 3889 2414 3958 (Proverb.
2452 3907 2557 3952 XIV,
2594 3891 2710 3958 l3);
2742 3900 2797 3945 et
2826 3889 3165 3958 econtrapcr
3197 3890 3540 3957 Evangelium
3576 3909 3589 3944 :

2012 3958 2157 4013 Beati
2186 3962 2274 4029 qui
2315 3961 2504 4031 lugent,
2530 3957 2772 4029 quoniam
2813 3960 2913 4029 ipsi
2950 3957 3590 4031 consulabuttturrﬂl‘attlt.

2014 4045 2075 4095 v,
2112 4032 2202 4099 5);
2252 4029 2565 4098 rursumque
2617 4046 2711 4099 per
2764 4033 3150 4085 Salomonem:
3209 4029 3387 4084 Nescit
3441 4029 3595 4083 homo

2012 4110 2183 4171 utrum
2211 4117 2384 4154 amore
2409 4118 2476 4154 att
2498 4102 2615 4154 odio
2646 4101 2831 4171 dignus
2854 4102 2939 4165 sit,
2967 4103 3056 4154 sed
3079 4101 3250 4154 omnia
3273 4109 3593 4155 reservantur

2012 4171 2064 4243 in
2095 4170 2327 4237 futurum
2371 4173 2565 4225 incerta
2599 4170 2817 4243 (Eccle.
2864 4187 2938 4243 Iit,
2974 4173 2991 4225 l
3019 4172 3074 4243 )i
3107 4172 3415 4243 Comprime
3462 4187 3591 4242 ergI

2015 4240 2225 4295 inanem
2285 4244 2561 4309 laetitiam,
2608 4240 2705 4312 qui
2763 4240 3269 4312 necdum'evasisd
3328 4240 3591 4311 poenalem

2014 4326 2327 4365 aerumnam.
2362 4314 2546 4367 Nonne
2594 4311 2730 4380 apud
2759 4328 2947 4368 omnes
2989 4314 3206 4368 insanus
3249 4311 3518 4381 judicatur
3547 4313 3595 4366 is

2015 4382 2188 4455 quiin
2210 4384 2439 4455 carceris
2461 4386 2692 4439 tenebris
2721 4385 2957 4439 reclusus
2978 4387 3211 4455 gaudere
3239 4383 3495 4455 conatur?

2098 4453 2186 4509 75.
2220 4452 2696 4525 (Multiloquium:)
2727 4456 2839 4511 Non
2883 4452 3003 4511 reus
3057 4457 3143 4509 ille
3190 4454 3478 4525 tenebitur,
3508 4452 3599 4521 qui

1951 4511 2172 4590 Dplura
2224 4511 2585 4591 quidem,'sed
2636 4511 2770 4581 bona
2822 4526 2985 4594 loqui,
3031 4526 3124 4580 sed
3152 4526 3257 4588 ηιμ,
3288 4525 3376 4592 qui
3406 4511 3594 4577 saltem

2021 4609 2163 4665 rara,
2188 4596 2279 4665 sed
2311 4595 2445 4647 mala
2476 4595 2655 4649 dicere
2688 4598 2955 4665 probatur.

2094 4664 2180 4716 7i.
2215 4664 2467 4734 (Discreta
2496 4663 2818 4719 taciturnitas
2847 4668 2887 4734 :)
2920 4665 3109 4717 Vtrum
3154 4664 3397 4734 estquod
3427 4663 3596 4727 dicis;

2021 4736 2112 4788 sed
2143 4735 2267 4789 dum
2301 4738 2451 4789 Inulti
2484 4737 2619 4789 bona
2653 4744 2890 4805 prolerre
2922 4734 3195 4805 videntur,
3222 4750 3362 4801 sirpe
3387 4734 3597 4789 contin-

2020 4807 2097 4873 git
2142 4816 2196 4857 ut
2227 4820 2255 4857 a
2286 4806 2439 4861 bonis
2489 4804 2682 4861 locutio
2733 4807 2974 4860 inchoata
3032 4804 3099 4858 ad
3130 4805 3325 4873 aliquid
3374 4819 3595 4873 pravum

2021 4881 2312 4941 derivetur,
2347 4879 2446 4930 hoc
2479 4878 2653 4944 ipsum
2681 4889 2829 4930 sacra
2876 4875 3146 4945 Seriplura
3189 4880 3591 4945 prmtnutiante,

2020 4946 2140 5012 quia
2164 4947 2218 4999 in
2266 4943 2584 5013 multiloquio
2612 4956 2871 5013 peccatum
2912 4943 3014 4998 non
3051 4948 3204 4998 deerit
3237 4943 3503 5015 (Proverb.
3536 4960 3593 5008 χ,

2024 5015 2132 5085 19).
2168 5016 2229 5068 Et
2273 5016 2319 5068 si
2370 5016 2505 5070 forte
2551 5015 2693 5070 inter
2740 5017 3016 5069 innumera
3058 5017 3218 5069 verba
3263 5016 3598 5070 declinantur

2020 5087 2328 5148 criminosa,
2367 5085 2460 5139 sed
2510 5087 2742 5155 nunquid
2790 5085 3047 5141 declinari
3103 5095 3349 5154 potet-unt
3388 5088 3593 5139 inutilia

2019 5165 2177 5224 atque
2203 5158 2392 5220 otiusa,
2434 5156 2501 5209 de
2542 5158 2733 5222 quibus
2780 5160 2958 5225 utque
3005 5157 3138 5209 ratio
3176 5160 3277 5209 erit
3324 5161 3375 5209 in
3417 5157 3593 5209 futuro

2022 5225 2325 5279 reddenda?
2350 5227 2635 5280 Tenendus
2660 5242 2788 5295 ergo
2816 5238 2896 5280 est
2918 5229 3105 5280 modus
3149 5226 3197 5279 id
3228 5227 3511 5294 loquendo,
3539 5236 3594 5280 et

2019 5296 2086 5349 ab
2112 5296 2239 5365 ipsis
2261 5311 2639 5367 nonnunquam
2673 5299 2889 5353 utilibus
2916 5298 3092 5352 verbis
3115 5296 3458 5366 parcendum,
3484 5298 3589 5351 sic.

2018 5438 2186 5492 batur.

2089 5508 2176 5562 74.
2227 5507 2513 5574 lnchoata;
2565 5510 2660 5575 al.,
2709 5509 2991 5573 inchonns,
3037 5506 3259 5561 Mauriui
3309 5506 3600 5561 observant

2015 5593 2312 5650 congruere
2355 5582 2554 5650 regula:
2582 5580 2749 5633 sancti
2784 5580 3074 5640 Benedicti,
3104 5593 3225 5650 cap.
3258 5581 3312 5641 li,
3345 5576 3484 5650 quod
3511 5576 3597 5632 lIic

2016 5649 2246 5771 dicidtur,
2303 5651 2367 5705 ab
2414 5649 2539 5722 ipsis
2591 5666 2954 5719 nonnunquam
2998 5649 3206 5703 utilibus
3264 5649 3422 5705 verbis
3477 5664 3600 5719 par-

2013 5735 2099 5773 cen
2146 5736 2247 5774 um.
