4004 6144
330 314 469 368 “iii

714 436 1483 448 ..ι--οσ--σ--ι--ι-ιοορ-
1508 438 1593 445 τ-

1612 439 1972 448 m—

3475 317 3613 370 “56

1978 440 2085 447 ’,ᾧ
2100 441 2193 447 -ν
2202 440 2321 446 -_,__._
2330 441 2399 445 .,-ν

1514 541 2117 622 APPENDIX
2198 544 2437 625 VIII.

1602 699 1963 755 EXPJSITIO
2006 698 2069 752 IN
2111 700 2329 755 MISSA.

402 819 453 872 l.
499 817 748 872 Dominus
772 817 1024 871 vobiscum
1050 816 1200 887 (Vid.
1240 814 1550 879 lsidoriana,
1581 829 1627 867 c.
1662 813 1779 887 ει).
1811 812 1908 887 εξ·
1940 815 1985 870 Α

326 890 463 945 lutat
494 889 746 956 populum
796 897 851 942 et
878 897 1017 949 orat,
1059 882 1120 940 ἰιι
1160 888 1232 942 sit
1261 888 1517 940 Dominus
1542 900 1664 937 cmn
1695 885 1805 937 illo.
1836 882 1904 936 Et

325 976 443 1014 cum
468 955 673 1030 spiritu
704 968 809 1011 tuo.
845 958 1141 1030 Responsio
1172 957 1375 1030 populi,
1421 964 1582 1022 atque
1621 955 1910 1030 oratio,_ut

322 1032 465 1085 sicut
492 1025 745 1084 sacerdos
769 1031 942 1082 oravit
967 1035 1026 1082 ut
1062 1028 1318 1081 Dominus
1356 1033 1500 1079 esset
1535 1040 1655 1078 cum
1688 1025 1903 1092 populo,

324 1101 397 1155 ita
426 1108 483 1155 et
514 1100 742 1169 populus
786 1106 905 1153 orat
940 1107 997 1153 ut
1034 1096 1301 1169 Dominus
1328 1098 1589 1169 222‘sit
1620 1109 1743 1148 cum
1794 1097 1905 1161 spi-

326 1170 435 1225 ritu
481 1164 798 1225 sacerdons.
836 1169 966 1222 Dum
1016 1167 1145 1221 dicit
1179 1164 1721 1225 sacerdos’Dremus,
1756 1173 1907 1227 rogat

326 1254 511 1297 omnes
542 1254 719 1306 orare,
752 1250 805 1291 ut
835 1239 1006 1292 oratio
1028 1237 1143 1308 ejus
1168 1252 1197 1291 a
1226 1236 1809 1308 Dominoexaudi‘atur.
1841 1237 1902 1290 Et

323 1312 540 1372 quando
557 1304 826 1364 dicit'Per
858 1304 1130 1362 Dominum
1174 1317 1406 1361 nostrum
1437 1304 1617 1360 Iesum
1643 1304 1905 1360 Christum

323 1380 523 1435 Filium
545 1390 708 1444 tuum,
740 1379 806 1433 ad
839 1379 1119 1433 Dominum
1152 1378 1362 1432 Patrem
1393 1386 1510 1431 orat
1538 1378 1811 1440 sacerdOs,
1848 1388 1904 1431 ut

323 1467 422 1521 per
450 1467 604 1521 suum
640 1451 852 1513 Filium,
881 1451 969 1517 qui
1001 1458 1183 1521 noster
1215 1447 1483 1521 Dominus
1500 1456 1582 1521 est
1605 1448 1899 1521 aequaliter,

322 1517 464 1576 sicut
491 1520 667 1584 Pater,
702 1522 875 1574 oratio
906 1519 1227 1588 perliciatur.
1261 1518 1394 1573 Cum
1436 1517 1563 1571 dicit
1596 1518 1699 1581 Qui
1741 1528 1904 1572 tecum

321 1593 465 1655 vivit,
511 1602 557 1644 et
607 1600 786 1660 regnat
819 1590 955 1645 Deus
988 1590 1039 1642 in
1082 1591 1277 1643 unitate
1305 1589 1554 1660 Spiritus,
1579 1590 1762 1650 sancti,
1793 1592 1903 1643 vult

324 1661 579 1731 populum
612 1658 839 1717 credere
863 1672 917 1714 et
953 1660 1254 1731 intelligere
1284 1658 1424 1730 quod
1458 1658 1625 1713 Filius
1654 1675 1783 1731 cum
1806 1660 1904 1713 Pa-

322 1730 405 1787 tre
446 1732 563 1786 sine
595 1732 744 1785 initio
774 1746 837 1784 ac
867 1731 983 1785 sine
1013 1733 1117 1785 line
1144 1730 1272 1783 vivit
1298 1771 1311 1792 .
1354 1741 1403 1784 et
1438 1738 1646 1800 regnat,
1680 1738 1734 1784 et
1762 1730 1901 1785 Deus

319 1811 426 1865 est,
459 1803 596 1856 sicut
625 1802 783 1857 Pater
806 1801 944 1856 Deus
980 1813 1099 1861 eSt;
1137 1809 1192 1854 et
1227 1814 1327 1854 una
1362 1811 1596 1867 potestas
1623 1810 1708 1853 est
1735 1801 1902 1867 Spiri-

320 1882 407 1925 tus
430 1872 599 1925 sancti
632 1887 751 1927 cum
781 1873 955 1936 Patre,
986 1882 1040 1925 et
1070 1870 1222 1942 Filio,
1242 1881 1417 1942 atque
1441 1886 1543 1925 una
1573 1871 1896 1940 substantia,

317 1952 479 1997 atque
510 1942 561 1995 in
589 1942 838 1997 omnibus
870 1945 1046 1996 unitas
1071 1940 1306 1996 deitatis.

430 2052 444 2067 .
490 2012 593 2066 Per
620 2014 791 2066 omnia
831 2012 1019 2066 stecula
1047 2012 1370 2069 seculorum.
1405 2010 1548 2066 Idem
1583 2010 1748 2064 Filius
1775 2027 1897 2065 cum

317 2083 476 2138 Patre
509 2084 561 2137 in
595 2085 794 2137 unitate
819 2083 1049 2148 Spiritus
1078 2084 1244 2137 sancti
1276 2083 1411 2137 sicut
1439 2091 1563 2136 ante
1589 2083 1767 2136 omnia
1796 2097 1900 2136 sa:-

2088 817 2142 868 ti.
2171 813 2235 867 Et
2261 815 2492 888 idcoltic
2515 816 2713 888 dicitur
2742 816 2961 871 {Eterne
2994 817 3150 880 Deus,
3179 818 3298 886 quia
3322 832 3419 873 nec
3442 820 3605 888 cmpit

2012 897 2172 957 esse,
2230 900 2327 957 nec
2377 885 2574 940 de~init
2626 902 2776 951 esse,
2831 888 2924 943 sed
2968 885 3330 957 semperest.
3386 885 3544 943 Deus'
3574 906 3605 944 a

2010 952 2273 1027 diligendo
2288 957 2522 1027 ilicitur,
2557 957 2678 1023 quia
2708 960 2887 1012 omnia
2916 952 3120 1026 diligit,
3153 969 3203 1011 et
3230 960 3514 1027 gubernat,
3548 971 3603 1014 ct

2010 1026 2231 1098 creavit.
2288 1025 2354 1079 Et
2380 1027 2534 1080 aliter
2564 1028 2702 1081 Deus
2734 1045 2760 1080 a
2804 1029 3082 1084 divinitate
3111 1025 3283 1083 dictus
3311 1038 3425 1095 est,
3477 1030 3602 1098 quia

2011 1094 2222 1217 diﬁuus
2252 1107 2335 1152 est
2358 1138 2373 1163 ,
2424 1107 2480 1152 et
2509 1098 2684 1151 omnia
2707 1099 2838 1165 scit,
2882 1112 2938 1155 et
2976 1102 3154 1155 ouinia
3184 1094 3419 1167 dividit,
3445 1094 3603 1170 prout

2011 1179 2073 1217 VII
2128 1206 2139 1217 .

2008 1174 2139 1217 Vltlt.

2078 1237 2130 1288 7.
2156 1234 2258 1290 Per
2270 1237 2528 1291 Christum
2556 1237 2829 1291 Dominum
2854 1250 3106 1297 nostrum.
3131 1238 3368 1294 Christus
3391 1239 3598 1305 Grazce,

2010 1304 2195 1361 Latine
2222 1315 2405 1361 unctus
2437 1309 2651 1362 dicitur.
2688 1310 2783 1362 llic
2811 1311 3056 1364 Christus
3083 1324 3208 1365 ante
3240 1311 3418 1364 omnia
3452 1304 3600 1366 initia

2005 1391 2036 1451 ri
2072 1377 2224 1451 Patre
2269 1379 2706 1451 inenarrabiliter
2726 1381 2939 1451 genitus
2980 1391 3087 1447 est,
3112 1384 3250 1450 quod
3278 1382 3547 1451 placuitei
3580 1399 3595 1435 :

2004 1447 2234 1515 Spiritus
2261 1460 2478 1503 sanctus
2508 1447 2652 1520 venit
2677 1452 2727 1501 in
2756 1450 2972 1504 Mariam
3008 1447 3304 1520 virginem,
3352 1459 3407 1504 et
3446 1452 3599 1506 unxit

2006 1520 2255 1590 unctione
2297 1520 2474 1572 divina
2522 1518 2638 1586 ejus
2676 1529 2883 1573 uterum
2909 1562 2922 1584 ,
2975 1531 3027 1575 et
3079 1518 3372 1590 conceptus
3412 1530 3495 1576 est
3533 1522 3600 1577 de

2004 1588 2208 1661 Spiri'u
2235 1600 2442 1654 sancto,
2469 1600 2525 1644 et
2546 1600 2700 1661 natus
2724 1591 2986 1661 exHMaria
3021 1592 3249 1661 virgine.

2079 1660 2128 1711 8.
2184 1661 2313 1712 Nam
2363 1672 2418 1713 et
2467 1661 2520 1713 in
2556 1660 2727 1714 Veteri
2780 1659 3126 1716 Testamento
3178 1661 3490 1715 sacerdotes
3544 1671 3599 1717 et

2004 1743 2159 1801 reges
2205 1731 2560 1798 ungebautttr,
2614 1744 2666 1785 et
2714 1731 2834 1785 ideo
2882 1732 3061 1785 christi
3092 1732 3430 1797 dicebantur,
3475 1735 3597 1801 quia

2002 1799 2151 1853 uncti
2200 1809 2355 1871 erant
2399 1802 2651 1855 unctione
2696 1803 2990 1871 temporali.
3029 1803 3131 1857 Iste
3173 1801 3455 1870 Christus,
3496 1799 3598 1870 per

2002 1883 2163 1937 quem
2200 1870 2340 1923 Patri
2368 1876 2566 1939 gratias
2605 1870 2836 1938 agimus,
2869 1875 3183 1927 a'ternaliter
3206 1871 3442 1925 Christus
3484 1883 3594 1937 est,

2000 1949 2227 2011 etgcum
2280 1941 2436 1995 Patre
2490 1953 2725 1995 aiternus
2772 1943 2945 1997 dietus
2998 1954 3122 2008 est;
3168 1952 3222 1995 et
3273 1958 3366 2011 per
3422 1944 3595 2011 ipsunt

2001 2008 2261 2084 redempti
2292 2026 2476 2084 smnus
2497 2051 2512 2074 ,
2562 2028 2655 2077 per
2681 2029 2838 2080 quem
2874 2014 3013 2068 Patri
3043 2015 3239 2084 gratias
3270 2008 3509 2081 agimus;
3540 2023 3596 2069 et

2004 2078 2118 2153 ipse
2161 2079 2419 2136 Dominus
2442 2081 2586 2136 Deus
2610 2078 2793 2137 noster
2810 2093 2910 2143 est.
2935 2078 3386 2153 qttia'dotnittatttr
3414 2083 3593 2138 nobis.

316 2154 432 2229 ciila
465 2154 516 2206 iu
559 2152 760 2229 dolente
792 2147 1180 2229 luit,_e_t.vix_it,
1222 2153 1296 2207 ita
1326 2162 1381 2208 et
1423 2153 1479 2229 in
1506 2155 1753 2229 prmseuti
1786 2168 1894 2207 ειε-
1928 2166 1971 2226 B
2005 2147 2277 2229 fer-quem
2307 2154 2625 2223 mujestatem
2649 2166 2790 2229 tuam
2816 2147 3031 2229 laudant
3060 2152 3252 2229 ein/eli.
3286 2154 3387 2229 Per
3420 2156 3593 2219 ipsttttt

315 2224 456 2287 culo,
489 2232 541 2276 et
570 2223 621 2275 in
654 2222 852 2288 futuro,
885 2224 972 2275 ttbi
1000 2222 1127 2291 justi
1159 2238 1279 2277 cum
1310 2223 1512 2293 angelis
1549 2224 1749 2276 sanctis
1781 2238 1897 2291 per-

313 2293 630 2357 manebunt,
662 2303 713 2346 et
746 2293 926 2363 injusti
952 2309 1073 2346 cum
1098 2294 1313 2348 diabolo
1340 2294 1742 2356 cruciabuutur,
1776 2308 1895 2348 cre-

313 2365 471 2417 datur
508 2363 786 2429 aequaliter
816 2364 998 2417 vivere
1025 2379 1145 2418 cum
1176 2363 1354 2429 Patre,
1378 2373 1431 2418 et
1456 2363 1654 2431 Spiritu
1682 2374 1892 2429 sancto,

312 2446 366 2488 et
413 2434 560 2488 nullo
591 2434 694 2487 line
737 2433 1008 2488 concludi.
1054 2436 1213 2487 Amen
1254 2433 1592 2488 conﬁrmatio
1637 2435 1896 2489 orationis

311 2514 394 2558 est
442 2520 472 2557 a
514 2506 730 2574 populo,
762 2514 817 2559 et
864 2504 916 2558 in
976 2516 1155 2558 nostra
1207 2506 1381 2574 lingua
1434 2504 1651 2571 intelligi
1697 2514 1891 2571 potest,

312 2574 463 2643 quasi
492 2590 680 2629 omnes
724 2575 942 2628 dicant:
974 2573 1040 2628 Ut
1087 2576 1159 2628 ita
1196 2573 1304 2641 fiat,
1340 2575 1470 2627 sicut
1495 2574 1735 2627 sacerdos
1778 2591 1897 2626 ora-
1946 2634 1949 2639 ι

312 2645 543 2766 Ἀριβαθᾶ
592 2647 807 2715 propria
848 2643 965 2715 ejus
1011 2646 1380 2714 interpretatio
1429 2655 1550 2700 est:
1589 2643 1735 2713 Vere,
1781 2646 1896 2700 sive

387 2731 413 2765 ε
438 2725 553 2766 iter.

310 2716 553 2781 ﬁdeliter.

381 2787 437 2840 3.
480 2785 701 2839 Sursum
745 2785 924 2839 corda.
970 2785 1235 2841 Admonet
1274 2785 1527 2839 sacerdos
1557 2785 1805 2855 populum
1840 2795 1896 2842 ut

308 2871 536 2921 sursum,
567 2855 616 2909 id
649 2864 753 2918 est,
782 2870 941 2924 supra
971 2857 1341 2923 semetipsum,
1376 2858 1440 2909 ad
1475 2857 1757 2910 Dominum
1782 2874 1897 2911 om-

309 2930 638 2996 nipotentem
669 2925 831 2996 corda
865 2928 1040 2981 levent
1085 2937 1140 2981 et
1173 2927 1397 2980 lideliter
1429 2936 1604 2991 orent,
1636 2927 1775 2996 quod
1802 2929 1897 2981 de-

307 3012 523 3049 sursum
554 2995 633 3050 eis
656 2995 831 3049 veniat
870 2998 1120 3050 auxdinm
1153 3013 1181 3050 a
1216 2997 1439 3050 Domino
1468 2999 1697 3060 cmlesti,
1730 3014 1756 3049 a
1791 3013 1896 3064 quo

309 3067 539 3134 (omnia)
588 3078 765 3121 creata
814 3078 956 3121 sunt.
1002 3066 1262 3120 Ilabemus
1317 3067 1385 3119 ad
1433 3066 1734 3120 Dominum.
1788 3068 1895 3122 lte-

309 3138 535 3205 sponsio
567 3137 766 3204 p0pttli,
817 3138 958 3204 quod
1009 3139 1147 3191 sicut
1174 3139 1428 3191 sacerdos
1464 3137 1627 3206 jussit
1656 3153 1749 3190 eos
1777 3155 1897 3192 sur-

308 3223 428 3262 sum
467 3207 627 3261 corda
661 3218 864 3268 tenere.
916 3208 994 3261 sic
1041 3209 1273 3262 retinere
1315 3210 1653 3276 prolitentur.
1688 3208 1897 3263 Gratias

308 3294 527 3350 egemus
575 3277 798 3350 Domino
832 3278 939 3332 Deo
987 3290 1196 3350 nostro._
1236 3277 1502 3350 Sacerdos
1546 3280 1745 3349 gratias
1785 3284 1893 3350 agit

308 3348 422 3401 Deo
443 3347 593 3417 juxta
620 3349 1005 3416 professionem
1041 3348 1240 3416 p0puli.
1272 3349 1391 3417 quia
1417 3347 1695 3404 confessus
1720 3347 1894 3405 estad

309 3419 593 3488 Dominum
640 3431 701 3471 se
743 3431 863 3473 esse
890 3420 1171 3473 intentum.
1209 3418 1432 3488 Dignum
1472 3429 1519 3472 et
1556 3421 1755 3486 justum
1797 3430 1889 3476 est.

310 3486 544 3560 Populus
571 3503 689 3560 cum
717 3488 997 3543 sacerdote
1025 3489 1179 3541 simul
1205 3486 1401 3558 gratias
1430 3490 1537 3543 aiit
1574 3490 1702 3554 Deo,
1734 3507 1892 3560 quem

305 3556 449 3628 iusta
480 3569 530 3612 et
569 3558 725 3630 digna
758 3560 1002 3614 oratione
1042 3560 1154 3614 Deo
1182 3556 1376 3630 gratias
1409 3561 1629 3625 rel‘erre,
1663 3556 1782 3626 quia
1827 3563 1894 3615 ab

307 3629 429 3687 ipso
473 3631 650 3684 omnia
700 3628 835 3683 bona
890 3628 1225 3699 suscepimus
1274 3631 1329 3684 in
1380 3631 1601 3685 nomine
1656 3631 1891 3687 Domini.

304 3702 500 3754 Amen.

379 3773 435 3825 4.
485 3768 615 3823 Vere
644 3770 856 3839 dignum
887 3778 932 3822 et
954 3772 1155 3842 justum
1200 3780 1293 3833 est,
1326 3787 1527 3840 a’quum
1555 3781 1601 3824 et
1642 3772 1890 3825 salutare.

305 3838 605 3895 Conﬁrmat
659 3838 911 3895 sacerdos
955 3838 1351 3909 professionem
1384 3838 1614 3910 populi,
1664 3852 1718 3896 et
1761 3843 1893 3898 dicit

303 3912 447 3979 quod
476 3925 599 3965 vere
629 3911 845 3980 dignum
872 3912 1140 3979 etjustunt
1173 3921 1254 3965 est
1280 3912 1389 3966 Deo
1413 3913 1610 3977 gratias
1642 3930 1739 3979 pro
1771 3929 1892 3966 otn-

301 3981 464 4036 ttibus
502 3980 735 4046 referre;
777 3990 829 4035 et
859 3983 997 4048 quod
1031 3997 1243 4051 :equum
1293 3994 1397 4047 est,
1433 3983 1533 4036 hoc
1562 3993 1644 4036 est
1671 3993 1889 4048 rectum,

303 4051 419 4105 sive
444 4052 675 4122 (equote;
707 4067 768 4104 ac
796 4054 1044 4115 salutare,
1095 4055 1195 4105 hoc
1225 4061 1326 4111 est,
1356 4052 1528 4107 salute
1565 4055 1801 4121 plenum,
1837 4066 1895 4109 ut

302 4122 354 4175 ei
386 4127 590 4190 gratias
632 4125 927 4176 reteramus
954 4123 1040 4189 qui
1090 4124 1244 4175 nobis
1291 4122 1516 4177 salutem
1548 4124 1693 4177 dedit
1738 4137 1894 4178 teter-

303 4209 453 4245 nam.
486 4191 599 4246 Nos
629 4194 718 4245 tibi
760 4207 957 4262 semper
993 4203 1041 4245 et
1082 4192 1263 4259 ubique
1302 4194 1495 4261 gratias
1545 4210 1713 4262 agere.
1747 4195 1890 4248 Con-

305 4276 496 4315 versus
526 4262 781 4333 sacerdos
811 4263 876 4316 ad
913 4263 1196 4316 Dominum
1232 4273 1351 4329 post
1379 4262 1763 4331 professionem
1799 4281 1892 4333 po-

304 4333 440 4401 puli,
465 4332 619 4401 qnasi
649 4334 713 4386 ad
749 4343 1066 4399 praesentem
1101 4333 1354 4401 loquitur,
1379 4350 1498 4401 quia
1526 4336 1577 4387 in
1611 4332 1890 4398 prmseritia

305 4403 520 4456 Domini
549 4417 760 4475 setnper
791 4418 996 4475 sumus,
1030 4414 1083 4457 et
1115 4404 1229 4473 ipse
1258 4407 1399 4457 videt
1426 4404 1779 4475 cogitationes
1798 4422 1892 4457 no-

302 4481 469 4536 stras,
512 4481 567 4528 et
596 4474 726 4527 dicit
762 4473 1036 4543 sacerdos,
1066 4484 1168 4526 tant
1201 4475 1269 4528 de
1297 4489 1356 4528 se
1405 4473 1564 4543 quam
1597 4478 1662 4527 de
1695 4479 1890 4543 populo

305 4543 509 4612 gratias
533 4559 712 4609 agere.
750 4540 990 4608 Domine,
1023 4546 1145 4611 quia
1183 4540 1486 4597 dominator
1515 4558 1597 4599 est
1626 4540 1888 4612 omnium,

304 4621 362 4665 et
402 4615 505 4667 sub
533 4613 649 4683 ejus
701 4615 1062 4670 dominatione
1110 4617 1286 4670 omnia
1331 4626 1473 4671 sunt.
1506 4616 1714 4681 Sancte,
1763 4618 1889 4686 quia

302 4694 526 4739 sanctus
572 4693 676 4751 est,
723 4695 777 4741 et
826 4703 919 4755 per
948 4703 1107 4757 quem
1152 4688 1328 4757 omnia
1363 4697 1546 4757 sancta
1591 4696 1734 4752 sunt,
1769 4690 1887 4755 quia

302 4758 485 4811 omnia
515 4768 699 4812 sancta
742 4768 795 4812 et
828 4755 979 4811 bona
1009 4759 1224 4811 creasti.
1281 4756 1437 4811 Pater
1476 4755 1658 4812 GratCe
1694 4760 1890 4812 dicitur

303 4837 482 4895 pater,
510 4830 694 4884 Latine
716 4830 932 4898 genitor,
954 4828 1072 4897 quia
1096 4829 1209 4895 ipse
1232 4831 1414 4898 genuit
1440 4828 1627 4882 Filium
1651 4831 1767 4885 sine
1784 4831 1887 4884 ulla

302 4898 762 4967 coinquinatioue,
794 4915 886 4953 seu
922 4904 1285 4964 corruptione.

379 4966 633 5023 5.7Pater
656 4970 842 5025 Latine
871 4985 899 5023 a
931 4970 1185 5038 patrando
1212 4972 1425 5037 dicitur,
1454 4970 1556 5025 hoc
1581 4980 1683 5033 est,
1712 4986 1741 5024 a
1767 4986 1883 5039 pcr-

306 5043 587 5110 petrando,
629 5043 767 5109 quod
821 5052 905 5094 est
954 5055 984 5094 a
1034 5042 1375 5109 perliciendo,
1431 5044 1511 5095 vel
1558 5043 1882 5110 adjttvando,

304 5107 449 5181 quia,
479 5109 593 5178 ipse
632 5107 758 5164 fecit
815 5112 989 5163 omnia
1035 5107 1161 5180 qua:
1203 5114 1340 5165 facta
1372 5123 1515 5165 sunt.
1563 5107 1639 5165 Et
1663 5114 1885 5181 adjuvat

304 5180 484 5233 omnia
530 5196 649 5249 qua:
679 5180 925 5249 adjuvata
968 5192 1115 5245 sunt,
1147 5194 1201 5235 et
1249 5182 1417 5236 voluit
1449 5196 1545 5235 nos
1587 5180 1883 5238 lilios’suos

307 5250 423 5321 lieri
453 5250 862 5321 adoptivosper
892 5252 1394 5313 sanctilicatiouem.
1425 5268 1524 5321 qua
1559 5253 1649 5307 ille
1680 5256 1883 5309 sancti-

308 5319 491 5391 βρωτὴ
544 5336 662 5375 nos.
725 5320 1091 5391 Otimipotens;
1147 5326 1397 5390 quoniam
1444 5319 1624 5377 omnia
1684 5336 1879 5390 potest,

304 5385 431 5463 ideo
460 5394 797 5459 omnipotens
826 5385 1041 5456 dicitur,
1062 5385 1126 5463 iet
1145 5385 1248 5446 non
1276 5402 1361 5447 est
1391 5385 1716 5460 impossibile
1741 5385 1880 5463 apud

306 5458 475 5514 Deum
521 5477 680 5516 omne
724 5464 966 5517 verbum.
1002 5462 1215 5516 aliterue
1252 5464 1424 5529 Deus;
1469 5458 1575 5518 hoc
1613 5475 1695 5520 est
1747 5458 1889 5520 inter

303 5538 567 5585 teternmn
616 5542 669 5585 et
722 5541 1034 5604 perpetuum
1065 5534 1224 5604 223
1245 5545 1298 5587 et
1341 5535 1654 5603 tetttporalc.
1705 5534 1886 5591 [Etet--

302 5615 434 5671 nutn
477 5612 559 5655 cst
596 5604 737 5671 quod
784 5602 995 5656 initium
1029 5602 1346 5666 notTltaltet,
1379 5602 1477 5660 nec
1524 5609 1682 5659 tinent
1721 5607 1887 5661 habe-

304 5668 403 5731 bzl,
445 5672 538 5726 sed
571 5668 783 5742 setnper
814 5674 935 5735 fuit,
984 5681 1037 5726 et
1067 5683 1171 5737 est,
1202 5683 1255 5727 et
1282 5678 1401 5728 erit.
1452 5676 1770 5741 Perpetuum
1804 5688 1885 5731 cst

302 5744 443 5820 qinnl
476 5757 594 5820 esse
621 5747 903 5820 coepit,_ct_
930 5745 1086 5820 linem
1130 5760 1258 5820 non_
1280 5745 1515 5820 habebit.
1564 5747 1885 5820 Temporalc

302 5818 385 5865 cst
413 5813 551 5882 quod
581 5808 785 5870 initium
820 5816 1023 5881 habuit,
1056 5822 1109 5871 et
1141 5808 1297 5871 litteitt
1328 5817 1565 5873 habebit.

2000 2221 2287 2293 Christum,
2325 2221 2421 2290 per
2441 2239 2598 2289 quem
2616 2227 2816 2293 gratias
2841 2226 3049 2293 agimus
3070 2221 3232 2287 Patri,
3258 2225 3595 2289 majestatem

2000 2289 2169 2365 Patris
2201 2289 2415 2365 laudant
2446 2289 2653 2361 Angeli,
2697 2297 2816 2363 quia
2844 2289 2954 2363 ipse
2981 2297 3201 2365 mqualis
3228 2305 3310 2348 est
3342 2294 3505 2365 Patri,
3532 2296 3583 2348 in

1997 2359 2296 2419 divinitate.
2344 2359 2595 2434 Majcstas
2624 2359 2648 2427 ,V
2692 2359 2812 2433 quia
2853 2359 3023 2433 major
3048 2359 3163 2419 'est
3201 2373 3437 2431 potestas
3480 2364 3576 2417 Dei

1997 2445 2155 2503 quam
2234 2434 2530 2487 hominum.
2611 2434 2704 2489 Dei
2764 2435 3101 2503 majestatem
3157 2449 3253 2502 per
3320 2434 3591 2487 Christum

1997 2499 2212 2624 laudent
2241 2504 2439 2574 angeli,
2472 2502 2594 2573 quia
2625 2499 2864 2559 Christus
2887 2506 3042 2558 simul
3071 2499 3186 2558 cum
3217 2503 3374 2558 Patre
3402 2513 3589 2559 creavit

1997 2585 2129 2624 unae
2153 2588 2228 2624 os.

1997 2585 2228 2641 angelos.

2069 2640 2121 2696 il.
2144 2642 2368 2713 Angelus
2385 2644 2526 2698 enim
2543 2640 2751 2707 Griece,
2766 2644 2951 2699 Latine
2965 2645 3171 2698 nuntius
3185 2645 3588 2713 interpretatur.

1998 2713 2239 2780 Angelus
2266 2730 2458 2767 nomen
2479 2726 2558 2767 est
2574 2713 2758 2777 oflicii,
2784 2730 2887 2768 non
2906 2725 3132 2778 natura-,
3156 2730 3272 2781 qua:
3287 2715 3589 2778 annuntiat,

1998 2784 2094 2854 sed
2131 2785 2451 2838 naturaliter
2479 2786 2700 2854 spiritus
2739 2795 2885 2839 sunt.
2919 2784 3151 2838 Aderant
3192 2785 3589 2838 dominationes.

1998 2853 2330 2922 blajestatem
2363 2854 2452 2909 Dei
2505 2853 2679 2909 Patris
2704 2872 2795 2923 per
2825 2855 3016 2911 Filium
3046 2854 3261 2908 laudant
3285 2865 3339 2907 et
3367 2855 3594 2908 adimant

1998 2924 2415 2979 dominationes.
2478 2927 2875 2981 Dontiuationes
2934 2927 3069 2979 ordo
3119 2934 3203 2981 est
3254 2925 3588 2993 angelorum.

2000 2994 2194 3047 Decem
2246 2994 2461 3049 fuerunt
2508 2998 2728 3051 ordines
2769 2996 3103 3065 angelorum.
3156 2995 3403 3048 Decimus
3454 2995 3589 3051 ordo

1998 3066 2191 3137 cecidit
2230 3077 2284 3121 et
2330 3082 2515 3121 versus
2571 3076 2653 3121 est
2710 3082 2803 3137 per
2841 3067 3147 3135 Superbiam
3193 3068 3246 3119 itt
3292 3066 3584 3137 diabolum.

2000 3135 2203 3190 Novem
2234 3147 2412 3190 autent
2446 3134 2854 3204 permanserunt
2886 3134 2940 3191 in
2974 3136 3257 3192 sanctitate
3305 3151 3423 3189 sua.
3461 3134 3587 3189 llaec

1999 3215 2124 3279 sunt
2156 3209 2371 3279 nomina
2418 3223 2604 3262 eorum
2628 3253 2642 3277 ,
2674 3210 2883 3279 angeli,
2932 3206 3240 3279 archangeli
3266 3247 3290 3279 ,Α
3315 3206 3541 3260 virtutes
3570 3246 3586 3272 ,

2002 3276 2377 3347 principatus,
2446 3276 2784 3347 potestates,
2853 3279 3032 3332 throni
3069 3319 3083 3339 ,
3149 3277 3586 3340 dontinattones,

1998 3346 2272 3401 cln-rubitn
2299 3388 2313 3409 ,
2366 3346 2659 3415 serapltim.
2693 3349 2921 3403 Istorum
2953 3348 3181 3400 duorum
3216 3348 3431 3400 nomina
3480 3362 3587 3400 nou

1998 3427 2124 3470 sunt
2155 3418 2364 3494 Latina.
2388 3416 2999 3494 Cherubitnhplenitudo
3041 3417 3265 3494 scientia:
3317 3417 3585 3494 interpre-

1947 3519 1967 3543 η
2004 3494 2163 3539 tatur.
2213 3488 2491 3555 Serapbim
2524 3485 2817 3541 incendium
2852 3489 3067 3542 dicitur.
3109 3485 3315 3541 Caetera
3366 3485 3583 3539 nomina

1999 3557 2425 3625 supradictorutn
2457 3560 2704 3612 ordinum
2735 3569 2857 3613 sunt
2888 3558 3097 3621 Latina,
3129 3558 3235 3611 nisi
3268 3556 3581 3627 angelorum

1997 3640 2050 3681 et
2083 3628 2546 3700 archangelorum.
2581 3630 2769 3700 Angcli
2803 3630 2998 3695 nuntii,
3025 3627 3339 3699 archangeli
3380 3628 3585 3683 excelsi

1999 3698 2171 3752 nuntii
2194 3700 2630 3754 denominantur.

2070 3771 2154 3824 10.
2206 3770 2495 3839 Gregorius
2552 3780 2728 3824 autem
2762 3784 2897 3839 papa
2942 3769 3218 3825 Romanus
3268 3768 3320 3822 in
3362 3768 3583 3823 ltomilia

1996 3853 2089 3893 sua
2138 3856 2298 3908 super
2326 3841 2682 3908 evangeltcam
2717 3838 3002 3896 lectionem
3038 3858 3051 3892 :
3085 3839 3250 3892 Erant
3288 3838 3581 3906 appropin-

1992 3921 2209 3980 quantes
2237 3911 2305 3961 ad
2335 3908 2511 3963 Jesmn
2542 3910 2823 3965 Publiceni
2848 3922 2894 3965 et
2926 3921 3239 3980 peccatores,
3268 3919 3322 3962 ut
3345 3913 3581 3980 audirent

1994 3979 2165 4044 illam,
2193 3979 2498 4049 plenissime
2522 3983 2588 4035 de
2612 3982 2693 4035 his
2718 3979 2996 4035 ordinibus
3019 3979 3290 4048 exposuit.
3320 3979 3427 4032 Nos
3451 3993 3582 4049 vero

1994 4054 2061 4103 ad
2112 4048 2440 4117 propositum
2493 4053 2796 4106 redeamus.
2855 4051 3101 4105 Tremunt
3152 4057 3447 4116 potestates.
3506 4048 3583 4104 De

1994 4120 2314 4188 supradictis
2344 4120 2620 4176 ordinibus
2649 4122 2843 4176 dicitur
2876 4139 2890 4177 :
2924 4136 3030 4175 non
3064 4121 3187 4174 ideo
3218 4122 3379 4183 dicit,
3434 4118 3579 4188 quod

1992 4191 2281 4261 supradicti
2314 4192 2532 4246 ordines
2571 4193 2883 4261 corporales
2911 4192 3048 4255 sint,
3083 4194 3177 4246 sed
3208 4202 3394 4245 nostro
3427 4206 3580 4245 more

1992 4260 2143 4324 dicit,
2169 4263 2290 4330 quia
2307 4278 2404 4314 nos
2428 4272 2654 4317 tremere
2671 4260 2733 4318 ac
2752 4265 3077 4317 timereante
3097 4264 3342 4316 dominos
3365 4271 3580 4314 nostros

1992 4334 2246 4386 solemus.
2281 4332 2388 4385 Sed
2418 4334 2536 4387 ideo
2558 4334 2682 4389 dicit
2710 4344 2965 4398 tremere,
2998 4341 3058 4387 ιιι
3086 4350 3182 4387 nos
3212 4332 3580 4401 intelligamus

1993 4403 2169 4454 omnia
2234 4404 2501 4466 caelestia,
2543 4416 2595 4458 et
2642 4405 2937 4469 terrestria,
2982 4414 3038 4457 et
3084 4404 3410 4473 interualla,
3454 4419 3581 4457 an.e

1992 4484 2339 4542 conspectum
2383 4474 2578 4529 divitia:
2610 4476 2904 4543 Majestatis
2936 4485 2972 4529 tt
2987 4490 3169 4528 emere
3200 4490 3262 4527 ac
3294 4476 3504 4526 titul-re.

2066 4540 2153 4597 HV.
2206 4543 2331 4598 Caeli
2381 4540 2724 4616 “clarumque
2770 4547 3001 4600 virtutes.
3053 4545 3153 4612 Ipsi
3206 4544 3327 4599 caeli
3384 4540 3577 4616 visioni

1991 4612 2183 4669 divina:
2240 4616 2535 4686 obcdtunt,
2592 4612 2717 4686 quia
2772 4633 2831 4670 se
2879 4615 3163 4686 ostendere
3222 4628 3442 4686 screnos:
3492 4613 3576 4686 vel

1993 4687 2279 4740 nebulosus
2324 4704 2426 4741 non
2471 4683 2670 4743 habent
2719 4696 3057 4757 potestatem.
3101 4684 3372 4737 CtBloI'unt
3411 4683 3576 4754 224.

1992 4760 2213 4811 virtutes
2258 4766 2382 4812 sunt
2424 4760 2714 4827 supradicti
2759 4758 2980 4811 ordines
3030 4757 3379 4824 angelorum,
3435 4764 3575 4807 Sicut

2000 4828 2289 4891 Gregorius
2314 4838 2537 4885 testatur
2569 4831 2619 4882 itt
2654 4829 2868 4881 ltomilia
2897 4842 2990 4880 sua
3020 4842 3181 4894 super
3209 4828 3573 4892 etattgvlicattt

1998 4899 2276 4953 lectionem
2324 4915 2337 4950 :
2374 4899 2535 4954 Erunt
2577 4900 2725 4969 signa
2769 4899 2822 4951 in
2858 4900 2995 4960 sole,
3048 4896 3172 4949 luna
3214 4908 3259 4949 et
3289 4897 3470 4969 stellis.
3503 4896 3576 4947 Ac

1994 4971 2140 5023 brato
2186 4970 2463 5035 scrapltim.
2514 4971 2589 5023 De
2626 4966 2894 5036 Serapltiut
2940 4984 3169 5036 namque
3203 4966 3568 5036 supradictqu

1994 5050 2097 5096 est.
2131 5039 2284 5095 Socia
2312 5041 2653 5094 exsultatione
2683 5035 3054 5093 concelebrant.
3087 5035 3284 5093 Omnes
3316 5035 3571 5106 pradica—

1994 5121 2137 5166 tores
2173 5111 2523 5179 .majestateut
2587 5110 2680 5164 Dei
2736 5110 2905 5164 Patris
2958 5125 3051 5179 per
3098 5109 3370 5179 Cbertum
3420 5107 3574 5161 unita

1992 5178 2351 5235 exsultatione
2398 5182 2677 5251 tequaliler
2731 5178 3129 5237 concelebrant.
3185 5178 3311 5233 Cum
3367 5180 3572 5251 qeibus.

1990 5252 2119 5306 Haec
2148 5262 2231 5307 est
2261 5249 2577 5320 supplicatio
2618 5260 2800 5305 nostra
2831 5293 2847 5317 ,
2895 5263 2953 5306 ut
2984 5252 3101 5320 ipse
3141 5250 3381 5305 C(elcsns
3413 5249 3570 5320 Pater

1993 5338 2085 5391 per
2105 5322 2372 5377 Christum
2400 5325 2591 5377 Filium
2610 5338 2787 5387 suum,
2814 5319 3084 5389 terquem
3115 5337 3211 5374 nos
3234 5321 3300 5373 de
3319 5319 3572 5374 oatnibus

1991 5395 2039 5448 ei
2067 5397 2264 5463 gratias
2292 5394 2517 5463 agimus,
2549 5396 2795 5462 dignetur
2815 5395 3100 5446 admittere
3126 5406 3288 5445 voces
3318 5402 3561 5455 nostras,

1992 5478 2044 5519 et
2069 5467 2292 5534 jungere
2321 5467 2536 5519 vocibus
2561 5466 2932 5531 praedictorum
2957 5465 3203 5534 ordinum
3228 5463 3559 5534 angelorum.

2062 5530 2152 5589 Η.
2174 5530 2435 5605 Ἑιῳριὶσί
2466 5536 2696 5604 confessi
2718 5552 2780 5588 ne
2804 5535 3050 5587 dicentes.
3098 5532 3208 5586 Hoc
3233 5530 3347 5593 est,
3380 5530 3571 5584 humili

1989 5606 2346 5660 confessioiie.
2384 5609 2520 5671 Quid
2567 5607 2819 5659 humilms
2859 5606 3103 5658 coiilitcri
3138 5619 3297 5672 quant
3329 5610 3567 5655 nosmet-

1992 5677 2135 5745 ipsos
2176 5687 2377 5731 aeterno
2399 5677 2536 5730 l’atri
2563 5693 2653 5743 per
2674 5676 2867 5730 Filium
2886 5686 3145 5730 internum
3162 5674 3570 5735 commendare,

1988 5761 2043 5802 et
2088 5748 2155 5802 de
2193 5756 2372 5800 nostra
2412 5749 2737 5801 conscittttia
2780 5746 2862 5800 vel
2908 5748 3141 5799 bonitate
3185 5745 3312 5796 nilttl
3362 5758 3571 5812 pra-su-

1992 5836 2161 5886 mere,
2192 5830 2245 5874 et
2267 5818 2420 5889 justi
2451 5836 2610 5877 voces
2633 5818 2896 5887 angelieas
2920 5835 3040 5873 eum
3073 5831 3287 5886 semper
3318 5828 3565 5872 Sanctum
