4084 6160
333 329 468 387 ΗΜ)

1310 319 1599 383 APPEND.
1641 325 1776 381 Vlll.
1814 352 1884 364 —
1926 322 2146 381 EXPOS
2170 323 2286 381 TlO
2325 324 2388 380 IN
2431 324 2656 383 MISSA.

3457 329 3596 389 “50

332 447 526 502 dictam
551 481 565 507 ,
628 449 681 493 ct
710 437 905 513 habere
932 435 1243 513 ascriptam,
1276 436 1378 491 hoc
1399 446 1515 513 est,
1546 438 1905 513 assignatam,
1938 440 1984 494 A
2016 436 2121 488 Inui
2148 480 2165 513 ε
2214 436 2307 490 sed
2328 507 2338 513 _
2359 452 2395 513 a_
2420 436 2576 513 Patre
2618 436 3184 513 majestatiselevatns
3209 451 3315 504 est,
3338 443 3503 513 228
3529 443 3598 500 do

333 526 390 570 ιιι
418 514 517 569 sibi
556 506 813 581 'p‘aceat.“
837 508 1044 581 Italam,
1098 508 1199 561 hoc
1248 517 1330 561 cst
1352 548 1366 571 ,
1395 506 1715 581 iudicatam,
1738 515 1802 581 i_ii
1828 506 1908 581 di-

331 600 487 654 gnam
520 576 663 654 illam
704 579 908 654 judicet
948 579 999 632 iii
1030 587 1323 654 conspectu
1355 593 1452 631 suo
1482 577 1689 654 olferri.
1729 576 1907 654 Ratio-

332 645 574 715 nabilem,
601 645 740 719 justa
772 649 976 704 ratione
1007 651 1215 719 plenam
1250 646 1427 701 facere
1454 649 1741 719 dignetur,
1774 645 1908 719 quia

333 737 460 781 tunc
482 724 555 778 illi
582 717 663 777 est
690 719 1065 785 acceiitabilis,
1091 718 1134 771 si
1163 728 1308 772 recta
1341 718 1623 771 credentes
1654 733 1749 784 pro
1770 717 1910 784 insta

336 796 542 850 ratione
580 791 878 854 oli’erimus;
913 788 1112 856 justum
1155 799 1237 842 est
1267 789 1537 855 postulare
1562 797 1619 840 ut
1647 787 1733 841 illa
1763 787 1911 841 obla-

338 868 517 930 tione,
564 877 720 929 quain
768 875 865 915 nos
909 858 1294 930 rationabiliter
1325 858 1620 930 oderimus,
1669 866 1726 910 ut
1758 858 1913 910 Pater

337 928 672 1001 omnipotens
724 928 1324 1001 sanctiﬁcando‘laciat.
1357 928 1437 1001 με
1476 928 1622 1001 nobis
1651 944 1835 1001 corpus
1866 935 1912 980 et

338 995 551 1073 sanguis
604 1003 693 1070 ﬁat
722 1000 1034 1073 dilectissimi
1076 995 1305 1073 Filiitui
1346 996 1556 1073 Domini
1587 996 1914 1073 nostri__Jesu

340 1066 551 1131 Christi.
597 1066 735 1127 Patri
764 1070 992 1124 dilectus
1042 1077 1123 1122 est
1155 1068 1362 1129 Filius,
1413 1069 1552 1121 sicut
1602 1069 1714 1135 ipse
1759 1069 1915 1120 Pater

343 1155 570 1201 testatus
622 1152 703 1195 est
733 1141 796 1195 de
843 1141 1002 1204 coelo,
1033 1138 1217 1193 dicens
1270 1153 1285 1193 :
1320 1138 1421 1191 llic
1448 1147 1519 1192 est
1566 1136 1732 1191 Filius
1773 1153 1917 1190 meus

341 1218 579 1280 dilectus,
605 1222 736 1283 etc,
765 1209 981 1283 (Matth.
1031 1223 1109 1283 tu,
1145 1209 1357 1283 1]).‘Et
1398 1223 1495 1261 nos
1533 1223 1653 1262 eum
1696 1208 1917 1277 diligere

340 1278 618 1349 debemus,
653 1278 781 1352 quia
822 1281 936 1349 ipse
968 1279 1113 1350 prior
1137 1278 1323 1333 dilexit
1351 1293 1481 1343 nos,
1531 1290 1586 1333 et
1617 1292 1805 1348 passus
1834 1285 1920 1332 est

362 1373 440 1411 iro
465 1356 637 1411 nobis.

344 1375 694 1499 “0239350
742 1423 861 1490 Qui,
895 1419 1058 1490 Ρτῖάῖε
1100 1435 1255 1499 quain
1283 1427 1562 1491 pateretur,
1604 1418 1794 1499 accepit
1828 1436 1920 1499 pa-

342 1489 558 1551 nen—i—in
607 1489 808 1549 sanctas
862 1489 921 1544 ac
970 1489 1474 1550 venerabiles’manus
1526 1506 1684 1545 suas:
1716 1489 1921 1543 elevatis

343 1568 504 1621 oculis
527 1567 581 1619 in
610 1565 791 1618 caelum
819 1562 888 1616 ad
919 1573 965 1616 te
993 1560 1157 1615 Deum
1189 1560 1396 1615 Patrem
1427 1576 1576 1615 suum
1607 1561 1923 1626 omnipoten-

345 1647 467 1702 tem,
492 1637 580 1691 tibi
609 1636 803 1705 gratias
830 1649 984 1705 agens
1000 1632 1295 1705 benedixit,
1323 1632 1505 1703 fregit,
1529 1631 1665 1705 dedit
1694 1630 1921 1698 discipu-

344 1710 406 1761 lis
432 1709 561 1772 suis,
593 1702 765 1759 dicens
793 1719 809 1757 :
835 1702 1081 1769 Accipite,
1104 1712 1149 1754 et
1171 1702 1480 1755 manducate
1502 1718 1564 1755 ea:
1588 1702 1683 1755 hoc
1709 1717 1880 1754 omnes
1904 1717 1923 1755 :

2012 523 2118 574 quo
2148 507 2261 575 ipse
2291 507 2421 560 dixit
2448 508 2500 561 itt
2535 508 2826 579 Evangelio
2851 527 2864 562 :
2909 507 3023 579 Ego
3061 522 3110 564 et
3137 508 3296 564 Pater
3325 507 3587 567 {uiuim-

2012 593 2144 631 mus.

2083 646 2173 698 ‘27.
2218 645 2494 712 Olferimus
2528 648 2790 714 pra’claraz
2814 649 3072 710 Maiestati
3095 661 3196 705 tua:
3222 653 3287 704 de
3314 653 3415 706 tuis
3444 652 3594 706 donis

2013 734 2074 771 ac
2099 719 2230 789 dalis
2256 719 2470 771 hostiam
2501 735 2704 785 puram,
2733 720 2952 774 hostiam
2977 733 3231 789 sanctam,
3257 722 3471 775 hostium
3494 724 3593 776 im-

2016 785 2325 839 maculatum
2352 830 2367 853 ,
2423 805 2603 856 panem
2642 802 2877 843 sanctum
2908 794 3021 845 vita:
3049 785 3253 846 (eterna:
3276 834 3290 855 ,
3322 802 3366 845 et
3389 794 3598 847 calicem

2015 859 2196 932 salutis
2227 868 2503 932 perpetuae.
2548 861 2770 915 Domine
2795 902 2811 928 ,
2839 864 3075 915 omnium
3111 877 3380 917 memores
3406 876 3598 932 supra-

2016 929 2277 1001 dictarnm
2311 930 2603 983 bonitatum
2631 940 2862 996 tuarum,
2896 932 3171 987 oll‘erimus
3204 944 3306 987 tua:
3333 929 3597 1001 Maiestati

2019 998 2235 1052 hostium
2264 1015 2449 1064 puram
2472 1040 2485 1061 ,
2514 1001 2613 1054 hoc
2642 1010 2763 1066 est,
2812 1002 2878 1055 de
2908 1017 3133 1069 corpore
3163 1019 3316 1072 puro,
3352 998 3473 1063 quia
3504 1018 3601 1070 pu-

2020 1086 2134 1122 rum
2163 1080 2249 1142 est
2271 1085 2465 1142 corpus
2500 1080 2646 1125 tuum
2674 1112 2691 1135 ,
2722 1073 2864 1142 quod
2893 1073 2959 1126 de
2984 1074 3084 1127 hoc
3118 1089 3251 1141 pane
3285 1074 3397 1127 fieri
3424 1074 3598 1127 credi-

2020 1155 2160 1192 mus.
2203 1136 2441 1213 Hostiam
2486 1136 2754 1206 sanctam,
2798 1145 2921 1211 quia
2949 1152 3002 1197 tu
3033 1136 3375 1199 sanctilicasti
3405 1158 3602 1213 corpus

2021 1219 2168 1263 tuum
2198 1251 2211 1271 ,
2263 1210 2475 1280 quando
2532 1210 2903 1267 linininem’iu
2954 1214 3117 1268 Deum
3150 1210 3519 1280 assumpsisti;
3548 1222 3604 1267 et

2022 1294 2173 1353 nunc
2211 1279 2482 1353 sanctiﬁca
2536 1280 2678 1353 hunc
2730 1298 2916 1350 panem
2944 1324 2958 1347 ,
3010 1294 3065 1337 ut
3090 1300 3283 1353 corpus
3312 1279 3455 1337 tuum
3490 1284 3600 1337 ﬁat.

2024 1348 2263 1402 Hostiam
2308 1350 2692 1423 immaculatam
2717 1348 2742 1418 ,ἡ
2772 1354 2894 1421 quia
2930 1364 2982 1408 tu
3012 1355 3131 1411 sine
3160 1348 3366 1410 macula
3400 1355 3602 1423 peccati

2023 1435 2208 1489 passus
2238 1435 2295 1473 es
2320 1436 2414 1487 pro
2443 1420 2618 1474 nobis.

2091 1490 2185 1547 28.
2245 1490 2438 1544 Panem
2481 1501 2710 1562 sanctum
2758 1496 2873 1548 viae
2924 1504 3164 1560 teternce,
3197 1496 3318 1560 quia
3352 1502 3404 1547 tu
3450 1494 3604 1562 panis

2022 1561 2181 1615 vivus
2231 1575 2289 1615 es
2309 1602 2327 1629 ,
2375 1563 2463 1630 qui
2495 1561 2563 1616 de
2592 1566 2730 1617 coelo
2758 1566 3117 1630 descendisti,
3152 1573 3206 1619 et
3233 1579 3426 1630 corpus
3455 1561 3602 1618 iitum

2025 1632 2077 1685 in
2110 1633 2209 1685 hoc
2241 1647 2376 1699 pane
2416 1648 2446 1685 a
2499 1641 2550 1685 te
2593 1634 2925 1689 sanctificata
2955 1652 3053 1691 nos
3092 1638 3335 1701 accipere
3365 1633 3604 1697 voluisti,

2026 1711 2082 1755 et
2110 1718 2203 1770 per
2252 1703 2469 1756 calicem
2517 1706 2778 1771 passionis
2828 1715 2928 1759 tote
2977 1723 3072 1760 nos
3104 1708 3414 1772 sanguinem
3457 1716 3603 1758 tuum

346 1778 462 1832 Hoc
492 1788 563 1832 est
589 1778 727 1833 enim
757 1789 940 1842 corpus
964 1788 1161 1852 .meum.‘
1190 1772 1363 1852 Simili
1392 1772 1563 1852 modo,
1597 1780 1922 1852 posteaquam
1953 1793 2001 1852 Β
2030 1786 2250 1852 sumere
2283 1772 2486 1826 voluisti
2518 1813 2533 1836 ,
2564 1784 2615 1825 tu
2646 1774 2917 1852 sanctilica
2950 1775 3084 1852 hanc
3118 1777 3342 1852 linstiam
3368 1817 3384 1840 ,
3420 1782 3478 1827 ut
3508 1791 3606 1828 no-

346 1859 597 1903 cwnatum
637 1853 709 1900 est
733 1884 748 1909 ,
803 1843 997 1904 accepit
1048 1853 1094 1896 et
1142 1844 1276 1895 hunc
1299 1846 1603 1912 praclarum
1634 1841 1840 1895 calicem
1870 1843 1923 1894 in

345 1928 545 1973 sanctas
595 1933 656 1969 ac
700 1913 1003 1968 venerabiles
1050 1929 1229 1965 manus
1270 1929 1428 1967 suas:
1478 1914 1598 1964 item
1625 1912 1712 1964 tibi
1733 1912 1927 1981 gratias

344 2006 520 2058 agens,
548 1986 823 2049 benedixit,
850 1983 989 2036 dedit
1016 1981 1280 2058 discipulis
1302 1984 1429 2058 suis,
1454 1983 1625 2058 dicens
1644 1982 1923 2058 :Accipite,

346 2052 398 2112 εἷ
424 2059 575 2112 bibite
603 2073 665 2111 ea:
711 2072 769 2110 eo
800 2070 991 2107 omnes.
1055 2052 1161 2105 Ilic
1189 2061 1265 2106 est
1312 2053 1443 2106 enim
1488 2053 1623 2105 calix
1664 2053 1928 2121 sanguinis

346 2130 445 2182 mei
472 2128 587 2203 novi
631 2136 678 2180 et
717 2126 894 2179 trterni
926 2121 1231 2203 Testamenti
1257 2166 1272 2190 ,
1315 2126 1608 2203 mysterium
1626 2123 1759 2203 ﬁdei
1785 2161 1802 2188 ,
1842 2124 1929 2190 qui

348 2216 439 2269 pro
465 2198 603 2252 vobis
634 2208 689 2269 e_t_
724 2212 816 2264 pro
844 2194 1016 2269 multis
1043 2192 1337 2269 e/Iundetur
1439 2193 1785 2269 remissionem
1813 2210 1929 2262 pec-

346 2264 597 2323 catorum.
641 2265 768 2319 Hac
795 2264 1196 2335 quotiescunque
1223 2264 1445 2332 feceritis
1469 2304 1483 2331 ,
1530 2265 1583 2317 in
1613 2264 1710 2317 mei
1733 2280 1928 2318 memo-

348 2342 480 2393 riam
503 2338 719 2409 facietis.

419 2403 511 2463 24ξ
554 2409 703 2474 Quod
740 2405 1121 2460 intermisimus
1146 2445 1161 2469 ,
1204 2403 1292 2472 qui
1330 2404 1496 2473 pridie
1534 2421 1688 2474 quam
1732 2416 1930 2473 patere-

351 2491 451 2543 tur,
487 2482 590 2534 hoc
631 2486 717 2531 est
757 2478 926 2545 pridie
953 2489 1110 2544 quam
1143 2476 1255 2543 ipse
1288 2488 1473 2543 passus
1510 2485 1655 2530 esset
1702 2492 1796 2544 pro
1837 2494 1931 2530 no-

352 2550 456 2617 bis,
494 2550 661 2603 voluit
701 2548 909 2601 tradere
952 2546 1225 2617 discipulis
1266 2547 1380 2617 suis
1410 2559 1606 2612 corpus
1630 2556 1685 2600 et
1711 2548 1929 2613 sangui-

353 2614 472 2674 nein
504 2622 584 2675 sui
615 2662 629 2683 ,
659 2618 968 2688 mysterium
994 2658 1009 2681 ,
1043 2626 1097 2688 ut
1145 2614 1237 2688 illi
1265 2614 1541 2688 traderent
1569 2617 1741 2670 nobis.
1799 2617 1930 2684 Quis

352 2706 582 2760 unquam
637 2686 1070 2760 crederet_quod
1106 2687 1273 2760 panis
1320 2686 1931 2760 incarnetnpotuiss’et

350 2754 611 2820 converti,
644 2758 697 2813 in
724 2757 1035 2825 sanguinein
1069 2757 1272 2821 vinum;
1303 2754 1403 2809 nisi
1430 2758 1543 2824 ipse
1571 2754 1818 2812 Salvator
1848 2758 1932 2812 di-

352 2841 521 2896 ceret,
551 2831 639 2899 qui
670 2844 858 2899 panem
890 2836 943 2881 et
975 2827 1154 2880 vinuui
1180 2826 1409 2899 creavit,
1439 2835 1495 2879 et
1529 2829 1708 2899 omnia
1738 2844 1802 2899 ex
1850 2830 1931 2882 iii-

354 2902 465 2956 liilo
513 2897 674 2956 fecit?
739 2898 968 2952 Facilius
1019 2908 1102 2950 est
1143 2897 1343 2964 aliquid
1391 2911 1454 2951 ex
1504 2897 1682 2966 aliquo
1726 2898 1928 2963 facere,

354 2987 513 3041 quam
546 2970 722 3025 omnia
768 2984 830 3023 ex
867 2968 1282 3041 tiiliilo_creare.
1343 2965 1460 3041 Ipse
1487 2965 1737 3041 Salvattir
1768 2969 1933 3022 voluit

355 3038 549 3110 corpus
581 3043 868 3095 humanum
919 3038 1193 3101 suscipere
1219 3077 1233 3101 ,
1263 3048 1333 3110 _et
1363 3038 1632 3110 hominem
1653 3038 1931 3110 Deacon-

357 3107 614 3183 iungere,
664 3121 721 3183 ut
767 3125 901 3183 unus
931 3110 1083 3183 ﬁeret
1135 3108 1396 3183 mediator
1426 3107 1520 3161 Dei
1568 3118 1621 3162 et
1652 3108 1925 3163 hominum

378 3128 574 3183 ungere
599 3152 614 3174 ,
666 3128 721 3164 ιιι
767 3128 901 3163 unus
931 3128 1083 3163 IICI'CI
1135 3128 1396 3162 uteuiator
1426 3128 1520 3161 υθι
1568 3128 1621 3162 ει
1652 3128 1925 3163 ιιοιιὶηιιιιη

352 3128 520 3237 iiomo
548 3181 792 3236 Christus
817 3180 1002 3242 Jesus;
1053 3179 1169 3246 ipse
1210 3179 1380 3231 voluit
1408 3192 1500 3245 per
1531 3193 1628 3233 nos
1659 3193 1847 3248 panem
1880 3191 1933 3234 et

357 3255 538 3308 vinum
570 3250 751 3306 oll‘erri
777 3250 912 3314 sibi,
937 3259 989 3304 et
1015 3248 1083 3302 ab
1108 3249 1223 3316 ipso
1249 3248 1501 3302 divinitus
1527 3249 1853 3314 consecrari,
1884 3262 1937 3304 ct

357 3323 569 3379 ﬁdelem
622 3321 894 3392 populum
923 3319 1148 3392 credere
1196 3333 1396 3392 verum
1427 3332 1546 3392 esse
1595 3321 1934 3392 mysterium,

358 3395 498 3463 quod
531 3404 584 3447 et
615 3387 729 3461 ipse
761 3388 980 3463 tradidit
1009 3388 1288 3456 discipulis
1319 3389 1453 3463 s_uis,
1479 3387 1664 3463 dicens
1690 3406 1704 3443 :
1737 3390 1939 3463 Accipit-

360 3456 406 3517 te
434 3474 479 3518 et
507 3456 813 3517 manducate
838 3477 901 3514 ea:
927 3460 1021 3513 hoc
1073 3475 1266 3512 omnes.
1335 3456 1399 3511 Et
1425 3458 1636 3526 qnitndo
1664 3456 1939 3515 ocultis'ad

357 3535 555 3589 calum
588 3533 798 3598 levavit,
832 3540 885 3585 et
914 3529 1054 3585 Patri
1086 3529 1284 3597 gratias
1310 3529 1435 3598 egit,
1468 3544 1565 3582 nos
1587 3530 1770 3583 docuit
1796 3531 1935 3596 quod

362 3619 461 3659 nos
510 3603 653 3659 Patri
700 3596 915 3669 semper
955 3596 1255 3668 supplicare
1301 3596 1561 3653 debemus
1588 3639 1601 3661 ,
1630 3612 1686 3654 ut
1715 3600 1802 3654 ille
1834 3610 1939 3654 tam

361 3690 608 3744 magnum
648 3680 1042 3728 sacramentum
1086 3686 1178 3740 per
1210 3684 1398 3725 manus
1447 3680 1659 3726 llUSll'itS
1688 3670 1943 3739 perlicere

359 3746 624 3799 dianetur.

415 3760 768 3870 £5etiiefuli‘icum
815 3814 1054 3869 diceret:
1088 3811 1217 3867 Haec
1260 3810 1646 3879 quotiescunque
1700 3811 1940 3881 feceritis,

357 3887 413 3939 in
456 3886 554 3939 mei
599 3886 893 3939 memoriam
924 3884 1145 3954 facietis,
1172 3882 1331 3950 jussit
1358 3896 1457 3954 nos
1503 3882 1646 3954 illius
1679 3883 1944 3947 passionis

357 3971 625 4010 memores
642 3971 797 4022 esse;
829 3952 1256 4025 quantaquepro
1284 3952 1439 4005 nobis
1466 3952 1715 4025 sustinuit
1738 3991 1753 4018 ,
1797 3953 1944 4008 omni

361 4038 604 4092 tempore
634 4021 901 4079 meniOrcs
930 4039 1050 4079 esse
1077 4023 1331 4077 debemus
1350 4062 1364 4087 ,
1397 4021 1610 4089 quando
1638 4022 1737 4076 hoc
1766 4037 1946 4077 sacra-

364 4108 605 4151 mentum
637 4096 1009 4158 celebramus,
1041 4107 1087 4148 e:
1123 4092 1238 4162 ejus
1263 4093 1642 4145 misericordiae
1669 4133 1684 4157 ,
1716 4109 1821 4147 non
1850 4108 1947 4147 tio-

355 4168 452 4219 stri
486 4167 721 4220 bonitate
752 4166 995 4219 liduciam
1028 4165 1176 4218 dare.
1206 4163 1354 4217 Unde
1383 4176 1424 4214 ei
1463 4178 1706 4216 memores
1746 4180 1943 4228 sumus,

356 4235 598 4300 Domine,
628 4253 719 4289 nos
749 4237 822 4288 tui
845 4236 973 4289 servi
999 4274 1016 4300 ,
1045 4235 1135 4288 sed
1164 4244 1209 4286 et
1240 4232 1379 4302 plebs
1407 4241 1491 4284 tua
1528 4244 1707 4285 sancta
1756 4234 1945 4288 Christi

359 4304 489 4359 Filii
513 4310 587 4360 tui
625 4307 829 4359 Domini
856 4306 1039 4359 nostri.
1070 4306 1333 4358 Μνηιοι·εε
1365 4318 1461 4355 nos
1489 4318 1611 4357 esse
1641 4308 1946 4358 sacerdotes

360 4378 673 4445 proﬁtennir
702 4418 714 4440 ,
765 4387 922 4445 atque
969 4376 1179 4444 plebem
1224 4388 1492 4445 nietiiores
1540 4389 1661 4427 esse
1691 4384 1947 4429 tes:amur

356 4442 554 4501 Christi
583 4447 701 4501 Filii
740 4447 811 4500 tui
838 4442 1048 4501 Domini
1089 4444 1278 4499 nostri.
1320 4442 1442 4496 Ideo
1466 4445 1773 4499 saceidotes
1805 4445 1939 4497 lide-

356 4495 1384 4581 ιῖιὲἶιὶὶὲιέίόὲεξ’ρέἑέ
1413 4495 1511 4581 ipsi
1538 4495 1769 4569 intissam
1802 4495 1943 4568 cele-
1972 4495 2022 4557 Ῑ)
2048 4495 2367 4567 crosattctum

356 4587 538 4653 braut,
564 4590 686 4657 quia
717 4587 875 4642 stulta
908 4586 1192 4654 postulatio
1234 4595 1314 4657 est
1340 4624 1354 4645 ,
1402 4585 1447 4637 si
1474 4586 1753 4657 postulans
1774 4586 1945 4657 nescit

357 4659 499 4727 quod
535 4653 787 4727 postulat.
828 4653 983 4711 Plebs
1022 4665 1202 4727 sancta
1226 4654 1355 4727 ideo
1393 4654 1696 4708 meminisci
1738 4653 1941 4725 [Forte,

357 4723 695 4799 iiieniinissej
720 4728 915 4791 debet,
950 4727 1072 4796 quia
1112 4723 1355 4799 Christus
1395 4740 1500 4799 non
1530 4728 1703 4779 solum
1738 4723 1833 4799 pro
1859 4740 1945 4799 sa-

356 4795 878 4865 cerdotibns'passus
907 4795 1012 4859 est,
1043 4795 1136 4851 sed
1165 4804 1221 4850 et
1264 4809 1360 4863 pro
1385 4797 1537 4861 plebe
1566 4808 1748 4850 saneta
1775 4812 1789 4862 ;
1816 4796 1945 4850 ideo

357 4873 550 4923 dicitur
582 4871 702 4937 quia
736 4869 838 4922 ﬁde
866 4882 928 4921 ac
952 4867 1215 4936 baptismo
1243 4865 1438 4919 Christi
1464 4874 1719 4936 percepto
1746 4868 1946 4922 sancti-

360 4948 511 4993 ttcatzi
540 4953 641 4994 est.

430 5013 522 5063 26.
564 5010 720 5064 Modo
746 5008 982 5063 indicant
1011 5008 1149 5063 unde
1174 5006 1468 5063 meminisci
1504 5007 1721 5073 di-bent,
1753 5006 1802 5061 id
1838 5016 1942 5073 est,

361 5095 463 5133 tam
489 5084 644 5134 beata:
668 5082 939 5151 passionis,
975 5096 1166 5132 necnon
1214 5090 1261 5133 et
1310 5081 1370 5131 ab
1401 5078 1576 5146 inferis
1619 5081 1945 5151 resurrectio:

360 5154 461 5215 nis,
487 5167 677 5203 necnon
727 5163 770 5204 et
810 5152 863 5204 in
900 5152 1047 5203 caelos
1092 5151 1325 5219 gloriosa:
1363 5150 1692 5201 ascensionis.
1750 5150 1943 5204 Christi

363 5223 480 5274 Filii
513 5223 584 5273 tui
616 5224 874 5289 passionis
904 5238 1167 5273 memores
1200 5236 1316 5274 esse
1345 5221 1602 5273 debemus
1627 5259 1642 5283 ,
1679 5222 1801 5287 quia
1838 5221 1942 5288 pati

360 5294 608 5359 dignatus
636 5300 717 5344 est
745 5307 840 5358 pro
870 5292 1040 5346 nobis.
1100 5290 1504 5344 “esuri-actionis
1534 5291 1594 5342 ab
1626 5292 1741 5360 infe.
1760 5292 1822 5355 is,
1857 5305 1947 5360 per

360 5358 806 5415 I‘CSUI‘I‘CCIIODCID
831 5364 944 5429 ejus
970 5362 1205 5414 liberalia:
1239 5360 1446 5431 [Forte,
1465 5358 1700 5416 liberata:
1732 5358 1945 5430 anitum]

362 5443 507 5485 sunt.
550 5431 798 5485 Gloriosa:
824 5434 1130 5486 ascensionis
1171 5431 1290 5501 ejus
1335 5448 1635 5486 memorare
1660 5433 1942 5495 debemus,

363 5504 486 5571 quia
516 5518 711 5572 corpus
746 5505 1032 5555 humanum
1059 5542 1073 5564 ,
1120 5505 1257 5570 quod
1289 5512 1672 5570 assumpserat,
1702 5500 1946 5571 juucmtu

360 5575 622 5628 divinitati
648 5572 764 5626 sine
796 5573 951 5623 ullius
972 5572 1236 5640 aitjutorlo
1268 5574 1479 5640 propria
1513 5575 1789 5640 majestate
1826 5586 1949 5639 por-

364 5645 494 5699 tavit
542 5645 593 5697 in
640 5644 856 5697 cmluiu.
901 5642 1025 5695 Ideo
1052 5642 1317 5709 diximus,
1342 5644 1452 5696 sine
1484 5642 1638 5697 ullius
1658 5644 1943 5712 adjutorio,

364 5730 416 5769 ut
447 5716 769 5783 intelligatur
801 5712 939 5779 quod
988 5726 1093 5783 non
1132 5714 1405 5766 hominum
1436 5754 1450 5778 ,
1485 5730 1583 5767 nec
1611 5718 1944 5782 angelorum,

362 5803 458 5844 nec
495 5781 652 5840 ullius
685 5794 944 5840 ireatura:
980 5781 1226 5837 Vehicqu
1259 5800 1376 5838 eum
1417 5781 1725 5841 ascendisse
1758 5786 1809 5839 in
1836 5798 1944 5839 coe-

1960 3142 2009 3205 C

2032 1840 2114 1896 bis
2142 1856 2333 1910 corpus
2358 1852 2502 1897 tuum
2533 1853 2584 1896 et
2612 1846 2825 1913 sanguis
2856 1854 2973 1899 tuus
3000 1846 3107 1899 ﬁat.
3153 1846 3324 1913 Supra
3351 1860 3466 1913 qua:
3488 1861 3607 1910 pro-

2030 1913 2156 1979 pitio
2178 1930 2237 1965 ac
2266 1928 2442 1985 sereno
2470 1913 2612 1966 vultu
2643 1917 2890 1985 respicere
2920 1917 3163 1985 digneris.
3208 1916 3321 1968 Hoc
3349 1916 3606 1983 depreca-

2030 1998 2172 2056 mur,
2209 1992 2267 2056 ut
2294 1983 2450 2056 Pater
2475 1994 2692 2056 sanctus
2720 1983 2880 2056 supra
2906 1983 3040 2040 bona
3073 2000 3101 2038 a
3134 1987 3287 2040 nobis
3318 1985 3489 2038 oblata
3518 1987 3605 2053 pio

2029 2062 2083 2126 et
2102 2052 2302 2126 blando
2332 2054 2477 2107 vultu
2522 2062 2575 2108 et
2609 2055 2753 2126 claro
2788 2052 3047 2126 dignetur
3095 2059 3379 2122 respicere,
3419 2056 3469 2108 id
3498 2052 3604 2119 est,

2031 2123 2215 2178 vidcre
2271 2134 2323 2178 et
2370 2135 2584 2191 accepta
2622 2124 2837 2182 habere.
2861 2123 3028 2182 'Sicut
3052 2136 3259 2192 accepta
3298 2127 3481 2179 habere
3527 2125 3611 2178 di-

2029 2203 2215 2266 gnatus
2256 2210 2308 2249 es
2346 2210 2559 2248 munera
2610 2198 2758 2266 pueri
2799 2198 2874 2251 tui
2919 2196 3082 2262 Abel,
3106 2207 3152 2250 et
3185 2197 3493 2262 sacri/icium
3520 2213 3613 2265 pa-

2031 2264 2268 2318 triarcha:
2311 2266 2487 2336 nostri,
2523 2264 2764 2330 Abrahae,
2812 2275 2858 2320 et
2898 2268 3032 2336 quod
3062 2268 3149 2321 tibi
3180 2268 3355 2320 obtulit
3382 2282 3610 2321 summus

2028 2337 2262 2389 sacerdos
2287 2345 2403 2389 tuus
2432 2335 2825 2401 Melchisedech,
2874 2335 3106 2392 sanctum
3152 2337 3480 2405 sacri/icium,
3512 2337 3609 2388 ini-

2028 2408 2337 2458 maculatum
2370 2406 2609 2461 hostiam.
2640 2407 2868 2473 Accepta
2899 2408 3082 2462 habuit.
3113 2407 3364 2462 Dominus
3388 2421 3608 2460 munera

2032 2476 2197 2538 Abel,
2229 2476 2348 2546 quia
2382 2476 2635 2543 quidquid
2667 2478 2926 2545 optimum
2958 2478 3192 2540 invenit,
3220 2478 3408 2531 obtulit
3436 2476 3613 2530 Domi-

2031 2562 2129 2611 tio;
2171 2557 2226 2601 et
2267 2561 2363 2600 nos
2389 2548 2528 2612 juSIa
2558 2563 2777 2601 munera
2809 2558 2863 2601 et
2900 2548 3091 2603 munda
3124 2549 3233 2603 Deo
3264 2548 3463 2602 mundo
3490 2560 3610 2600 cor-

2031 2616 2099 2670 de
2130 2617 2327 2672 olierre
2355 2616 2636 2671 debemus.
2674 2618 2941 2672 Abraham
2971 2620 3184 2686 proprio
3217 2618 3323 2671 lilio
3345 2632 3441 2671 suo
3465 2616 3612 2686 Isaae

2033 2702 2135 2741 non
2167 2687 2403 2808 peqercit
2427 2725 2442 2752 ,
2490 2687 2584 2741 sed
2630 2688 2887 2743 obediens
2912 2685 3137 2758 jussioni
3180 2689 3389 2743 Domini
3418 2685 3614 2742 oli‘erre

2033 2771 2149 2808 eum
2186 2772 2249 2808 νο
2274 2768 2368 2808 Illi.

2029 2771 2149 2810 eum
2186 2768 2368 2810 νοιιιιι.

2099 2826 2191 2880 29.
2233 2827 2621 2898 Melchisedech
2652 2830 2855 2898 primus
2883 2830 3136 2886 sacerdos
3167 2829 3392 2884 Domino
3421 2841 3613 2896 panem

2030 2905 2087 2970 et
2116 2897 2294 2951 vinum
2343 2897 2573 2970 obtulit,
2617 2897 2672 2953 et
2717 2901 2838 2953 ideo
2884 2902 3139 2970 scriptum
3167 2911 3245 2955 est
3275 2901 3326 2953 iti
3362 2900 3613 2970 Pssimo:

2032 2966 2112 3019 Tu
2130 2983 2181 3019 es
2201 2966 2439 3019 sacerdos
2467 2968 2520 3020 in
2544 2979 2790 3023 wternum
2815 2966 3096 3024 secundum
3127 2970 3358 3024 ordinem
3385 2968 3440 3021 Μ
3445 2969 3611 3022 elchi-

2033 3036 2212 3091 sedech
2237 3036 2464 3104 (Psalm.
2497 3052 2612 3104 etx,
2647 3044 2726 3105 4).
2779 3040 2910 3105 Quia
2938 3044 3077 3096 sicut
3107 3040 3493 3095 Melchisedech
3522 3055 3617 3107 pa-

2038 3123 2159 3160 nem
2184 3115 2239 3161 et
2267 3108 2471 3178 vinum,
2504 3109 2574 3161 ita
2606 3120 2658 3163 et
2687 3109 2933 3165 Christus
2962 3113 3011 3165 in
3037 3111 3281 3177 passione
3302 3125 3395 3163 sua
3418 3125 3617 3178 corpus

2037 3186 2092 3232 et
2118 3176 2431 3249 sanguinem
2468 3193 2631 3249 suum
2675 3181 2865 3236 obtulit
2895 3183 3002 3236 Deo
3032 3181 3177 3236 Patri
3214 3197 3308 3248 pro
3337 3181 3489 3235 nobis
3515 3176 3533 3245 ς
3562 3188 3621 3235 et

2039 3250 2091 3301 iu
2125 3248 2260 3320 pauc
2285 3285 2301 3311 ,
2344 3255 2400 3303 et
2426 3248 2839 3317 vino-passionis
2868 3268 2979 3305 sua:
3023 3252 3334 3320 mysterium
3369 3266 3467 3303 nos
3494 3250 3616 3304 inii-

2041 3319 2141 3372 tari
2170 3319 2369 3383 voluit,
2424 3320 2636 3389 quando
2679 3322 2954 3389 discipulis
2998 3319 3110 3375 suis
3140 3321 3273 3375 dans
3331 3335 3522 3388 panem
3555 3335 3620 3374 ac

2039 3389 2285 3452 calicem,
2312 3388 2445 3441 dixit
2474 3405 2488 3442 :
2519 3388 2636 3442 Hoc
2661 3400 2733 3443 est
2762 3388 2947 3457 corpus
2972 3407 3158 3451 meum,
3186 3403 3235 3444 et
3276 3389 3359 3442 hic
3384 3400 3455 3443 est
3478 3391 3619 3443 calix

2039 3458 2307 3529 sanguinis
2353 3460 2473 3510 mei.
2498 3459 2582 3529 ΑΕι
2611 3475 2708 3514 nos
2734 3463 3034 3529 supplicare
3075 3461 3355 3523 debemus,
3399 3471 3454 3511 ut
3482 3461 3622 3514 sicut

2039 3526 2466 3600 supradictorum
2498 3526 2715 3584 Patrum
2742 3526 2958 3600 accepta
2997 3531 3107 3587 Deo
3134 3530 3346 3585 fuerunt
3373 3543 3620 3594 munera,

2042 3599 2112 3653 ita
2146 3600 2267 3653 tiam
2290 3609 2344 3653 et
2371 3612 2573 3658 nostra.

2113 3668 2201 3722 30.
2244 3668 2514 3743 supplices
2559 3682 2605 3724 te
2635 3688 2910 3743 rogamus,
2960 3672 3275 3742 omnipotens
3302 3669 3626 3743 Deus,_jube

2041 3738 2149 3813 ham
2198 3740 2413 3813 perferri
2463 3757 2551 3809 per
2601 3738 2781 3796 manus
2828 3746 2991 3797 sancti
3018 3738 3187 3813 angeli
3220 3744 3294 3797 tui
3322 3743 3374 3795 in
3404 3738 3623 3813 sublime

2042 3809 2206 3884 altare
2229 3819 2371 3884 tuum
2399 3811 2449 3863 in
2471 3822 2739 3881 conspectu
2768 3814 2953 3867 divina:
2981 3809 3269 3884 Maiestatis
3292 3821 3409 3866 tute.
3441 3811 3626 3884 ﬂumi-

2044 3882 2167 3934 liter
2198 3881 2527 3949 postulamus
2560 3894 2615 3935 ut
2643 3898 2865 3938 munera
2898 3881 3079 3938 nostra
3112 3898 3273 3951 super
3302 3885 3403 3935 hoc
3430 3881 3621 3945 altare,

2044 3952 2185 4021 quod
2217 3951 2380 4005 videri
2413 3961 2610 4019 potest,
2641 3955 2842 4019 oblata,
2876 3964 3025 4021 pater
3054 3954 3287 4009 ccclesiis
3314 3952 3501 4020 jubeat
3529 3966 3625 4018 per

2046 4036 2234 4076 manus
2260 4023 2429 4075 sancti
2478 4024 2650 4090 angeli
2680 4024 2762 4077 sui
2795 4023 3021 4091 perferri
3056 4025 3109 4077 in
3138 4022 3264 4079 illud
3293 4022 3456 4076 altum
3484 4024 3623 4076 alta-

2048 4108 2105 4146 re
2136 4100 2259 4161 ante
2290 4092 2518 4145 divinam
2549 4093 2880 4161 Majestatem
2910 4109 3060 4147 suam
3086 4135 3103 4159 ,
3150 4093 3290 4160 quod
3321 4093 3494 4147 oculis
3524 4108 3623 4146 no-

2046 4162 2175 4233 stris
2210 4160 2391 4233 vidcre
2423 4177 2541 4233 non
2578 4160 2884 4233 possumus,
2917 4165 3037 4232 quia
3067 4167 3346 4233 corporale
3375 4179 3481 4217 non
3511 4172 3613 4225 est,

2047 4232 2139 4304 sed
2181 4231 2489 4304 _spiritnale.
2552 4232 2621 4286 Et
2665 4234 2806 4288 sicut
2850 4231 2947 4288 nos
2996 4231 3231 4289 divinam
3290 4233 3624 4304 Maiestatem

2048 4300 2239 4355 Patris
2278 4302 2598 4373 investigare
2627 4320 2732 4357 non
2765 4319 3068 4373 possumus,
3098 4308 3167 4359 ita
3192 4318 3293 4361 nec
3318 4300 3388 4359 ea
3412 4319 3532 4370 quia
3563 4304 3619 4357 in

2047 4382 2337 4439 conspectu
2369 4371 2487 4441 ejus
2515 4386 2637 4427 sunt
2660 4371 2917 4430 debemus
2945 4376 3315 4444 investigare,
3329 4374 3421 4428 sed
3448 4378 3626 4443 potius

2047 4444 2267 4497 credere
2298 4459 2310 4494 :
2342 4452 2395 4495 ut
2398 4452 2666 4564 [quotquot
2695 4460 2759 4498 ea:
2787 4446 2882 4499 hac
2918 4447 3099 4500 altaris
3125 4445 3518 4515 participatione
3543 4460 3627 4497 sa-

2048 4523 2367 4564 crosanctum
2448 4513 2524 4564 ilii
2570 4516 2646 4564 tui
2692 4530 2879 4564 corpus
2926 4524 2972 4564 et
3020 4518 3318 4564 sanguinem
3346 4515 3623 4564 sumnseri-

2448 4513 2524 4566 ilii
2570 4516 2646 4567 tui
2692 4530 2879 4583 corpus
2926 4524 2972 4568 et
3020 4513 3318 4584 sanguinem
3346 4515 3623 4581 sumpseri-

2047 4600 2179 4655 mus,
2212 4583 2723 4655 omni_bencdictione
2750 4585 2937 4639 caelesti
2965 4595 3013 4638 et
3038 4588 3204 4655 gratia
3231 4584 3518 4655 repleantur
3538 4598 3627 4652 per

2048 4653 2310 4708 Christum
2340 4651 2617 4707 Dominum
2644 4667 2894 4709 nostrum.
2927 4651 3092 4710 Orare
3118 4656 3377 4710 debemus
3412 4651 3623 4708 Patrem

2047 4725 2343 4790 caelestem,
2379 4734 2435 4795 ut
2459 4725 2635 4778 omnis
2660 4726 2749 4795 qui
2771 4741 2835 4781 ex
2868 4727 3033 4795 ipsius
3053 4726 3238 4780 altaris
3265 4723 3470 4795 [Forte,
3502 4739 3625 4778 om-

2049 4811 2142 4850 nes
2171 4795 2261 4864 qui
2290 4811 2355 4849 ex
2399 4794 2520 4863 ipso
2558 4794 2779 4865 altari],
2827 4794 2988 4864 supra
3038 4796 3178 4865 quod
3225 4794 3323 4850 nos
3353 4795 3629 4849 oll‘erimns

2049 4866 2158 4920 Deo
2190 4866 2329 4919 l'atii
2370 4866 2420 4919 iii
2451 4864 3013 4919 eo.nmetnorationeui
3044 4864 3167 4921 Filii
3187 4867 3272 4920 sui
3303 4864 3505 4920 Domini
3532 4880 3625 4917 no-

2047 4939 2139 4989 stri
2167 4936 2291 5007 lusu
2324 4936 2521 4989 Cltri~ti
2545 4976 2561 4999 ,
2589 4934 2829 5006 (corpus)
2857 4938 3019 5007 229
3047 4948 3101 4992 et
3129 4938 3441 4998 sanguinem
3490 4951 3628 5001 prte-

2048 5007 2173 5061 dicti
2209 5006 2323 5059 Filii
2360 5020 2770 5072 sumpserimus,
2812 5006 3024 5061 omnem
3059 5008 3484 5062 benedictioiieni
3510 5022 3626 5059 cm-

2048 5081 2235 5131 leSIeut
2284 5090 2530 5145 aleipere
2575 5090 2876 5131 mereamur
2907 5093 3007 5147 per
3033 5078 3308 5132 Christum
3342 5076 3627 5130 Dominum

2048 5160 2307 5202 llUSll'lllll.

2118 5218 2209 5271 5|.
2256 5216 2416 5270 Nobis
2465 5234 2665 5287 quoque
2712 5219 3098 5288 peccatoribus,
3151 5218 3358 5289 famulis
3403 5217 3539 5282 tuis,
3567 5218 3632 5269 de

2048 5289 2376 5341 multitudine
2404 5292 2782 5343 miserationum
2814 5301 3013 5343 tuarum
3040 5292 3363 5357 sperantibus
3388 5332 3401 5353 ,
3436 5299 3631 5354 partim

2048 5361 2274 5431 aliquam
2325 5370 2369 5412 et
2413 5362 2705 5413 societatem
2756 5363 2950 5415 donare
2998 5363 3221 5431 digneris
3280 5375 3399 5431 cum,
3438 5361 3629 5412 sanctis

2048 5429 2314 5497 apostolis,
2344 5440 2389 5482 et
2422 5433 2747 5501 martyribus,
2774 5442 2820 5484 et
2850 5429 3083 5485 omnibus
3108 5431 3315 5485 sanctis.
3362 5430 3485 5483 Huic
3510 5444 3629 5483 om-

2048 5516 2133 5553 iiia
2164 5501 2422 5553 sacriﬁcia
2451 5503 2570 5556 ideo
2594 5516 2717 5557 sunt
2740 5504 2936 5563 oblata,
2971 5510 3075 5554 tam
3107 5518 3134 5555 a
3163 5501 3443 5555 sacerdote
3469 5515 3629 5569 quam

2047 5583 2077 5622 a
2111 5572 2304 5637 populo
2329 5612 2342 5634 ,
2396 5582 2453 5624 ut
2501 5577 2840 5640 omnipotens
2884 5574 3023 5627 Deus
3062 5583 3275 5642 prCCula
3308 5585 3490 5625 nos'tra
3524 5587 3630 5625 non

2049 5648 2307 5712 reputet,
2358 5644 2452 5696 sed
2494 5657 2615 5696 eoin
2650 5646 2848 5696 sinetis
2877 5645 2987 5698 suis
3012 5644 3165 5698 nobis
3208 5644 3503 5712 portionem
3540 5642 3633 5697 tri-

2050 5711 2195 5764 buat.
2257 5710 2411 5766 liitra
2453 5730 2669 5780 quorum
2719 5730 2812 5767 nos
2858 5717 3169 5768 consortium
3209 5710 3320 5767 tuon
3352 5714 3630 5767 a'stiinator

2052 5782 2215 5836 meriti
2244 5824 2255 5849 ,
2289 5788 2373 5836 scd
2408 5786 2601 5852 renia',
2636 5801 2927 5854 qiarsunitts
2956 5825 2971 5852 ,
3013 5787 3222 5855 largitor
3253 5786 3486 5839 admitte.
3524 5784 3635 5839 Hoc
