4004 6144
432 321 563 378 “5|

1211 318 1298 372 AD
1338 317 1395 372 S.
1439 314 1683 369 ISlDOill
1730 309 2173 367 IIISPALBNSIS
2212 311 2446 368 OPERA
2488 313 2930 370 APPENDICES.

3548 320 3689 375 lli)?

432 451 700 507 rogamus,
734 445 791 489 ιιι
814 436 927 504 ipse
956 435 1044 500 qui
1067 433 1235 487 dixit:
1276 427 1335 483 Ῑιι
1377 448 1673 507 quaeimqtte
1703 432 1784 507 die
1818 446 1993 507 pecca-
2033 432 2075 484 A
2106 429 2295 507 bolica.
2343 430 2526 507 Libera
2569 449 2661 485 nos
2685 474 2699 497 ,
2746 448 3055 507 qumsumus,
3094 432 3339 507 Domine,
3362 436 3425 488 ab
3452 438 3690 491 omnibus

433 501 523 560 tor'
555 501 1052 570 conversiis't‘uerit,
1103 515 1147 556 et
1195 501 1536 570 paenitentiam
1587 503 1786 572 egerit,
1833 501 2002 572 omnia

435 589 636 643 peccata
666 579 777 645 ejus
806 576 858 627 iii
890 575 1138 628 obiit-ioue
1166 582 1314 625 erunt
1352 590 1523 626 coram
1552 571 1651 645 tne.
1700 571 1812 645 Non
1847 571 2004 645 retri-

437 640 705 701 butionem
737 656 1072 721 peccatorum
1105 644 1335 696 instituet
1360 686 1373 706 ,
1409 644 1502 721 sed
1550 643 1665 709 ipse
1697 640 1809 710 (sit)
1840 642 2007 721 venia:

437 718 671 785 largitor,
726 723 784 769 ut
830 716 965 766 intra
992 725 1319 785 sanctorum
1351 714 1666 767 societatem
1699 725 1795 764 nos
1829 714 2007 765 mittat

437 784 535 855 per
555 784 823 838 Christum
856 784 1132 855 Dominum
1167 793 1425 855 nostrum.

504 855 593 910 52.
638 855 737 908 Per
760 870 918 923 quem
965 854 1142 908 omnia
1194 855 1307 906 hcce
1347 853 1487 906 dona
1519 851 1611 923 ille
1637 850 2013 923 creavittipse

437 925 753 985 sanctillcet,
781 920 839 977 et
866 924 1165 987 benedicat,
1188 934 1238 976 et
1268 923 1436 990 prosit
1469 921 1640 985 nobis,
1669 930 1725 974 ut
1749 935 1840 987 per
1863 920 2015 973 Cliri-

437 1007 602 1059 stum,
626 1010 887 1061 perquem
922 994 1056 1048 facta
1092 1006 1209 1046 sunt
1232 1002 1286 1047 et
1318 995 1369 1046 in
1400 992 1635 1055 Christo,
1662 992 1712 1043 in
1746 1006 1849 1055 quo
1882 990 2014 1042 facta

440 1076 559 1119 sunt
578 1065 755 1117 omnia
779 1076 1075 1131 etcumqno
1090 1064 1223 1118 facta
1247 1072 1370 1131 sunt
1391 1063 1589 1123 omnia,
1607 1061 1692 1127 qui
1714 1068 2016 1131 coaeternus

438 1145 520 1189 est
554 1135 717 1197 Patri,
750 1150 961 1201 semper
982 1129 1177 1203 gratias
1211 1130 1500 1186 referamus
1524 1133 1666 1203 Patri
1703 1146 1814 1203 per
1838 1129 2015 1183 omnia

441 1208 632 1259 saecula
662 1200 1005 1259 siliculorum:
1046 1204 1237 1257 Amen.
1285 1202 1556 1269 Prteceptis
1578 1200 1886 1254 salutaribus
1908 1208 2017 1251 mo-

440 1276 532 1329 niti
578 1286 625 1328 et
674 1276 883 1335 divina,
922 1284 1024 1328 etc.
1082 1274 1280 1328 Chriin
1311 1273 1624 1339 prmceptis,
1683 1285 1801 1338 qua:
1845 1270 2019 1323 salute

445 1360 568 1399 sunt
600 1360 776 1414 p.etta,
804 1345 925 1409 quia
954 1346 1068 1409 ipse
1089 1353 1171 1396 est
1202 1344 1343 1397 salus
1373 1353 1591 1414 aeterna,
1621 1355 1809 1414 sumus
1832 1340 2020 1414 admo—

446 1415 541 1468 ttiti
571 1410 683 1479 {et
725 1414 860 1483 jussi
886 1455 900 1477 ,
952 1425 1000 1468 et
1033 1414 1205 1466 divina
1233 1412 1561 1483 institutione
1600 1412 1847 1483 formati;
1880 1410 2017 1465 idem

447 1489 670 1539 formam
723 1480 776 1538 et
825 1484 1129 1551 exemplum
1163 1498 1189 1534 a
1219 1484 1432 1536 Christo
1464 1480 1685 1551 Domino
1716 1491 1903 1551 nostro
1928 1494 2020 1551 aea

446 1555 707 1620 cepimus,
740 1565 791 1607 ct
818 1556 931 1607 ausi
957 1549 1140 1607 sumus
1162 1567 1341 1614 orare,
1373 1552 1511 1605 sicut
1534 1550 1623 1602 ille
1647 1549 1826 1603 docuit
1856 1549 2019 1602 disci-

449 1626 596 1693 pulos
643 1638 800 1687 sues;
848 1633 901 1677 et
951 1624 1162 1677 Patrem
1211 1632 1449 1676 nostrum
1477 1620 1777 1687 credimus,
1807 1620 1896 1688 qui
1926 1634 2022 1674 nos

446 1696 652 1749 creavit
677 1737 690 1753 ,
724 1704 778 1747 et
806 1695 1065 1747 dicimus:

521 1762 609 1817 55.
653 1763 809 1816 Pater
857 1774 1046 1830 noster,
1098 1763 1185 1833 qui
1229 1780 1281 1816 es
1322 1762 1375 1815 in
1406 1761 1562 1814 caelis.
1602 1758 1855 1833 Christus
1886 1757 2024 1812 dixit

448 1842 570 1902 post
642 1829 1293 1902 restirrcctititteni'suam
1338 1848 1355 1887 :
1411 1832 1639 1902 Ascendo
1691 1830 1759 1883 ad
1812 1829 2020 1882 Patrem

447 1901 615 1956 meum
643 1912 688 1955 et
722 1901 929 1957 Patrem
959 1913 1201 1957 vestrum.
1236 1903 1407 1962 Aliter,
1447 1902 1579 1954 dixit
1602 1901 1809 1955 Patrem
1843 1915 2020 1963 suum,

452 1974 607 2025 aliter
640 1974 845 2026 Patrem
880 1983 1143 2027 nostrum.
1188 1975 1393 2033 Patroni
1423 1986 1596 2033 suum,
1629 1970 1749 2037 quia
1779 1972 2023 2037 proprius

452 2043 622 2097 Filios
665 2052 747 2106 ist
795 2044 963 2098 Palris
991 2060 1054 2096 ex
1105 2044 1399 2097 substantia
1453 2042 1623 2106 Patris
1672 2050 1794 2094 ante
1844 2040 2019 2092 omnia

452 2114 649 2167 sarcula
683 2115 891 2183 genitus
916 2156 930 2179 ,
975 2115 1113 2168 Patri
1144 2123 1462 2168 coaeternus.
1508 2112 1662 2164 Pater
1693 2120 1874 2183 noster
1903 2110 2021 2163 ideo

452 2193 553 2245 est,
582 2180 707 2250 quia
736 2198 833 2236 nos
860 2184 1059 2239 creavit
1103 2184 1153 2237 in
1209 2195 1447 2251 tempore
1468 2225 1481 2246 ,
1508 2190 1560 2234 et
1589 2194 1685 2233 nos
1716 2180 1805 2233 ﬁlii
1838 2194 2023 2233 sumus

451 2254 708 2321 adoptivi,
736 2264 787 2306 et
820 2255 1177 2308 hereditatem
1210 2255 1481 2308 caelestem
1531 2252 1699 2304 Patris
1726 2251 1886 2303 nostri
1913 2265 2024 2303 cm-

457 2323 603 2377 lestis
631 2327 902 2391 possidere
930 2326 1208 2387 debemus,
1237 2328 1279 2377 si
1303 2324 1552 2393 operibus
1579 2322 1879 2387 implenius,
1902 2322 2021 2393 quia

456 2390 849 2460 perceptionem
899 2394 1019 2451 lidei
1068 2390 1469 2464 spepondintus.
1511 2390 1715 2447 Casium
1748 2408 1776 2445 a
1812 2390 2024 2443 celando

455 2464 666 2529 dicitur,
699 2480 763 2518 eo
791 2467 929 2533 quod
974 2468 1109 2519 celat
1154 2466 1330 2519 divina
1373 2473 1596 2519 secreta.
1640 2464 1809 2516 Aliter
1831 2465 2022 2515 cusfutn

456 2535 826 2604 arcelsitudiive
854 2538 1064 2601 diritur,
1112 2551 1175 2590 eo
1198 2536 1340 2604 quod
1383 2533 1539 2587 altius
1564 2543 1645 2587 cst
1676 2534 1833 2587 rebus
1867 2543 2026 2585 terre-

458 2603 558 2656 nis.
601 2604 705 2658 Nos
732 2605 906 2660 au'tetii
957 2607 1078 2659 ideo
1109 2603 1331 2660 dicimus
1384 2604 1542 2657 Pater
1572 2614 1758 2668 noster,
1782 2604 1867 2672 qui
1893 2618 1944 2655 es
1972 2604 2025 2655 in

459 2675 614 2737 (telis,
644 2685 701 2728 ut
749 2677 968 2731 credere
1009 2677 1355 2731 05iendamus
1395 2676 1444 2727 in
1479 2675 1685 2728 Patrem
1718 2678 2021 2735 caelestem;

460 2754 513 2795 et
542 2744 677 2797 sicut
723 2746 817 2797 lilii
871 2759 1131 2814 praiccpta
1166 2747 1335 2800 Patris
1372 2746 1451 2797 Siti
1501 2745 1724 2812 implere
1767 2744 2021 2814 cupiunt,

459 2814 529 2865 ita
563 2822 617 2867 et
659 2829 755 2868 nos
804 2813 967 2884 ipsius
1014 2813 1275 2884 pra-cepta
1323 2816 1581 2883 implere,
1615 2823 1665 2867 et
1712 2813 1777 2867 ad
1831 2814 2023 2866 C(BIUIII

459 2897 672 2940 semper
699 2888 913 2940 tendere
938 2886 1318 2939 desideremus.

531 2951 621 3025 54,
664 2954 1027 3025 Sancti/iretur
1053 2973 1232 3009 nomen
1274 2965 1446 3019 tuum,
1473 2955 1572 3008 lioc
1601 2962 1700 3017 est,
1732 2963 1789 3007 ut
1819 2968 1913 3007 nos
1934 2953 2026 3025 7di-

458 3023 546 3087 gni
577 3024 745 3079 simus
789 3023 981 3081 numen
1031 3038 1272 3079 sanctum
1320 3027 1436 3093 ejus
1477 3036 1658 3095 tenere
1697 3026 1747 3076 in
1780 3024 2025 3078 cordibus

460 3095 655 3165 nostris
682 3138 695 3159 ,
747 3105 803 3149 ut
845 3098 983 3151 sicut
1026 3098 1193 3150 sancti
1246 3096 1461 3165 angeli,
1512 3097 1599 3165 qui
1632 3095 1680 3145 in
1710 3097 1847 3147 cmlo
1876 3103 2023 3158 sunt,

460 3162 634 3216 sciunt
664 3172 719 3237 et
740 3167 1063 3237 intelligunt
1096 3162 1429 3237 sanctitatem
1459 3164 1689 3237 nominis
1716 3166 1835 3227 sui,
1881 3166 1949 3216 ita
1976 3175 2029 3217 et

462 3246 581 3293 nos,
614 3236 703 3302 qui
738 3236 787 3289 iii
821 3233 959 3291 terra
993 3253 1196 3298 sumus,
1229 3236 1343 3303 ipso
1404 3233 1706 3303 adjuvante,
1734 3248 2033 3288 mereamur

457 3306 794 3376 sanctitatem
828 3306 945 3375 ejus
975 3321 1332 3376 cognoscere;
1376 3315 1433 3376 ιιι
1458 3306 1596 3358 sicut
1617 3304 1669 3357 in
1700 3306 1857 3376 caelo,
1883 3305 1950 3357 ita
1978 3312 2034 3358 et

408 3418 411 3423 λ
459 3373 513 3425 in
547 3383 686 3427 terra
733 3380 804 3430 sit
848 3373 1188 3447 nomen—ejus
1227 3375 1633 3435 sanctiﬁcatum.
1674 3375 1921 3427 Adveniat
1952 3390 2033 3426 re-

460 3460 617 3514 gnum
647 3454 787 3498 tuum
819 3485 833 3508 ,
878 3448 977 3499 lioc
1020 3459 1137 3507 est,
1174 3457 1229 3499 ut
1269 3462 1366 3500 nos
1406 3461 1627 3514 regnum
1659 3454 1711 3498 et
1744 3448 2031 3513 potentiam

463 3512 581 3580 ejtis
606 3529 907 3568 mereamur
935 3530 1282 3585 cognoscere,
1315 3524 1373 3570 et
1396 3524 1451 3568 iit
1467 3512 1575 3583 jam
1607 3527 1823 3583 propter
1854 3523 2032 3585 nostra

465 3591 680 3648 peccata
712 3585 953 3637 diabolus
1002 3584 1105 3639 non
1158 3594 1343 3653 regnet
1389 3600 1553 3650 snper
1600 3600 1718 3648 nos,
1746 3585 1838 3637 sed
1870 3584 2035 3651 ipsius

464 3665 681 3725 regnum
732 3656 1021 3725 adveniat,
1054 3657 1187 3710 sicut
1221 3657 1273 3708 iu
1307 3655 1597 3725 Evangelio
1625 3656 1882 3722 scriptum
1913 3665 2031 3708 cst:

466 3719 821 3804 Ile—ggunt‘pei
851 3727 985 3804 intra
1010 3742 1095 3779 vos
1120 3736 1212 3779 est.

533 3790 621 3844 55.
667 3791 788 3846 Fiat
836 3797 1070 3849 voluntas
1115 3805 1242 3864 tua,
1295 3795 1425 3849 sicut
1454 3792 1675 3859 ini-mlo,
1724 3795 1847 3848 etin
1878 3803 2035 3854 terra;

461 3859 564 3934 ltoc
584 3873 665 3916 c~t
691 3904 705 3928 ,
730 3874 785 3918 iit
806 3867 922 3934 ejus
945 3859 1270 3922 voluntatem
1296 3868 1432 3920 sicut
1453 3865 1526 3919 illi
1550 3867 1638 3931 qui
1670 3866 1719 3917 in
1748 3866 1884 3918 cmlo
1912 3876 2037 3920 sunt

470 3933 687 4005 faciunt,
717 3935 785 3988 ita
821 3951 940 3998 nos,
963 3939 1050 4004 qui
1081 3939 1131 3989 in
1158 3949 1295 3991 terra
1327 3950 1532 3994 sumus,
1560 3935 1726 4005 230
1756 3935 2031 3989 faiiamits.

468 4002 632 4077 Ierra
675 4020 703 4058 a
750 4008 957 4061 terendo
984 4002 1229 4072 dicitur,
1264 4022 1329 4062 eo
1369 4008 1508 4077 quod
1562 4002 1786 4077 pedibus
1829 4005 2031 4077 teritur.

467 4070 664 4125 Panem
710 4086 937 4129 nostrum
982 4070 1337 4139 quotidianum
1380 4070 1447 4130 da
1500 4070 1642 4129 nobis
1672 4076 1841 4128 hodie.
1882 4075 2038 4129 Panis

465 4142 602 4216 apud
632 4142 848 4199 Graecos
884 4147 936 4200 iit
987 4159 1165 4201 nostra
1214 4148 1386 4216 lingua
1436 4149 1597 4199 omnis
1638 4149 2036 4213 interpretatur.

472 4211 548 4285 Et
577 4227 673 4285 nos
702 4229 935 4285 oramus
978 4227 1033 4270 ut
1072 4211 1407 4285 omnipolens
1439 4218 1592 4270 Pater
1622 4211 1809 4269 omnes
1845 4218 2035 4279 victus,

468 4282 798 4355 spiritualem
846 4299 909 4338 ac
955 4282 1322 4354 corporalem,
1361 4289 1511 4340 nobis
1569 4285 1746 4354 largiri
1794 4286 2041 4355 dignetur

467 4353 610 4405 omni
633 4363 890 4420 tempore.
910 4355 972 4409 Et
986 4357 1183 4410 dimitte
1199 4357 1340 4409 nobis
1360 4358 1524 4410 debita
1538 4353 1728 4422 nostra,
1745 4353 1873 4408 sicut
1890 4365 1933 4408 et
1950 4373 2039 4409 nos

470 4423 768 4492 dimittimus
798 4427 1110 4480 debitoribus
1150 4429 1353 4480 nostris.
1412 4427 1549 4480 Nihil
1600 4428 1739 4479 enim
1784 4428 2035 4492 injustum

2108 501 2257 552 malis
2286 503 2553 575 pra'_teritis
2574 544 2589 567 ,
2619 502 2948 575 pra'senti'bus
2974 514 3019 555 et
3050 505 3253 575 futuris.
3302 505 3412 559 Hoc
3444 510 3686 575 postula-

2112 585 2250 633 mus,
2282 580 2339 623 ut
2386 572 2500 638 ipse
2544 587 2639 624 nos
2668 573 2733 625 ab
2763 572 3010 626 omnibus
3041 574 3192 625 malis
3226 572 3560 641 liheretfqui
3588 592 3688 630 nos

2112 641 2337 710 mundos
2368 651 2421 694 et
2445 643 2611 696 honos
2640 644 2872 705 creavit,
2907 642 2956 695 in
2989 659 3093 710 quo
3118 645 3315 696 nullum
3343 654 3425 699 est
3458 648 3683 707 malum,

2112 708 2383 764 Pro-terim
2411 725 2562 776 sunt,
2618 728 2734 779 nine
2776 711 2883 779 jam
2922 708 3045 766 ante
3094 722 3371 779 peccantes
3410 718 3690 769 commisi-

2112 794 2251 852 mus,
2285 791 2337 833 et
2369 781 2487 852 ideo
2516 778 2720 850 ﬂagella
2762 778 3111 838 sustinemus.
3152 783 3344 836 Futura
3376 795 3535 848 sunt,
3568 802 3691 852 qua:

2112 849 2287 902 adhuc
2311 890 2323 912 ,
2358 850 2572 904 diabolo
2593 849 2920 915 suggerente
2941 893 2955 914 ,
2987 853 3170 907 venire
3200 866 3451 918 possunt;
3482 864 3538 909 et
3568 849 3694 910 ideo

2113 928 2412 995 oratnusot
2437 922 2503 974 ab
2526 922 2789 995 omnibus
2820 921 3132 995 liberemur,
3154 926 3277 992 quia
3310 935 3434 995 ante
3458 941 3695 995 conspe-

2115 999 2263 1069 Ctunt
2310 990 2400 1044 Dei
2451 991 2593 1044 nulla
2636 1000 2758 1073 sunt
2813 992 3126 1060 przeterita,
3174 990 3273 1049 nec
3321 994 3532 1062 futura,
3593 990 3692 1051 sed

2118 1071 2297 1111 omnia
2329 1070 2455 1112 sunt
2480 1070 2789 1127 prtesentia.

2189 1129 2275 1203 ⁸57.
2320 1128 2668 1203 Intercedente
2693 1132 2959 1203 pronobis
2988 1132 3132 1185 beata
3175 1142 3221 1186 et
3242 1134 3469 1203 gloriosa
3492 1151 3696 1199 semper

2116 1198 2311 1272 virgine
2331 1200 2434 1272 _Dei
2466 1200 2717 1272 Cenitrice
2746 1201 2946 1263 Maria,
2995 1212 3040 1254 et
3073 1202 3227 1256 beatis
3244 1198 3502 1272 apostolis
3537 1198 3695 1259 Petro

2120 1280 2166 1342 et
2205 1268 2371 1342 Panto
2416 1280 2564 1342 atque
2595 1270 2819 1342 Angdrea.
2862 1272 3171 1326 lnvocamus
3204 1268 3353 1326 nobis
3392 1275 3443 1327 in
3480 1275 3697 1342 adjuto-

2121 1338 2256 1411 ri_itm
2294 1339 2624 1411 ,Genitricem
2667 1340 2799 1407 Dei,
2848 1357 2969 1411 qua:
3010 1343 3158 1410 virgo
3194 1343 3288 1397 fuit
3311 1353 3436 1398 ante
3461 1338 3694 1411 parium,

2122 1408 2270 1480 virgo
2292 1410 2343 1462 in
2368 1420 2539 1475 partu,
2577 1410 2725 1477 virgo
2758 1408 2881 1479 post
2907 1408 3135 1477 partum.
3185 1413 3245 1466 Et
3274 1408 3700 1480 beatos—aposzo-

2124 1478 2203 1552 los
2226 1520 2240 1543 ,
2273 1480 2360 1552 qui
2403 1481 2553 1535 nobis
2584 1478 2835 1552 mysteria
2881 1482 3196 1536 celebranda
3241 1478 3606 1545 tradiderunt,
3642 1494 3701 1539 ut

2125 1548 2451 1621 intercedant
2483 1566 2580 1619 pro
2611 1548 2787 1616 nobis,
2814 1553 2934 1618 quia
2961 1566 3056 1606 nos
3088 1553 3185 1621 ipsi
3208 1554 3349 1621 digni
3382 1569 3488 1607 non
3513 1568 3702 1607 sumus

2125 1617 2193 1691 de
2222 1617 2505 1691 prteteritis
2535 1635 2597 1674 ac
2628 1621 2979 1685 prasentibus
3005 1617 3216 1676 veniam
3252 1617 3570 1691 promereri,
3602 1640 3703 1678 nec

2125 1689 2192 1740 de
2216 1688 2407 1743 futuris
2435 1693 2697 1744 cautelam
2724 1731 2739 1749 .
2790 1692 2892 1745 nisi
2931 1693 3081 1745 nobis
3116 1688 3297 1746 eorum
3328 1694 3574 1747 oratione
3606 1696 3703 1746 do-

2128 1768 2303 1812 netur.
2344 1760 2460 1813 Jam
2506 1762 2775 1815 oraviuzus
2825 1771 2882 1814 ut
2924 1762 3213 1816 liberemur
3252 1778 3279 1814 a
3327 1764 3521 1827 malis,
3558 1779 3704 1818 nunc

2126 1843 2343 1901 oremus
2383 1838 2440 1883 ut
2468 1873 2480 1891 ,
2512 1830 2781 1900 praedictis
2823 1832 3020 1883 sanctis
3051 1833 3550 1897 intervenientibus,
3587 1836 3704 1901 ipse

2126 1898 2293 1953 donet
2324 1898 2794 1972 pacein—propitius
2825 1902 2876 1955 in
2905 1901 3092 1956 diebus
3116 1907 3344 1965 nostris,
3374 1904 3462 1972 qui
3508 1898 3703 1971 patens

2122 1977 2207 2022 est
2231 1985 2257 2019 ιι
2290 1971 2429 2021 malo
2459 1971 2704 2024 liberare.

2195 2038 2285 2092 38.
2328 2040 2513 2093 Pacem
2551 2055 2578 2092 a
2615 2042 2903 2095 tentatione
2932 2040 3169 2104 diaboli,
3220 2056 3288 2096 ne
3315 2040 3700 2097 inducerentur

2126 2108 2177 2161 in
2209 2124 2359 2175 eam;
2397 2124 2579 2175 pacem
2619 2125 2648 2162 a
2681 2111 2832 2163 malis
2860 2112 3195 2177 hominibus,
3224 2126 3290 2165 ne
3315 2113 3579 2179 patiamur
3607 2115 3702 2165 lla-

2124 2180 2258 2247 gella
2289 2195 2492 2251 eorum.
2542 2179 2610 2234 Ut
2649 2196 2741 2246 ope
2786 2182 3146 2234 misericordia:
3194 2193 3294 2235 tum
3341 2185 3534 2251 ailjuti.
3592 2186 3704 2237 lloc

2126 2260 2226 2321 est,
2261 2260 2316 2302 ut
2346 2250 2436 2303 Dei
2464 2250 2730 2318 adjutorio
2760 2251 2924 2319 adjitti
2950 2270 2962 2302 ε
3016 2252 3057 2303 Α
3086 2262 3289 2321 peccato
3316 2250 3472 2306 simias
3497 2271 3702 2319 semper

2126 2319 2307 2382 liberi,
2349 2328 2394 2372 et
2443 2321 2504 2371 ab
2550 2321 2687 2373 omni
2732 2319 3107 2389 perturbatione
3157 2324 3345 2375 securi.
3407 2323 3516 2377 Hoc
3558 2333 3643 2376 est
3670 2342 3700 2376 a

2125 2390 2353 2457 peccatis
2386 2391 2582 2444 nostris
2611 2390 2841 2445 dimissis
2869 2393 2918 2443 in
2948 2395 3197 2456 praisenti
3222 2393 3416 2446 sarculo
3447 2411 3547 2446 non
3579 2410 3702 2462 per-

2129 2462 2403 2515 turbentur
2431 2464 2619 2516 iterum
2652 2471 2928 2527 peccantes
2950 2501 2967 2527 ,
3003 2477 3098 2515 nec
3128 2462 3178 2514 in
3208 2463 3293 2516 die
3328 2463 3511 2529 judicii
3541 2475 3700 2518 aiter-

2128 2545 2246 2582 nam
2289 2534 2743 2599 perturbationem
2781 2532 3060 2600 patiantur.
3098 2530 3208 2587 Pax
3238 2533 3443 2587 Domitii
3474 2535 3535 2587 sit
3566 2552 3700 2587 sem—

2128 2617 2215 2666 per
2242 2604 2515 2673 robiscum.
2558 2603 2798 2656 Christus
2848 2614 2927 2657 est
2982 2619 3078 2671 pax
3114 2614 3335 2671 interna,
3370 2607 3461 2673 qui
3495 2622 3595 2658 nos
3621 2622 3702 2660 re-

2125 2671 2425 2725 conciliavit
2470 2674 2608 2726 Patri
2655 2688 2746 2736 per
2802 2676 3102 2740 passionem
3149 2690 3295 2729 suam
3324 2718 3339 2738 ,
3386 2671 3456 2729 ne
3485 2687 3703 2743 propter

2130 2754 2400 2806 peccatum
2451 2744 2606 2811 primi
2660 2744 2889 2797 hominis
2935 2745 2985 2797 iti
3028 2744 3241 2798 inferno
3290 2746 3701 2799 detineremur:

2130 2811 2227 2863 hoc
2257 2822 2374 2866 orat
2422 2814 2673 2867 Sacerdos
2698 2854 2712 2877 ,
2762 2825 2822 2867 ut
2870 2816 2957 2867 illa
2986 2828 3083 2880 pax
3114 2830 3233 2868 cum
3261 2816 3458 2883 popqu
3491 2832 3700 2883 perma-

2128 2892 2250 2955 neat
2277 2924 2288 2936 .
2320 2892 2369 2935 et
2420 2897 2608 2937 omnes
2644 2882 2938 2937 concordes
2989 2885 3144 2938 faciat
3166 2926 3180 2949 ,
3214 2882 3272 2939 ut
3324 2882 3542 2955 paciliCe
3577 2902 3702 2939 cunt

2125 2949 2338 3004 Christo
2366 2967 2667 3005 mereamur
2698 2956 2745 3004 in
2776 2958 2915 3007 cinia
2946 2970 3186 3022 regnare.

2200 3022 2355 3092 231
2389 3022 2477 3075 5;).
2513 3024 2576 3076 Et
2607 3024 2725 3096 ideo
2753 3032 2877 3096 tunc
2902 3024 3125 3096 facimus
3168 3041 3350 3096 pacem
3374 3067 3388 3093 ,
3417 3037 3706 3095 antequam

2130 3104 2323 3159 corpus
2354 3102 2408 3146 et
2454 3095 2763 3162 sanguinein
2797 3094 3004 3147 Domitii
3048 3094 3214 3149 nostri
3254 3096 3375 3151 JBSu
3419 3098 3621 3149 Christi
3656 3101 3708 3150 in

2131 3174 2351 3234 corpora
2382 3174 2560 3217 nostra
2589 3166 2960 3232 suscipiamus,
2989 3166 3113 3234 quia
3153 3168 3268 3221 sine
3294 3166 3585 3220 concordia
3615 3168 3708 3219 ili-

2132 3230 2216 3297 gni
2282 3245 2386 3285 non
2440 3248 2626 3287 sumus
2680 3230 2917 3289 sanctam
2964 3230 3389 3291 communionem
3439 3239 3706 3300 acciicre.

2133 3300 2264 3366 Quia
2299 3316 2538 3365 munera,
2569 3304 2613 3357 si
2652 3304 2973 3359 discordiam
3010 3305 3268 3360 habemus
3296 3321 3416 3360 cum
3449 3309 3709 3373 proximis

2134 3373 2350 3442 nostris,
2374 3381 2655 3442 antequam
2687 3375 3128 3439 reconcilientur,
3162 3392 3190 3428 a
3222 3376 3453 3431 Domino
3478 3393 3583 3429 non
3619 3394 3704 3429 re-

2134 3440 2423 3515 cipiuntur.
2454 3440 2603 3497 Tunc
2640 3457 2758 3499 orat
2786 3447 2964 3499 clerus
2990 3487 3004 3509 ,
3036 3446 3301 3501 cantando
3328 3465 3341 3499 :
3375 3447 3554 3515 Agnus
3584 3447 3708 3513 Dei,

2133 3512 2217 3577 qui
2247 3511 2392 3586 tollis
2406 3523 2609 3581 peccata
2632 3515 2831 3586 mundi,
2864 3515 3097 3586 miserere
3120 3518 3281 3570 nobis.
3309 3511 3487 3586 Agnus
3514 3511 3713 3571 dicitur

2138 3592 2354 3653 pmpter
2380 3584 2734 3637 innocentiam
2762 3625 2777 3648 ,
2808 3585 2930 3653 quia
2972 3585 3098 3640 nulli
3140 3584 3439 3652 hominum,
3471 3588 3555 3640 vel
3591 3588 3710 3641 bes-

2137 3651 2327 3705 tiarum
2359 3664 2544 3715 nocet;
2579 3664 2631 3708 et
2656 3656 2777 3708 dum
2807 3651 2872 3709 ad
2898 3656 3168 3711 victimam
3193 3651 3432 3724 ducitur,
3457 3658 3709 3712 occiden-

2140 3728 2242 3773 tem
2266 3737 2324 3776 se
2347 3737 2451 3776 non
2484 3724 2662 3795 laedit,
2704 3726 2797 3779 sed
2829 3726 3121 3795 occisorem
3152 3742 3305 3782 suum
3340 3739 3461 3795 post
3488 3742 3567 3781 occ
3588 3726 3712 3780 isio-

2138 3804 2257 3843 iietn
2289 3808 2437 3845 suam
2468 3793 2655 3848 reﬁcit.
2692 3797 2760 3848 Ita
2788 3808 2839 3850 et
2860 3794 3102 3852 Christus
3128 3793 3533 3861 ιιιιιιιιηιΊςεείι,
3566 3800 3711 3852 sicut

2138 3864 2426 3934 Apostolus
2465 3864 2585 3917 dlt'll
2622 3883 2634 3918 :
2671 3866 2768 3932 Qui
2798 3876 3055 3932 peccatum
3097 3885 3199 3921 non
3228 3868 3368 3934 fecit,
3402 3883 3497 3919 nec
3534 3869 3715 3920 incert.

2136 3940 2218 4006 tus
2240 3942 2310 3985 est
2342 3932 2488 3987 dolus
2511 3936 2563 3987 in
2593 3952 2677 3989 ore
2698 3935 2869 4005 ejusU
2899 3935 3039 3991 Petr.
3074 3932 3262 4006 it,22).
3296 3938 3399 3993 Sed
3435 3948 3551 4005 post
3587 3953 3712 4005 pas-

2136 4001 2340 4056 sionem
2386 4018 2535 4056 siiatn
2594 4001 2881 4061 conversos
2924 4001 3290 4074 persecutores
3335 4001 3466 4061 suos
3514 4001 3712 4060 inultos

2140 4086 2233 4147 per
2262 4082 2498 4147 sanciam
2528 4078 2954 4147 communionem
2987 4080 3229 4147 corporis
3259 4090 3309 4131 et
3330 4079 3607 4144 sanguinis
3632 4078 3716 4131 sui

2142 4142 2328 4215 reiicit,
2364 4151 2420 4215 et
2452 4146 2732 4199 credentes
2772 4147 2914 4199 facit.
2948 4142 3215 4213 Ipse-tulit
3246 4142 3522 4215 peccatum
3557 4164 3681 4201 tuun

2140 4211 2460 4285 di,iquando
2483 4216 2687 4268 veniam
2718 4211 3056 4285 peet'atorum
3088 4211 3437 4273 nobisiledit.

2210 4284 2306 4357 4οε
2330 4284 2460 4348 Quia
2494 4296 2616 4357 ante
2662 4284 2962 4354 passionem
2996 4287 3112 4357 ejus
3145 4288 3271 4357 justi
3310 4298 3363 4341 et
3401 4295 3715 4355 peccatores

2139 4351 2193 4406 in
2231 4353 2495 4408 internum
2537 4351 2959 4421 descenderunt,
2992 4351 3044 4412 et
3070 4361 3119 4411 in
3145 4351 3333 4411 'Veteri
3367 4351 3715 4411 Testamento

2142 4424 2511 4479 remissionem
2546 4438 2882 4507 peccatorum
2908 4444 3164 4507 nusquam
3192 4430 3437 4507 legimus.
3468 4427 3718 4481 Cltrisms

467 4491 613 4555 facit,
646 4495 732 4561 qui
763 4496 862 4549 sibi
895 4492 1107 4551 debenti
1138 4496 1371 4551 debitum
1401 4497 1647 4563 requirit,
1679 4496 1771 4550 sed
1796 4488 2039 4549 siomni-
2068 4488 2119 4548 Ι)
2148 4510 2273 4547 vero
2313 4510 2406 4561 per
2437 4488 2800 4563 ptenitentiam
2835 4513 2938 4550 non
2964 4488 3137 4552 solum
3176 4488 3551 4551 remissionem
3587 4514 3713 4563 pec-

473 4573 661 4629 poteus
707 4566 842 4619 Dens
892 4582 921 4620 a
971 4568 1124 4621 nobis
1168 4567 1343 4621 omnia
1377 4568 1551 4622 debita
1583 4577 1760 4619 nostra
1795 4568 2034 4634 requirit,

476 4634 655 4687 nullus
685 4636 800 4689 sine
830 4638 993 4693 dubio
1023 4638 1292 4693 invenitur
1324 4638 1485 4701 liber;
1517 4650 1569 4692 et
1594 4638 1714 4691 ideo
1748 4651 1843 4689 nos
1871 4638 2038 4690 delle-

473 4719 591 4756 nios
638 4704 967 4761 debitoribus
1017 4712 1215 4762 nostris
1262 4708 1438 4763 debita
1468 4709 1734 4761 dimittere
1755 4748 1769 4770 ,
1802 4717 1859 4760 ut
1888 4709 2041 4761 nobis

470 4776 820 4848 Omnipotens
849 4788 1031 4832 nostra
1062 4779 1316 4843 dimittat,
1344 4781 1463 4847 quia
1502 4780 1611 4848 ipse
1637 4778 1776 4831 dixit
1804 4799 1817 4834 :
1852 4778 1910 4831 Si
1941 4793 2042 4829 non

469 4844 760 4919 remittet-itis
794 4851 1131 4917 unusquisque
1177 4850 1329 4919 fratri
1365 4844 1465 4903 suo
1494 4844 1556 4903 de
1576 4849 1813 4903 cordibus
1842 4850 2039 4910 vestris,

474 4930 564 4989 nec
594 4912 749 4969 Pater
777 4912 943 4972 vester
977 4912 1189 4973 cwlestis
1234 4924 1448 4975 remittet
1476 4920 1613 4973 vobis
1645 4930 1851 4989 peccata
1873 4927 2041 4972 vestra

474 4979 687 5059 (Matth.
716 5003 861 5051 xviii,
895 4990 1010 5058 35).
1051 4992 1112 5043 Et
1137 4993 1305 5050 alibi:
1335 4979 1654 5058 Aufcruntur'
1669 4993 1729 5042 de
1750 5006 1904 5059 regno
1931 4992 2042 5054 ejus

474 5057 646 5109 omnia
672 5061 915 5130 scandala
946 5057 1159 5129 (Matth.
1187 5078 1278 5116 χιιι
1298 5103 1312 5125 ,
1347 5061 1436 5130 41)
1460 5080 1472 5127 ;
1496 5072 1549 5116 et
1572 5067 1695 5115 item
1724 5057 2042 5113 saciilicium

475 5138 581 5179 non
633 5128 903 5194 recipitur,
952 5128 996 5184 Si
1042 5132 1171 5186 illud
1214 5128 1464 5187 si-andalo
1512 5134 1761 5196 olii-rtur;
1795 5130 1888 5184 sed
1920 5141 2044 5183 ante

471 5196 639 5275 altare
677 5197 871 5252 dimitti
897 5202 1132 5275 juhetitr,
1177 5218 1344 5271 usque
1369 5204 1491 5256 dum
1529 5203 1903 5257 reconcilietur
1934 5200 2044 5253 l'ra-

474 5272 688 5335 lllSIIO,
719 5278 773 5321 et
803 5280 927 5324 tunc
956 5272 1134 5326 oll‘erri
1168 5276 1365 5327 mundo
1390 5275 1573 5328 corde.

545 5334 635 5393 36.
674 5334 746 5390 Et
775 5357 838 5393 ue
869 5357 960 5393 nos
984 5343 1200 5396 inducas
1230 5346 1281 5397 in
1314 5345 1659 5398 tcntaiionem.
1702 5343 1811 5397 lloc
1837 5349 1913 5396 est
1936 5378 1951 5404 ,
1979 5355 2046 5395 ne

474 5404 732 5465 inuentus
768 5412 819 5464 in
851 5412 991 5465 illam
1037 5416 1379 5468 tentationem
1407 5456 1421 5479 ,
1472 5417 1522 5467 in
1550 5432 1648 5481 qna
1678 5415 1919 5467 diatmlus
1948 5427 2046 5465 nos

476 5486 683 5551 tenuit,
727 5492 779 5533 ei
822 5483 869 5536 ei
920 5488 1351 5551 consentiamus;
1400 5487 1491 5540 sed
1524 5486 1780 5537 Dmnitms
1809 5485 1922 5546 ipse
1949 5499 2046 5536 nos

474 5546 752 5613 defendat,
786 5567 851 5606 ne
879 5554 1191 5608 inducantur
1233 5557 1284 5609 iit
1326 5546 1671 5610 tentattonem
1705 5552 2045 5616 diabolicain,

476 5620 597 5688 quia
639 5621 683 5673 si
735 5622 989 5675 Dominus
1036 5640 1132 5679 nos
1159 5627 1411 5688 dimittit,
1455 5627 1633 5680 statim
1665 5624 2048 5679 introducimur

477 5686 531 5765 in
558 5685 804 5755 laqueum
843 5692 1039 5765 diaboli
1064 5734 1080 5759 ,
1126 5706 1179 5747 et
1211 5698 1331 5751 ideo
1358 5685 1691 5765 postulamus
1720 5704 1777 5750 ut
1811 5696 1924 5763 ipse
1951 5708 2047 5765 nos

476 5757 666 5811 liberet
695 5774 725 5811 a
759 5762 898 5813 malo
926 5800 940 5826 ,
984 5757 1083 5818 hoc
1113 5776 1214 5831 est,
1243 5768 1311 5822 ab
1336 5757 1480 5823 omni
1511 5757 1904 5835 itttpuguatio'tte
1934 5764 2043 5818 dia-

2144 4573 2408 4630 caturuin,
2438 4567 2529 4619 sed
2559 4566 2717 4620 etiam
2755 4569 3001 4636 gaudium
3048 4569 3199 4621 nobis
3241 4564 3495 4635 promisit
3519 4567 3719 4633 angeli-

2143 4650 2285 4699 cuni,
2317 4636 2500 4689 dicens
2532 4653 2545 4689 :
2586 4636 2844 4691 Caudium
2883 4640 2976 4690 erit
3011 4653 3181 4690 coram
3205 4636 3401 4705 angelis
3439 4636 3531 4689 Dei
3563 4654 3716 4702 super

2144 4720 2243 4777 uno
2267 4716 2528 4775 peccatore
2553 4710 2896 4776 paenitentiam
2919 4718 3096 4777 agente
3126 4708 3277 4777 (Luc.
3304 4722 3395 4771 xv,
3425 4707 3505 4775 Ἰ).
3543 4707 3714 4771 Ipsum

2144 4776 2409 4829 Christum
2437 4820 2451 4842 ,
2495 4778 2583 4845 qui
2626 4789 2707 4832 est
2749 4778 2926 4848 Agnus
2956 4776 3051 4833 Dei
3082 4776 3335 4831 innocens
3362 4816 3376 4839 ,
3410 4779 3501 4844 qui
3532 4790 3718 4848 pasuts

2144 4855 2226 4899 cst
2254 4862 2347 4913 pro
2378 4848 2551 4900 salute
2582 4849 2759 4901 mundi
2794 4847 3061 4915 ,prtitnus
3086 4858 3143 4901 ut
3173 4849 3495 4900 misereatur
3526 4847 3714 4906 nostri,

2145 4917 2383 4969 dicentes
2430 4934 2441 4968 :
2493 4917 2733 4972 Miserere
2778 4921 2937 4971 nobis.
2971 4921 3097 4971 Nam
3141 4926 3195 4972 et
3236 4931 3405 4985 agnus
3456 4918 3509 4967 iit
3539 4915 3715 4969 Veteri

2146 4987 2487 5058 Testamento
2517 5003 2611 5057 pro
2651 4993 2880 5058 peccatis
2929 4987 3105 5056 populi
3154 4987 3486 5041 ulTerehatur
3511 4998 3634 5058 ;_et
3663 4988 3713 5037 iii

2145 5056 2293 5127 Novo
2322 5055 2664 5112 'l‘esmniento
2708 5055 2947 5113 Christus
2994 5061 3345 5127 semetipsum
3385 5055 3715 5127 obtutitDeo

2148 5126 2323 5196 Patri,
2356 5138 2411 5180 ut
2442 5145 2606 5196 genus
2637 5130 2922 5183 humanum
2956 5145 3051 5199 per
3080 5126 3379 5194 passionem
3402 5142 3555 5179 suam
3590 5126 3717 5179 libe-

2146 5210 2286 5251 raret
2315 5214 2344 5251 a
2375 5211 2612 5266 peccato;
2652 5208 2705 5252 et
2752 5198 2872 5252 ideo
2903 5198 3077 5267 Agnus
3128 5199 3217 5250 Dei
3246 5208 3387 5252 .tnnc
3429 5206 3710 5256 cantatur,

2146 5269 2357 5336 quando
2389 5282 2583 5343 corpus
2611 5279 2665 5323 et
2698 5270 2915 5343 sanguis
2947 5267 3140 5343 Christi
3170 5269 3483 5337 percipitur,
3519 5277 3575 5318 ιιι
3603 5281 3714 5343 ont-

2150 5353 2243 5392 nes
2292 5338 2571 5394 credamus
2620 5342 2741 5409 quia
2785 5338 2950 5407 ipsius
2998 5339 3131 5406 Agni
3168 5355 3361 5406 corpus
3412 5349 3467 5409 et
3506 5338 3714 5409 sanguis

2150 5417 2274 5462 tunc
2299 5413 2560 5475 sumitur,
2593 5407 2681 5477 qui
2714 5420 2925 5477 peccata
2959 5409 3138 5463 mundi
3167 5410 3284 5461 tulit
3318 5407 3635 5477 moriendo.
3663 5412 3714 5458 et

2149 5480 2309 5532 vitam
2369 5476 2622 5534 aeternam
2686 5476 2837 5533 nobis
2894 5481 3111 5533 donavit
3172 5481 3509 5539 resurgendo
3564 5476 3713 5531 Jesus

2149 5551 2389 5605 Christus
2423 5552 2676 5605 Dominus
2709 5560 2909 5612 noster,
2940 5553 3029 5617 qui
3073 5564 3190 5602 cum
3234 5549 3392 5602 Patre
3435 5548 3485 5599 in
3519 5551 3716 5598 unitate

2150 5621 2380 5687 Spiritus
2420 5623 2587 5676 sancti
2618 5621 2743 5676 vivit
2773 5632 2825 5676 et
2848 5632 3034 5691 regnat
3058 5635 3151 5689 per
3177 5619 3356 5673 omnia
3387 5618 3587 5670 sascola
3616 5630 3711 5669 sa:-

2149 5693 2406 5748 culoruni.
2442 5696 2633 5746 Amen.

2226 5764 2313 5818 lii.
2359 5763 2559 5834 Etpost
2605 5762 2819 5819 missam
2865 5761 3067 5817 ﬁnitam
3118 5759 3241 5816 dicit
3280 5758 3589 5813 diaconus:
3624 5753 3712 5819 Ite,
