4084 6160
305 346 442 404 “5'5

1234 343 1525 401 APPEND.
1570 342 1661 398 IX.
1705 372 1772 383 --
1804 340 2347 398 SENTlNTlARUM
2388 340 2515 396 LIB.
2561 340 2647 395 IV.

3446 342 3579 399 “Si

302 470 454 521 missa
481 474 575 519 est.
616 464 880 521 Diaconus
909 464 1099 521 Grmce
1125 503 1140 525 ,
1172 464 1403 516 minister
1449 462 1635 516 Latine
1669 461 1885 513 dicitur.
1923 476 1969 527 Α
2000 459 2080 513 lus
2119 468 2271 512 antea
2303 459 2452 511 exire
2473 457 2631 511 debet
2655 455 2722 509 de
2743 455 2969 511 ecclesia
2993 470 3150 526 quam
3181 455 3479 511 nuntiatum
3504 458 3576 512 sit

304 540 391 594 lllc
410 539 619 591 nuntiat
643 536 860 605 populo,
884 538 1025 607 quod
1062 536 1226 588 linitm
1250 542 1374 587 sunt
1399 547 1604 602 preces,
1627 531 1748 600 quia
1779 532 1896 582 nul-

314 681 375 691 .—

383 680 721 690 ψ

1998 529 2066 583 de
2094 529 2362 594 ministro,
2393 538 2447 582 et
2476 541 2667 582 omnes
2692 528 3054 595 reSpondeant
3088 545 3101 579 :
3150 530 3254 580 Deo
3293 529 3507 597 gratias.

1546 768 2151 853 APPENDIX
2229 770 2400 851 1X.

1367 944 1915 1004 SENTENTIARUM
1967 944 2167 1000 LIBER
2211 944 2559 1013 QUARTUS.

374 1093 501 1146 CAP.
534 1107 569 1143 ι.
602 1088 675 1141 De
712 1086 1018 1149 rectoribus,
1063 1085 1287 1154 qualiter
1318 1082 1881 1154 conversationrmrlta-

306 1166 472 1219 beant.
501 1190 573 1202 —
608 1163 655 1214 i.
683 1158 877 1211 Rectur
906 1172 1119 1226 semper
1156 1158 1478 1224 cogitatione
1509 1154 1575 1206 sit
1608 1153 1837 1207 mundus
1864 1194 1879 1217 ,

306 1246 569 1301 quatenus
618 1231 764 1301 nulla
812 1228 958 1301 ΙιιιιιιιΔ
994 1228 1327 1301 itnuiunditia
1380 1227 1617 1301 pollnat,_
1645 1227 1734 1301 qui
1785 1226 1885 1301 hoc

308 1295 543 1369 suscepit
569 1300 827 1359 ol'ticiutn,
862 1310 915 1350 ut
947 1297 999 1350 in
1024 1298 1215 1369 alienis
1254 1313 1466 1367 quoque
1491 1295 1743 1349 cordibus
1773 1295 1887 1369 pol-

310 1366 523 1428 lutionis
555 1370 791 1425 maculas
822 1378 1011 1436 tergat.
1055 1367 1285 1421 Necesse
1324 1379 1405 1423 est
1438 1379 1493 1419 ut
1521 1382 1641 1421 esse
1687 1366 1881 1419 munda

308 1448 519 1499 studeat
548 1454 736 1494 manus
766 1454 881 1505 quae
911 1440 1115 1492 diluere
1139 1439 1326 1492 sordes
1355 1438 1578 1491 aliorum
1612 1446 1785 1501 curat,
1816 1452 1885 1489 ne

312 1526 446 1569 tacta
471 1527 695 1582 qumque
717 1510 950 1582 deterius
975 1508 1248 1577 inquinet,
1279 1512 1320 1561 si
1347 1508 1563 1582 sordida
1591 1509 1885 1582 insequens

310 1577 673 1640 lutum-tenet.
715 1580 846 1633 Hinc
886 1594 1115 1647 namque
1156 1594 1251 1644 per
1283 1578 1593 1642 prophetam
1635 1577 1832 1631 dicitur
1866 1596 1879 1631 :

311 1654 657 1717 Mnndamitti,
687 1652 774 1719 qui
800 1650 941 1720 fertis
968 1666 1085 1702 vasa
1117 1647 1323 1701 Domini
1354 1648 1506 1717 (lsai.
1539 1649 1664 1712 Ltt,l
1685 1648 1760 1720 Ι),
1790 1650 1885 1701 Do-

312 1728 440 1781 mini
472 1724 669 1778 etenim
702 1718 850 1773 vasta
884 1721 1059 1773 lerunt
1083 1759 1098 1782 ,
1141 1721 1230 1785 qui
1270 1722 1636 1785 proximorum
1679 1718 1882 1772 animas

1994 1083 2228 1156 siderat,
2264 1083 2392 1136 loris
2432 1097 2605 1156 onera
2637 1083 2933 1138 carnalium
2984 1094 3183 1156 portat.
3223 1087 3337 1155 Ipsa
3377 1091 3579 1149 scilicet

1998 1152 2205 1206 Veritas
2241 1168 2335 1221 per
2372 1153 2770 1221 susceptionem
2813 1152 3208 1211 nobis'nostra:
3237 1152 3582 1220 humanitatis

2000 1232 2247 1283 ostensa,
2281 1224 2331 1276 in
2366 1232 2549 1276 monte
2577 1225 2805 1277 orationi
2836 1226 3080 1289 inhaeret,
3125 1229 3377 1283 miracula
3411 1232 3463 1287 in
3495 1252 3583 1288 ur-

1994 1293 2149 1346 hibus
2183 1302 2402 1347 exercet
2448 1292 2602 1361 (Luc.
2653 1310 2731 1358 vt,
2784 1294 2910 1362 1‘2),
2968 1299 3280 1354 imitationis
3328 1302 3583 1360 videlictet

1992 1364 2127 1416 viam
2161 1364 2318 1417 bouis
2357 1366 2653 1417 rectoribus
2678 1374 2925 1419 sternens
2951 1406 2965 1429 ,
3010 1379 3065 1419 ut
3095 1369 3138 1420 si
3178 1372 3334 1424 etiam
3367 1387 3573 1431 summa

1993 1434 2408 1502 contemplando
2434 1444 2731 1501 appetunt,
2777 1438 3189 1492 necessitatibus
3223 1449 3397 1497 tamen
3433 1447 3581 1499 iulir-

1995 1509 2251 1579 mautiuui
2277 1506 3021 1579 compatietuld‘misceanlur.
3042 1510 3138 1575 Qui
3171 1510 3431 1579 regimine
3458 1533 3576 1579 pas-

1996 1576 2149 1653 tor-ali
2180 1586 2303 1653 sunt
2332 1576 2449 1653 aliis
2483 1575 2682 1643 prazlati
2703 1617 2718 1639 ,
2740 1575 3350 1653 _tales_sAe_exhilieant,
3382 1575 3577 1653 quibus

1991 1646 2216 1710 subIeCti
2241 1648 2453 1719 occulta
2497 1661 2588 1697 sua
2623 1646 2849 1719 prodere
2889 1649 3046 1717 233
3077 1666 3182 1704 non
3213 1646 3574 1719 erubescant;

1994 1726 2050 1768 ιιι
2080 1732 2200 1792 cum
2232 1717 2586 1792 tentationutn
2621 1717 2817 1792 tinctus
2851 1720 3055 1792 parvuli
3086 1722 3338 1789 tolerant,
3367 1725 3433 1779 ad
3461 1717 3582 1792 ρειεέ

310 1798 375 1848 ad
407 1807 603 1848 a‘terna
631 1790 863 1871 sacraria
898 1784 1350 1871 perducendasin
1374 1805 1485 1843 sua:
1515 1792 1881 1871 convcrsatio-
1922 1814 1965 1871 Β
1997 1787 2380 1871 lorisiueiitein
2404 1784 2553 1867 quasi
2575 1786 2639 1871 a_d
2665 1786 2849 1868 matris
2869 1789 3045 1871 sinum
3070 1784 3369 1871 recurrant.
3396 1784 3583 1852 Et'hoc

311 1867 393 1921 nis
437 1867 538 1918 lide
577 1861 894 1931 suscipiunt.
936 1862 1087 1925 Aptul
1126 1863 1451 1927 semetipsos
1486 1870 1739 1927 quantum
1783 1860 1889 1913 de-

315 1937 473 1990 beant
506 1933 752 1989 mundari
780 1931 1134 1999 conspiciant,
1165 1931 1251 1997 qui
1282 1932 1441 2002 232
1468 1931 1533 1983 ad
1574 1931 1891 2002 aiteruitats

309 2008 563 2071 templum
606 2017 735 2057 vasa
789 2003 1018 2055 viventia
1064 2002 1115 2055 in
1158 2003 1276 2055 sinu
1310 2001 1536 2071 propria!
1576 2001 1886 2065 Sponsiouis

311 2084 543 2146 portant.
596 2074 732 2146 Hinc
769 2072 1489 2146 divi_na__voce_praecipitur
1519 2081 1575 2124 ut
1617 2071 1668 2146 in
1710 2076 1889 2146 Aaron

315 2140 534 2215 pectore
572 2142 835 2198 rationale
861 2140 1047 2215 judicii
1098 2144 1239 2195 vittis
1287 2142 1891 2215 ligantihusimprima-

312 2207 398 2272 iur
420 2214 612 2287 (Exod.
639 2228 833 2287 xxviii,
859 2207 983 2281 15);
1017 2223 1277 2287 quatenus
1307 2207 1641 2287 sacerdotale
1671 2228 1763 2287 cor
1792 2227 1887 2287 ne-

309 2283 575 2357 quaquam
620 2285 973 2357 cogitationnes
1017 2283 1173 2357 illius
1221 2283 1570 2352 possideant,
1610 2283 1704 2357 ενα
1726 2283 1890 2357 ⁵ιιςιιίθ

308 2349 995 2425 sola'coiistritig:it_(Grrg.
1033 2352 1159 2423 Reg.
1194 2349 1329 2425 past.
1356 2373 1408 2425 p.
1437 2369 1499 2419 ιι,
1528 2370 1574 2406 c.
1615 2352 1690 2417 2;
1725 2349 1851 2405 Taio
1872 2394 1887 2419 ,

308 2430 398 2481 lib.
430 2442 470 2481 ιι
500 2425 644 2481 Sent.
679 2422 724 2477 ὁ.
748 2422 864 2486 55).

378 2499 435 2551 9..
462 2496 565 2551 Nec
598 2498 944 2549 indiscretum
985 2492 1109 2563 quid
1135 2494 1216 2548 vel
1268 2493 1457 2547 inutile
1488 2492 1687 2560 cogitet
1710 2534 1726 2555 ,
1759 2492 1846 2562 qui
1871 2534 1886 2556 ,

307 2568 375 2621 ad
437 2566 739 2634 exemplum
787 2564 909 2617 aliis
954 2566 1297 2633 constitutus,
1339 2581 1402 2618 ex
1452 2566 1717 2633 gravitate
1768 2565 1891 2618 vita:

306 2652 522 2706 semper
550 2636 711 2690 debet
755 2635 1043 2706 ostendere
1083 2645 1335 2703 quantam
1381 2636 1431 2688 in
1474 2645 1693 2705 pectore
1725 2635 1889 2687 ratio«

306 2704 441 2762 nem
458 2715 652 2776 portet.
681 2705 733 2758 In
758 2704 944 2775 judicii
985 2706 1243 2759 rationale
1268 2745 1283 2771 ,
1318 2707 1459 2773 quod
1480 2704 1550 2758 in
1581 2710 1757 2776 Aaron
1802 2718 1893 2773 pe-

304 2775 710 2845 etore'ponitur,
751 2777 1055 2843 praecipitur
1081 2784 1136 2829 ut
1159 2777 1435 2830 duodecim
1465 2775 1887 2844 patriarcharum

310 2850 532 2902 nomina
564 2846 951 2901 describantur.
999 2849 1271 2913 Ascriptos
1312 2847 1505 2899 etenim
1541 2858 1715 2912 patres
1743 2860 1889 2897 sem-

310 2935 410 2987 per
440 2918 492 2971 in
534 2929 752 2986 pectore
781 2918 919 2975 ferre
958 2926 1039 2970 est
1082 2921 1421 2985 antiquorum
1460 2920 1618 2968 vitam
1658 2915 1780 2987 rsine
1810 2914 1891 2987 iu-

308 2986 653 3044 termissione
683 2987 941 3057 cogitare.
981 2987 1131 3041 Tunc
1164 2989 1414 3039 sacerdos
1448 2986 1889 3057 irrepreheusibi-

306 3060 433 3115 liter
478 3056 901 3127 graditur,’cum
942 3058 1186 3125 exempla
1220 3064 1427 3125 patrum
1472 3056 1887 3124 pratcedentiuin

306 3131 679 3184 indesinenter
710 3131 941 3181 intuetur
967 3169 980 3191 ,
1024 3142 1143 3180 cum
1176 3138 1480 3183 sanctorum
1512 3128 1733 3194 vestigia
1767 3129 1885 3180 sine

306 3201 609 3255 cessatione
638 3201 963 3262 considerat,
1004 3206 1059 3250 et
1086 3197 1439 3265 cogitationes
1467 3196 1679 3249 illicitas
1705 3197 1884 3261 deprio

308 3272 435 3334 mit,
472 3285 537 3323 ne
563 3278 711 3321 extra
734 3267 935 3321 ordinis
978 3266 1197 3320 limitem
1240 3269 1421 3334 operis
1464 3270 1650 3335 pedem
1683 3266 1883 3320 tendat.

309 3340 482 3393 Debet
524 3347 699 3393 rector
736 3336 915 3391 subtili
947 3351 1160 3404 semper
1187 3338 1435 3391 examine
1467 3340 1601 3390 bona
1636 3337 1885 3403 malaque

310 3410 641 3472 discernere,
673 3416 725 3461 et
756 3422 894 3474 qtue,
930 3406 1010 3461 vel
1036 3409 1247 3476 quibus,
1281 3407 1516 3476 quando,
1548 3407 1627 3460 vel
1658 3408 1886 3472 qualiter

307 3489 633 3546 congruant,
693 3476 933 3531 Studiose
979 3476 1259 3546 cogitare,
1319 3476 1556 3545 nihilque
1612 3477 1882 3544 proprium

306 3563 576 3619 qurerere,
610 3548 702 3601 sed
728 3562 821 3601 sua
849 3547 1130 3601 commoda
1160 3548 1578 3615 propinquorum
1601 3548 1881 3619 deputare.

383 3621 438 3673 3.
477 3620 559 3673 Sit
597 3626 774 3673 rector
800 3619 1112 3685 operatione
1145 3621 1477 3687 praecipuus,
1518 3628 1573 3671 ιιι
1602 3616 1722 3670 vitae
1746 3620 1883 3672 viain

306 3690 539 3744 subditis
570 3689 706 3743 bene
728 3687 953 3742 vivendo
973 3688 1271 3752 denuntiet,
1304 3697 1359 3744 et
1389 3703 1517 3757 grex
1542 3727 1558 3753 ,
1589 3688 1676 3758 qui
1702 3700 1882 3755 pasto-

306 3762 387 3815 ris
416 3774 597 3814 vocem
642 3771 920 3827 moresque
958 3759 1199 3827 sequitur
1223 3798 1237 3823 ,
1279 3772 1373 3827 per
1410 3762 1652 3825 exempla
1694 3758 1885 3813 melius

306 3846 471 3899 quam
498 3845 587 3899 per
610 3829 766 3882 verba
797 3828 1091 3899 gradiatur.
1114 3829 1214 3883 Per
1240 3829 1471 3882 divinam
1504 3829 1670 3897 legem
1701 3829 1885 3894 prarci-

309 3898 455 3967 pitur
486 3917 499 3952 :
532 3898 795 3954 Sacerdos
832 3901 883 3951 in
926 3898 1244 3953 sacriﬁcium
1288 3914 1495 3952 armum
1525 3900 1777 3967 dextrum
1796 3913 1885 3951 ac-

307 3971 494 4038 cipiat,
522 3982 571 4025 et
603 3977 906 4033 separatum
935 3967 1133 4037 (Exod.
1167 3984 1312 4034 xxix,
1340 3967 1457 4035 22),
1489 3982 1541 4021 ιιι
1574 3986 1675 4020 non
1706 3966 1881 4022 solum

308 4044 382 4094 sit
408 4042 524 4109 ejus
554 4042 793 4107 operatio
820 4039 983 4102 utilis,
1015 4039 1107 4094 sed
1139 4042 1301 4093 etiam
1332 4039 1638 4109 singularis;
1680 4052 1776 4109 nec
1804 4038 1886 4091 iu-

310 4121 394 4164 ter
418 4108 584 4165 malos
608 4110 973 4163 tantummodo
994 4125 1113 4176 qum
1139 4120 1280 4163 I‘CCLI
1312 4108 1435 4164 sunt
1460 4109 1636 4170 faciat,
1670 4108 1761 4162 sed
1794 4112 1884 4162 he-

311 4197 382 4235 ne
412 4196 623 4251 quoque
652 4188 937 4248 operantes
966 4182 1205 4233 subditus
1229 4220 1246 4242 ,
1284 4181 1423 4234 sicut
1456 4179 1658 4233 honore
1680 4180 1885 4233 ordinis

310 4261 552 4321 supcrat,
586 4257 653 4304 ita
675 4254 833 4304 etiam
853 4265 1059 4303 tuorum
1089 4254 1284 4303 virtute
1307 4253 1669 4304 transcendat.
1694 4252 1887 4321 Sacer-7

310 4319 425 4375 doti
458 4326 507 4375 in
533 4337 627 4375 esu
651 4321 1014 4390 pCClUSCttlum
1046 4336 1166 4374 cum
1191 4336 1341 4374 armo
1375 4321 1641 4382 tribuitur,
1665 4330 1720 4372 ιιι
1743 4319 1881 4388 quod

310 4395 383 4446 de
413 4393 677 4447 sacrificio
708 4390 1011 4458 praecipitur
1053 4406 1268 4446 sumere
1293 4432 1307 4458 ,
1351 4391 1451 4445 hoc
1488 4392 1554 4444 de
1594 4395 1884 4458 semetipso

312 4465 515 4517 auctori
538 4464 705 4517 discat
727 4462 1026 4515 immolare.
1060 4464 1124 4515 Et
1156 4478 1259 4515 non
1286 4462 1457 4516 solum
1483 4460 1745 4531 peccatori
1765 4475 1883 4528 quin

1993 1856 2132 1931 quod
2158 1873 2215 1911 se
2239 1858 2501 1931 inquinari
2528 1857 2785 1931 pulsantis
2807 1857 2975 1931 culpte
2996 1860 3243 1917 sordibus
3267 1867 3577 1931 praeviderat,

1994 1929 2388 1982 exhortationis
2436 1926 2552 1997 ejus
2583 1927 2773 1982 solatio
2824 1942 2887 1983 ac
2936 1929 3188 2000 lacrymis
3214 1926 3472 1989 orationis
3501 1926 3578 1991 la;

1995 2010 2141 2052 \‘Cﬂl.

2044 2072 2119 2123 ιι.
2154 2069 2237 2125 Sit
2266 2080 2444 2123 rector
2472 2068 2806 2124 internornm
2834 2082 3020 2124 curam
3051 2070 3103 2125 in
3129 2074 3463 2129 exteriorum
3492 2093 3581 2134 oc-

1994 2142 2279 2212 cupatione
2306 2156 2410 2193 non
2443 2142 2711 2212 minuens,
2754 2140 3080 2195 exteriorum
3110 2144 3495 2212 providentiam
3526 2151 3577 2203 in

1997 2211 2327 2265 internoruni
2359 2210 2724 2263 sollicitudine
2757 2225 2860 2263 non
2887 2210 3194 2279 relinquens
3216 2255 3230 2279 ,
3267 2231 3334 2269 ne
3363 2227 3454 2271 aut
3484 2234 3573 2273 ex-

1996 2284 2280 2353 terioribus
2308 2279 2518 2334 deditus
2546 2280 2614 2334 ab
2643 2280 2843 2353 intimis
2871 2294 3107 2353 corruat.
3140 2294 3253 2353 aut,
3287 2288 3414 2340 solis
3440 2290 3578 2343 inte-

1996 2349 2229 2423 rioribus
2269 2362 2583 2423 occupatus,
2614 2364 2747 2423 qua:
2796 2351 2923 2403 loris
2966 2351 3124 2407 debet
3168 2349 3424 2423 proximis
3475 2374 3579 2414 non

1994 2420 2288 2495 itnpcndat.
2326 2422 2709 2495 Sacerdotibus
2735 2423 3025 2495 pet-legem
3049 2420 3352 2495 pra'cipitur
3377 2438 3435 2480 ut
3467 2438 3582 2483 tou-

1993 2490 2182 2569 dentes
2216 2492 2438 2545 tondant
2466 2492 2638 2559 capita
2670 2506 2763 2569 sua
2797 2490 3184 2569 (1?_§etth._:!l.lv
3209 2490 3227 2561 ξ
3253 2496 3378 2569 20),
3404 2505 3462 2552 ιιι
3493 2506 3582 2553 vi-

2000 2563 2195 2616 delicet
2240 2577 2382 2615 ctum
2433 2563 2738 2636 temporalis
2781 2564 3203 2629 sollicitudines,
3243 2575 3297 2621 et
3323 2563 3576 2636 quantum

1995 2646 2215 2709 nec-eme
2246 2642 2327 2709 est
2372 2632 2687 2709 provideant
2714 2670 2730 2695 ,
2772 2641 2824 2687 et
2858 2643 3042 2709 tamen
3068 2632 3370 2709 recidantur
3394 2640 3577 2709 citius,

1995 2717 2061 2775 ne
2083 2702 2485 2755 immoderatius
2507 2711 2849 2767 excrescant;
2872 2704 2995 2756 dum
3028 2705 3186 2773 igitur
3208 2716 3261 2761 et
3285 2724 3376 2775 per
3403 2702 3578 2765 adrui;

1994 2772 2271 2826 nistratani
2336 2775 2659 2826 esteriorem
2711 2772 3098 2841 providentiam
3137 2772 3420 2845 corporum
3470 2781 3575 2835 vita

2000 2845 2321 2911 protegitur,
2366 2856 2418 2895 et
2464 2858 2648 2895 rursus
2689 2859 2783 2911 per
2829 2846 3157 2899 moderatam
3195 2848 3373 2901 cordis
3402 2849 3579 2905 intert-

1997 2913 2194 2966 tionein
2230 2931 2331 2967 non
2361 2912 2669 2978 impeditur,
2700 2915 2877 2978 capilli
2912 2915 2961 2967 in
2995 2917 3168 2984 capite
3190 2920 3483 2974 sacerdotis
3514 2930 3571 2975 et

1993 2995 2296 3046 servantur,
2351 2991 2407 3035 ιιι
2454 2998 2636 3052 aurem
2683 2986 3014 3052 cuoperiant,
3057 2995 3111 3040 et
3146 2998 3569 3051 resecantur,ue

1992 3054 2191 3129 oculos
2212 3053 2462 3107 claudant
2487 3051 2668 3123 (Greg.
2706 3051 2834 3124 Heg.
2862 3125 2872 3129 Δ
2898 3065 3119 3129 ραειηιι.
3151 3071 3232 3121 ιι,
3266 3075 3313 3113 c.
3345 3059 3398 3117 7.
3429 3059 3506 3129 8).

2068 3124 2377 3197 7.7Necesse
2408 3132 2575 3197 estut
2604 3133 2779 3197 rector
2798 3125 3024 3179 solerter
3047 3127 3302 3197 invigilet.
3337 3146 3400 3183 ne
3426 3124 3567 3186 hunc

1993 3196 2185 3264 cupido
2216 3194 2457 3262 placendi
2491 3195 2791 3249 hominibus
2823 3198 3028 3262 pulset,
3076 3214 3143 3254 ne
3161 3194 3295 3253 'cutn
3327 3203 3569 3256 studiose

1990 3265 2242 3319 interiora
2278 3276 2539 3333 penetrat,
2574 3280 2693 3318 cum
2728 3267 2949 3333 provide
2988 3271 3251 3322 exteriOra
3279 3270 3574 3327 subminis-

1990 3346 2116 3401 trat,
2148 3353 2206 3390 se
2232 3338 2399 3405 magis
2417 3351 2457 3410 _a
2485 3336 2717 3410 subditis
2743 3336 2883 3410 diligi
2912 3352 3069 3404 quam
3113 3339 3389 3410 veritatem
3423 3357 3572 3410 qua:-

1989 3418 2091 3471 rat,
2119 3421 2186 3459 ne
2215 3421 2334 3458 cum
2362 3446 2377 3470 ,
2414 3405 2568 3458 bonis
2596 3406 2804 3458 actibus
2830 3406 3024 3472 fultus,
3072 3422 3100 3459 a
3132 3409 3331 3462 mundo
3361 3405 3571 3466 videtur

1987 3476 2216 3543 alienus,
2250 3475 2391 3527 hunc
2420 3475 2667 3528 Auctoris
2693 3476 2880 3529 reddat
2904 3486 3217 3532 extraneum
3244 3494 3395 3534 amor
3414 3496 3569 3536 suus.

1990 3546 2173 3621 Hostis
2205 3546 2579 3621 Redemptoris
2605 3556 2709 3621 est,
2738 3547 2826 3615 qui
2858 3562 2967 3621 per
2986 3558 3129 3604 recta
3159 3564 3319 3621 opera
3350 3567 3469 3621 qua;
3493 3552 3575 3607 fa-

1986 3616 2062 3693 cit
2086 3616 2213 3693 ejus
2247 3616 2361 3670 vice
2396 3615 2466 3693 ab
2511 3615 2746 3693 Ecclesla
2800 3618 2969 3672 amari
3014 3615 3388 3689 concupiscit,
3443 3626 3564 3693 quia

1986 3684 2305 3743 adulterium
2334 3684 2689 3762 cogitationis
2745 3703 2867 3742 reus
2913 3697 3036 3755 est,
3091 3692 3136 3744 si
3194 3684 3402 3762 placere
3440 3684 3571 3762 puer

1985 3770 2199 3824 Sponsae
2228 3757 2397 3811 oculis
2424 3760 2643 3824 appetit,
2676 3771 2772 3824 per
2793 3772 2950 3827 quem
2970 3757 3204 3825 Sponsus
3224 3761 3364 3816 dona
3385 3757 3560 3819 trans-

1986 3829 2149 3882 misit.
2190 3828 2561 3883 Necessarium
2591 3828 2747 3881 valde
2791 3830 3085 3882 rectoribus
3116 3838 3199 3884 est
3231 3841 3285 3884 ut
3320 3846 3445 3887 cura
3479 3849 3565 3889 re-

1984 3898 2204 3971 giminis
2233 3906 2374 3971 tanta
2416 3897 2793 3952 moderaminis
2820 3907 2934 3951 arte
2966 3910 3293 3971 temperetur
3318 3942 3335 3969 ,
3380 3914 3569 3971 quale-

1986 3983 2087 4022 nus
2127 3968 2455 4022 subditorum
2494 3983 2665 4031 mens,
2715 3983 2837 4021 cum
2880 3968 3123 4036 quazdam
3176 3968 3325 4026 recta
3366 3968 3569 4029 sentire

1989 4040 2217 4106 potuerit
2241 4080 2255 4103 ,
2286 4042 2362 4092 sic
2394 4040 2443 4095 in
2473 4040 2616 4092 vocis
2646 4037 2945 4092 libertatem
2982 4042 3243 4107 prodeat,
3292 4052 3350 4097 ιιι
3390 4054 3567 4099 tamen

1986 4108 2206 4162 libertas
2239 4108 2290 4161 in
2316 4108 2620 4175 superbiam
2652 4124 2755 4162 non
2786 4121 3068 4175 erumpat;
3097 4128 3161 4164 ne
3186 4113 3310 4167 dum
3339 4115 3573 4170 fortasse

1986 4178 2389 4250 immoderatius
2420 4179 2609 4245 linguae
2643 4180 2720 4233 eis
2754 4178 2973 4233 libertas
2994 4183 3326 4250 conceditur,
3361 4186 3485 4241 vita:
3505 4189 3573 4241 ab

1986 4248 2070 4303 his
2097 4251 2371 4303 humilitas
2397 4254 2695 4301 amittatur.

2057 4319 2133 4395 8.”
2155 4321 2377 4387 Oportet
2418 4319 2579 4386 igitur
2611 4328 2667 4371 ιιι
2697 4329 2935 4375 rectores
2964 4320 3089 4395 boni
3120 4324 3197 4377 sic
3227 4325 3444 4395 piacere
3472 4326 3571 4381 ho-

1988 4389 2218 4445 minibus
2268 4400 2567 4457 appetant,
2618 4398 2675 4443 ut
2716 4405 2826 4444 suae
2864 4389 3245 4450 a'stimationis'
3280 4397 3570 4453 dulcedine

1995 4463 2266 4531 proximos
2311 4462 2361 4531 in
2406 4460 2650 4515 allectum
2684 4463 2923 4516 veritatis
2958 4467 3213 4529 trahant,
3262 4482 3367 4520 nou
3413 4477 3470 4520 ιιι
3510 4484 3571 4522 se

315 4542 463 4588 recta
495 4544 634 4607 sunt
654 4534 854 4607 cogitet
875 4572 891 4597 ,
932 4533 1024 4607 sed
1054 4544 1383 4607 spectatores
1403 4522 1526 4586 suos
1552 4532 1617 4585 ad
1644 4522 1888 4607 sublimia
1922 4522 1968 4582 D
1996 4522 2525 4607 atnaridesidereut,
2566 4531 2667 4607 sed
2708 4542 2765 4585 ut
2801 4522 3371 4607 dilectionemtsuam,
3415 4539 3567 4607 quasi

311 4618 466 4657 armo
490 4605 667 4674 operis
693 4602 879 4657 invitet
915 4602 1090 4672 (Greg.
1122 4604 1245 4673 Reg.
1279 4614 1411 4671 past.
1442 4620 1494 4672 p.
1530 4618 1588 4668 ιι,
1614 4618 1661 4655 c.
1695 4603 1773 4674 5).

384 4675 440 4729 4.
474 4673 622 4728 Nolla
656 4674 932 4742 praesentis
957 4676 1077 4727 vita:
1110 4684 1285 4727 rector
1308 4683 1555 4742 appetat,
1598 4673 1739 4725 nulla
1772 4686 1893 4739 per-

315 4747 582 4806 timescat,
618 4746 980 4798 blandimenta
1015 4744 1195 4797 mundi
1221 4758 1466 4810 resin-cio
1496 4744 1682 4797 intimo
1716 4751 1889 4795 terro—

312 4817 390 4871 ris
431 4816 711 4883 despiciat.
755 4814 1011 4868 Terrores
1052 4830 1228 4867 autem
1282 4814 1619 4867 considerato
1667 4814 1891 4867 interna:

312 4885 617 4940 dulcedinis
649 4884 1013 4939 blandimento
1039 4894 1367 4939 contemnat.
1400 4884 1483 4938 Sit
1508 4896 1682 4937 rector
1709 4885 1893 4951 singu-

315 4959 380 5010 lis
412 4957 779 5024 compassioue
811 4954 1082 5023 prosimus
1108 4998 1122 5018 ,
1169 4971 1276 5024 pne
1316 4955 1524 5008 eunetis
1556 4956 1891 5021 contempla-

316 5028 462 5079 time
486 5040 801 5094 su-pensus,
836 5034 891 5078 ut
913 5037 963 5077 et
992 5042 1083 5091 p--r
1114 5027 1328 5093 pietatis
1355 5032 1559 5079 viscera
1590 5027 1641 5078 in
1661 5040 1721 5080 se
1745 5026 1894 5077 iulir-

316 5098 555 5150 ltiitalt‘nl
593 5106 904 5150 cieterorum
948 5100 1254 5159 transierat,
1306 5108 1359 5150 et
1389 5111 1483 5165 per
1510 5096 1892 5163 speculationis

315 5167 655 5221 altitudinem
681 5165 1022 5231 semetipsum
1048 5182 1258 5235 quoque
1288 5166 1566 5221 invisibilia
1590 5165 1894 5236 appetendo

317 5240 661 5291 transcendat
683 5278 696 5297 ,
745 5254 808 5289 ne
849 5247 937 5288 aut
967 5237 1073 5289 alta
1108 5249 1292 5302 petens
1314 5240 1679 5305 proximorum
1712 5237 1890 5290 inlitna

318 5308 429 5378 lAl.
461 5306 691 5378 iulirma]
718 5306 994 5371 despiciat,
1028 5319 1118 5359 aut
1145 5308 1342 5360 inlimis
1368 5308 1731 5371 i'roximorum
1765 5323 1894 5363 con-

314 5392 516 5447 gruens
544 5388 800 5447 appetere
822 5378 922 5429 alta
958 5379 1248 5446 relinquat.
1289 5378 1541 5433 Pastores
1569 5396 1672 5433 non
1716 5381 1890 5434 solum

316 5463 529 5502 sursum
575 5458 815 5502 sanctum
847 5456 1007 5516 eaput
1038 5448 1292 5501 Ecclesia:
1317 5450 1562 5504 videlicet
1609 5450 1891 5503 Dominum

316 5520 729 5588 contemplanda
773 5530 1067 5589 appetunt,
1122 5522 1214 5571 sed
1267 5521 1518 5573 deorsum
1571 5536 1782 5589 quoque
1827 5519 1893 5572 ad

319 5591 557 5643 membra
590 5590 732 5642 illius
761 5588 1061 5641 miserando
1091 5590 1418 5643 descendunt
1447 5589 1633 5655 (Ibit!.,
1659 5588 1706 5644 c.
1739 5590 1817 5659 5).

392 5663 445 5713 5.
494 5660 624 5713 lline
673 5660 879 5726 Moyses
913 5660 1103 5711 crebro
1158 5660 1556 5715 tabernaculum
1608 5671 1787 5724 intrat,
1841 5669 1896 5714 et

318 5729 445 5799 exit,
490 5738 545 5782 et
569 5732 657 5799 qui
690 5733 828 5781 intus
861 5731 909 5780 in
941 5732 1442 5797 Contemplationcnt
1487 5735 1685 5799 rapitur
1716 5773 1731 5796 ,
1768 5732 1894 5785 loris

322 5798 703 5854 iulirmantiutu
736 5799 961 5869 negotiis
990 5811 1227 5867 urgetur.
1262 5805 1404 5856 lntus
1430 5803 1523 5857 Dei
1552 5798 1743 5855 arcana
1768 5819 1894 5856 cott-

1997 4601 2279 4670 quamdam
2313 4604 2449 4653 viam
2480 4603 2690 4667 faciant,
2734 4618 2827 4671 per
2854 4620 3011 4670 quam
3043 4605 3202 4656 corda
3235 4601 3569 4661 audientium

1996 4674 2060 4724 ad
2103 4688 2167 4724 au
2192 4686 2339 4726 orem
2359 4672 2677 4747 Qonditoris
2718 4674 3080 4747 intr-odorant.
3124 4674 3349 4747 Dillicile
3379 4678 3573 4747 quippe

1996 4754 2075 4795 est
2107 4753 2163 4816 ut
2189 4743 2485 4816 quamlibet
2522 4751 2666 4796 recta
2705 4742 3023 4816 denuntians
3069 4742 3429 4813 pranlieator',
3473 4742 3570 4816 qui

1996 4828 2111 4885 non,
2132 4814 2388 4882 diligitur,
2420 4814 2647 4867 libenter
2664 4815 2925 4866 audiatur.
2956 4815 3126 4885 Omne
3149 4821 3248 4870 hoc
3269 4819 3409 4885 quod
3437 4814 3575 4885 prte-

1997 4883 2239 4938 niisimus
2270 4887 2370 4938 rite
2398 4901 2427 4936 ιι
2458 4895 2665 4938 rectore
2703 4885 2892 4953 agitur,
2925 4884 2969 4936 si
2997 4900 3245 4953 superum
3278 4883 3575 4943 formidinis

1997 4965 2048 5007 et
2080 4954 2384 5008 dilectionis
2421 4954 2612 5022 spiritu
2644 4952 2853 5007 alﬂatus
2891 4952 3131 5010 studiose
3161 4958 3400 5023 quotidie
3435 4960 3573 5014 saeii

1995 5026 2189 5093 eloquii
2221 5038 2482 5091 praecepta
2512 5025 2817 5087 meditetur,
2852 5035 2909 5078 ut
2940 5028 2991 5079 in
3024 5040 3091 5080 eo
3123 5028 3228 5079 vim
3262 5029 3580 5083 sollicitudi-

1997 5098 2102 5163 nis,
2132 5107 2183 5151 et
2212 5110 2336 5164 erga
2366 5096 2643 5149 caelestem
2678 5094 2837 5147 vitam
2873 5094 3105 5163 provida:
3138 5099 3579 5167 circumspectio-

2001 5169 2105 5230 nis,
2142 5181 2299 5233 quam
2333 5168 2582 5219 humana:
2614 5167 3035 5220 conversationis
3075 5182 3173 5221 usu
3214 5169 3580 5225 indesinenter

1998 5236 2263 5302 destruit,
2316 5236 2510 5288 divina:
2550 5236 2930 5292 admonitionis
2964 5238 3122 5291 verba
3155 5252 3451 5294 restaurent
3481 5258 3495 5307 ;
3526 5251 3581 5295 et

1998 5307 2088 5376 qui
2113 5310 2177 5360 ad
2213 5315 2530 5361 vetustatem
2573 5322 2666 5374 per
2697 5308 3009 5362 societatem
3052 5311 3390 5364 εωειιῑειιίιιιιι
3431 5311 3582 5365 duci-

2003 5388 2109 5453 tur,
2144 5378 2208 5453 ad
2243 5392 2481 5453 amorem
2529 5392 2742 5445 semper
2781 5380 3074 5453 spirituali‘s
3110 5384 3297 5453 patria:
3322 5396 3581 5453 Compon-

2000 5448 2193 5520 etionis
2224 5448 2547 5520 aspiratione
2578 5459 2861 5520 renovetur
2889 5450 2907 5520 (
2931 5447 3093 5515 lbid.,
3119 5466 3164 5505 c.
3194 5452 3251 5504 ll
3288 5452 3329 5520 ).

2073 5519 2124 5573 9.
2158 5518 2293 5584 Quia
2341 5520 2500 5588 igitur
2534 5519 2706 5588 qualis
2741 5532 2861 5573 esse
2888 5518 3073 5575 delicat
3111 5518 3294 5590 pastor
3334 5525 3583 5589 superius

2001 5591 2359 5653 ostendimus,
2386 5604 2526 5644 nunc
2547 5590 2773 5657 qualiter
2789 5590 2976 5644 doct-at
2996 5592 3444 5647 demonstremus.
3469 5596 3583 5649 Non

2003 5676 2127 5722 una,
2160 5661 2455 5729 eademque
2478 5659 2688 5714 cunctis
2715 5662 3021 5733 exhortatio
3042 5666 3307 5731 congruit,
3341 5666 3459 5733 quia
3484 5682 3581 5720 nec

2002 5742 2224 5785 cunctos
2265 5746 2371 5803 pari
2405 5746 2614 5784 morum
2655 5732 2885 5799 qualitas
2934 5734 3197 5802 astring't.
3250 5732 3405 5803 Saepe
3436 5752 3585 5789 nam-

2007 5819 2111 5872 que
2139 5804 2258 5856 aliis
2290 5802 2533 5857 alliciunt
2561 5818 2676 5873 qua:
2705 5804 2821 5857 aliis
2852 5816 3095 5873 prosunt,
3120 5805 3239 5873 quia
3262 5820 3311 5861 ct
3343 5802 3580 5877 plerum-
