4004 6144
474 326 617 386 1155

1247 326 1337 381 AD
1375 323 1432 380 S.
1476 324 1713 380 ISIDORI
1757 324 2195 382 IIISPALENSIS
2234 324 2461 381 OPERA
2502 324 2945 383 APPENDICES.

3589 338 3729 392 H56

473 464 579 519 que
600 448 781 504 herba:
806 462 920 519 quze
943 446 1056 499 lucc
1084 442 1327 519 animalia
1350 443 1609 519 nutriunt.
1634 442 1730 519 alia
1762 442 2029 519 occidunt,
2065 451 2107 509 Α
2146 442 2294 519 scopi
2322 443 2493 519 iocum
2529 449 2737 519 tenent;
2765 441 3091 519 solveridiac
3123 440 3317 519 ligandi
3345 448 3724 519 auctoritatem

474 510 532 576 et
577 520 714 574 lenis
742 510 928 573 sibilus
968 528 1133 584 equos
1180 512 1414 579 mitigat,
1459 512 1659 584 catulos
1691 510 1948 584 instignr,
1980 520 2034 584 et

476 590 919 645 medicamentum
951 580 1089 648 quod
1126 584 1263 634 hunc
1286 584 1527 635 morbum
1559 582 1850 643 imminuit,
1882 580 2032 633 alteri

476 662 619 713 vires
639 659 843 725 jungit;
874 654 1035 726 234
1055 662 1108 707 et
1132 650 1297 726 panis,
1332 652 1419 726 qui
1449 651 1609 726 vitam
1638 650 2034 726 fortium_robo-

476 740 580 792 rat,
607 720 966 797 parvuloruhi'
985 720 1156 797 liccat.
1193 724 1327 797 Apte
1360 720 1708 797 tintinnabula
1743 721 2029 797 vestimen—

478 801 546 852 tis
570 790 836 866 pontiﬁcis
857 795 1230 866 describuntur
1253 793 1468 843 inserta.
1492 790 1814 866 Vestimenta
1838 790 2033 842 etenim

476 861 771 923 sacerdotis
801 864 925 934 quid
956 864 1096 916 aliud
1120 876 1273 929 quam
1304 870 1445 934 recta
1477 861 1925 934 operaﬂdebeiuus
1948 874 2035 934 ac-_

476 939 676 1005 cipere,
711 928 964 1003 propheta
996 928 1280 1005 attestaute
1305 969 1318 991 ,
1362 932 1448 998 qui
1478 932 1602 1005 ait_:_
1627 928 1939 1005 Sacerdotes
1961 930 2035 980 tui

475 999 759 1059 induantur
776 999 975 1074 justitia
1006 1001 1188 1074 (Ρδιιι.Δ
1205 1016 1309 1074 cxx
1325 1016 1401 1063 ιιι,
1432 999 1532 1069 9)?
1566 999 1905 1074 Vestimentis
1931 1001 2032 1051 ita-

483 1092 586 1144 que
622 1070 1145 1129 illius'tintinnabula
1175 1070 1465 1135 inhaerent,
1514 1080 1568 1122 ιιι
1598 1071 1889 1144 vitaz_via_ni
1916 1083 2035 1121 cum

480 1138 674 1213 lingua:
701 1145 875 1197 sooitu
904 1144 1015 1211 ipsa
1046 1156 1255 1213 quoque
1278 1154 1441 1213 opera
1478 1138 1770 1213 sacerdotis
1804 1140 2037 1213 clament

482 1208 829 1293 (Cfeg._prol.
862 1230 897 1293 ιι
922 1208 1211 1293 ῇιαηιζιζεέζ.
1245 1208 1374 1291 past;
1399 1208 1547 1275 Taio,
1580 1208 1667 1263 lib.
1695 1223 1753 1275 ιι,
1782 1224 1827 1261 c.

554 1278 637 1338 10⁷.
665 1278 769 1338 Nos
795 1278 1136 1351 quia'inlirnii
1168 1278 1420 1351 homines
1456 1294 1659 1351 smnus,
1684 1294 1803 1332 cum
1835 1278 1903 1351 de
1930 1279 2039 1351 Deo

482 1354 783 1408 hominibus
813 1348 1087 1420 loquimur
1113 1390 1127 1414 ,
1165 1349 1420 1420 debemus
1468 1350 1690 1413 primum
1734 1348 2039 1402 meminisse

480 1425 605 1492 quid
636 1438 817 1476 sumus
841 1463 854 1484 ,
887 1418 940 1473 ut
970 1437 1031 1474 ex
1059 1418 1266 1492 propria
1292 1418 1596 1492 iniit-innate
1628 1432 1907 1492 ,_eiiseiiii;s
1936 1434 2040 1492 quo

481 1488 707 1547 docendi
738 1493 923 1545 ordine
954 1492 1175 1543 inllrniis
1203 1488 1450 1541 fratribus
1471 1489 1828 1541 consulamus.
1861 1488 2043 1540 Consi-

481 1563 731 1617 deretnus
761 1564 917 1631 igitur
943 1559 1059 1627 quia
1087 1567 1175 1631 aut
1217 1558 1344 1631 tales
1372 1572 1564 1631 sumus
1594 1561 1779 1631 quales
1810 1558 2041 1631 nonnul-

486 1632 566 1686 los
588 1626 922 1700 corrigimus,
954 1626 1042 1681 aut
1071 1629 1201 1679 tales
1233 1628 1518 1691 aliquando
1545 1626 1755 1689 inimus,
1784 1637 1837 1679 et
1861 1628 1903 1681 si
1931 1630 2041 1693 jam

481 1702 662 1755 divina
690 1702 852 1766 gratia
880 1709 1133 1766 operante
1165 1712 1267 1749 non
1299 1711 1503 1761 smnus,
1547 1707 1602 1750 ut
1623 1706 1766 1749 tanto
1797 1712 1891 1752 eos
1912 1708 2043 1749 tem-

483 1774 754 1841 perantius
782 1771 943 1841 corde
974 1767 1155 1841 humili
1180 1766 1539 1841 eorrigamus,
1575 1779 1770 1833 quanto
1802 1777 2036 1841 nosmet-

482 1837 628 1910 ipsos
653 1841 827 1896 verius
878 1837 1060 1910 in__liis
1114 1851 1247 1910 quos
1293 1837 1640 1910 cineiidsinus
1685 1837 2040 1910 agnoscimus.

481 1906 746 1981 Scriptum
774 1920 853 1964 est
884 1925 896 1961 :
931 1906 1083 1981 Filia:
1121 1906 1207 1959 tibi
1230 1916 1348 1981 sunt
1369 1907 1394 1959 .7
1424 1906 1583 1960 Serva
1609 1922 1789 1981 corpus
1816 1906 2042 1981 illorum,

480 1995 527 2036 et
559 1975 657 2035 non
687 1981 921 2033 ostendas
965 1978 1179 2031 hilarem
1210 1977 1389 2045 [aciem
1421 1986 1557 2028 tuam
1597 1979 1663 2027 ad
1698 1978 1814 2027 illus
1853 1975 2041 2045 (Eccli.

478 2068 574 2116 vn,
602 2050 722 2128 26).
752 2052 975 2128 Inlirmie
1000 2048 1208 2128 quippe
1236 2046 1424 2128 anima:
1444 2087 1458 2109 ,
1488 2057 1647 2112 atque
1668 2046 1730 2097 ad
1753 2047 2044 2128 appetitum

485 2116 883 2176 inundi'deditaa
908 2162 923 2185 ,
948 2116 1473 2187 taliquandojmeh‘us
1514 2130 1577 2168 ex
1626 2121 1907 2169 severitate
1935 2131 2047 2187 sier.

480 2202 707 2254 vantnr,
756 2200 812 2243 ut
855 2185 1133 2242 obfirmata
1177 2185 1359 2249 facies,
1404 2185 1583 2249 idest,
1631 2199 1723 2254 per
1749 2186 2046 2239 severitatis

482 2262 776 2315 custodiam
814 2260 878 2311 ab
905 2259 1049 2310 omni
1096 2271 1188 2323 spe
1221 2256 1423 2309 frit-ohe
1464 2256 1792 2308 remissionis
1818 2257 2046 2308 obducta

484 2334 872 2383 inconstantem
901 2328 1134 2379 animum
1178 2334 1373 2378 terreat
1394 2364 1407 2389 ,
1450 2336 1606 2394 atque
1634 2338 1663 2375 a
1692 2325 2047 2394 delectatione

482 2400 729 2453 vitiorum
761 2399 1107 2452 districtionis
1138 2412 1243 2447 sum
1277 2395 1450 2464 rigore
1488 2392 1817 2462 censtringat
1847 2392 2041 2464 (Grcg.

482 2469 669 2523 Morat.
706 2471 743 2523 I.
776 2482 933 2535 xxiii,
961 2482 1004 2520 c.
1042 2464 1129 2529 15,
1158 2462 1327 2535 n.25;
1358 2464 1502 2532 Taio,
1535 2467 1572 2518 ι.
1606 2480 1640 2518 ιι
1672 2480 1717 2517 c.
1750 2464 1817 2518 56
1840 2462 1865 2531 ;“
1888 2465 2042 2535 (Ii-eg.

486 2555 527 2604 ι,
563 2540 753 2593 Ezech.
785 2532 930 2591 hom.
958 2538 1039 2604 12,
1072 2553 1122 2587 ιι.
1155 2532 1267 2604 51).

560 2612 647 2664 ll.
668 2610 817 2676 Quod
839 2622 955 2660 cum
974 2622 1000 2658 a
1022 2606 1241 2676 ductore
1262 2604 1453 2672 agitur,
1484 2618 1697 2672 semper
1723 2616 1939 2657 necesse
1962 2612 2046 2658 est

486 2692 545 2734 ιιι
571 2675 798 2735 dulcedo
825 2686 877 2729 et
907 2676 1174 2729 humilitas
1204 2675 1254 2726 iu
1287 2676 1447 2727 corde
1479 2683 1716 2732 teneatur
1740 2712 1754 2737 ,
1785 2682 2045 2740 quatenus

486 2761 539 2803 et
569 2750 784 2802 multum
810 2756 973 2810 amet,
1003 2756 1056 2798 et
1080 2758 1343 2811 nunquam
1376 2752 1556 2796 contra
1590 2759 1709 2796 eum
1737 2759 1828 2809 per
1854 2744 2040 2797 elatio-

489 2836 607 2873 nem
635 2817 925 2883 superbiat;
959 2815 1041 2867 cui
1070 2825 1241 2865 tamen
1264 2827 1501 2883 amorem
1524 2827 1674 2865 suum
1694 2824 1758 2883 et
1781 2814 2044 2866 humilita-

485 2899 592 2943 tem
622 2882 717 2956 pro
748 2887 969 2939 utilitate
998 2884 1110 2952 ejus
1153 2882 1375 2956 prodere
1404 2892 1632 2956 recusat.
1666 2882 1795 2936 Cum
1822 2897 1912 2949 per
1957 2898 2045 2935 ze-

486 2959 592 3012 lum
615 2953 821 3009 animus
848 2962 1092 3007 movetur
1116 2954 1358 3015 rectoris,
1382 2953 1672 3005 curandum
1705 2966 2043 3020 summopere

482 3037 566 3081 est
593 3042 659 3080 nc
689 3027 800 3078 bzee
828 3024 1012 3078 eadem
1043 3038 1161 3090 qua:
1194 3024 1544 3075 instrumento
1586 3023 1795 3075 virtutis
1818 3022 2042 3075 asSumi-

486 3109 590 3161 tur,
619 3098 781 3149 menti
806 3098 879 3147 ira
902 3094 1224 3156 dominetur,
1259 3106 1323 3145 ne
1345 3093 1493 3161 quasi
1519 3093 1730 3146 domina
1757 3093 2040 3159 pra-cedat,

484 3140 590 3220 ἑέἱί
1433 3174 1610 3229 parata
1636 3177 1662 3212 a
1698 3140 1912 3213 ratriouis
1942 3140 2046 3214 ter:
2075 3140 2119 3206 ε

485 3253 551 3306 go
576 3250 839 3303 nunquam
865 3231 1267 3306 receilata'l'unc
1289 3233 1430 3284 enim
1455 3242 1643 3306 contra
1661 3229 1782 3283 vitia
1804 3232 2045 3306 erigitur,

482 3299 601 3361 cum
630 3299 835 3357 subdita
878 3301 1065 3356 rationi
1102 3301 1403 3353 famulatur.
1444 3302 1540 3367 Qui
1570 3302 1682 3354 zelo
1715 3299 2047 3353 rectitudinis

492 3386 753 3438 ni0vetur,
796 3376 872 3427 sic
900 3373 1083 3440 culpas
1122 3370 1535 3438 delinquentium
1561 3372 1810 3439 corrigat,
1842 3380 1896 3421 ut
1924 3381 2047 3424 ante

486 3451 597 3513 ipse
628 3444 717 3513 qui
749 3443 966 3513 corrigit
994 3457 1093 3513 per
1118 3442 1417 3513 patientiam
1449 3451 1675 3505 crescat;
1701 3451 1757 3492 ut
1788 3444 2046 3493 lcrvorcm

485 3510 909 3570 transcendendo
932 3511 1205 3580 dijudicet,
1234 3526 1299 3562 ne
1324 3510 1765 3577 intemperantius
1787 3520 2048 3563 excitatus

484 3586 601 3653 ipso
654 3584 771 3653 zelo
830 3581 1161 3653 rectitudinis
1194 3581 1349 3653 longe
1389 3595 1418 3633 a
1467 3580 1785 3635 rectitudine
1834 3581 2048 3633 oberret

482 3650 660 3730 {Uret}.
692 3652 1101 3730 ριοιθιιιηνηιό,
1134 3666 1187 3703 ιι.
1219 3650 1333 3730 8-2).
1529 3717 1541 3729 ⁸
1634 3720 1645 3730 .
1888 3718 1901 3730 .
1938 3719 1949 3729 ⁸

557 3720 643 3777 ιέ.
688 3728 823 3776 Sunt
867 3722 1104 3789 plerique
1147 3728 1415 3788 pastorum
1456 3720 1572 3788 qui,
1616 3720 1741 3773 dum
1780 3720 1949 3773 metiri
1990 3732 2047 3773 se

484 3797 726 3848 nesciunt
752 3809 869 3861 qua:
921 3808 1024 3844 non
1062 3790 1361 3842 didicerunt
1403 3790 1486 3841 dot
1505 3802 1596 3842 ere
1626 3802 2002 3858 conCupiscuut
2029 3806 2042 3854 ;

482 3867 574 3933 qui
610 3864 814 3933 pondus
844 3862 1129 3933 magisterii
1161 3868 1306 3933 tanto
1338 3861 1502 3912 levius
1532 3864 1819 3933 :cstiniant,
1849 3870 2046 3933 quanto

487 3931 1006 4002 vim'iiiagnittidii'iis
1037 3932 1175 3982 illius
1202 3931 1464 3997 ignorant,
1507 3940 1559 3980 ιιι
1589 3932 1711 3997 quia
1748 3932 1954 4002 iiidOCti
1984 3944 2046 4002 ac

485 4000 782 4072 praccipites
801 4004 1050 4055 doctrina:
1069 4009 1233 4072 aitem
1262 4008 1727 4072 tenereappetunt,
1753 4018 1776 4050 :i
1801 4000 2045 4068 pm'cipi-

487 4070 700 4126 iationis
729 4087 837 4124 sua:
864 4074 1078 4123 ausibus
1113 4072 1161 4121 in
1204 4071 1319 4135 ipsa
1368 4073 1646 4123 locutionis
1683 4070 1841 4137 janua
1868 4071 2012 4137 repel

486 4148 687 4197 linitur.
744 4143 894 4194 Nulla
937 4156 1022 4193 ars
1064 4141 1241 4192 doceri
1286 4141 1656 4206 praesumitur,
1699 4141 1795 4192 nisi
1846 4141 2043 4192 intenta

484 4213 627 4281 prius
667 4212 1006 4264 meditatione
1045 4210 1295 4261 discatur.
1331 4212 1409 4261 Ab
1456 4210 1711 4281 imperitis
1754 4224 1880 4277 ergo
1920 4224 2039 4277 pas-

489 4280 652 4335 torale
677 4283 1034 4346 magisterium
1058 4294 1158 4344 qua
1183 4282 1477 4331 temeritate
1500 4280 1807 4346 suscipitur,
1837 4281 2045 4344 quando

485 4365 574 4405 ars
596 4360 677 4404 est
702 4352 892 4402 artium
929 4350 1160 4417 regimen
1188 4350 1517 4401 animarum?
1548 4352 1679 4402 Sunt
1699 4351 1932 4401 nonnulli
1955 4350 2043 4416 qui

483 4422 618 4475 intra
646 4430 881 4473 sanctam
930 4416 1206 4471 ecClesiam
1251 4431 1342 4484 per
1369 4419 1600 4484 Speciem
1632 4420 1905 4487 regiminis
1932 4426 2043 4485 glu-

2072 1804 2120 1861 Β

2136 512 2453 579 suscipiunt,
2485 514 2570 578 qui
2597 513 2816 581 gradum
2842 513 3104 576 regiminis
3131 514 3452 565 Sortiuntur.
3486 516 3723 569 Grandis

2135 581 2305 634 honor
2339 583 2652 645 pontilicalis
2680 620 2694 645 ,
2726 582 2819 635 sed
2849 583 3048 649 grande
3083 583 3287 648 pondus
3323 583 3477 637 istius
3505 598 3585 637 est
3622 589 3722 637 liu-

2134 652 2302 703 noris.
2348 650 2545 703 Durum
2587 652 2784 719 quippe
2815 663 2897 704 est
2929 661 2985 703 ut
3012 655 3099 719 qui
3130 652 3302 705 nescit
3326 663 3511 705 tenere
3536 658 3727 708 mode-

2135 720 2503 791 rainina‘vitre
2541 736 2655 791 sua;
2680 721 2841 791 jodex
2871 722 2989 773 vite
3025 726 3113 773 tiat
3149 722 3337 775 aliena:
3396 722 3725 791 Plerumque

2134 788 2391 857 contingit
2418 800 2473 842 ut
2504 790 2614 857 ipse
2638 789 2825 858 judicii
2856 790 3026 843 locum
3062 802 3236 845 teneat
3262 831 3277 854 ,
3315 792 3401 844 cui
3446 796 3512 845 ad
3543 788 3721 848 locum

2138 862 2239 929 vita
2267 861 2482 913 minime
2510 861 2820 929 concordat.
2863 860 2928 913 Et
2951 875 3096 928 Siepe
3138 862 3245 929 agit
3288 871 3344 913 ut
3389 864 3470 914 vel
3501 863 3727 918 damnet

2139 927 2455 1011 immeritus,
2494 928 2729 1011 velalios
2757 930 2867 1009 ipse
2889 927 3078 1011 ligatus
3108 927 3280 1011 solvat
3312 929 3486 1011 (Iaio.
3585 948 3647 1011 ii.
3673 952 3727 989 τ.

2141 996 2228 1061 58,
2262 1004 2394 1051 circa
2421 1001 2551 1063 ﬁn.;
2582 997 2737 1067 Greg.
2758 996 2789 1063 ,ί
2814 1001 2867 1051 in
2908 996 3104 1067 Evang.
3139 1000 3278 1053 Ιιυιη.
3309 996 3401 1064 “26,
3434 1019 3489 1055 η.
3515 1001 3565 1061 4,
3603 1003 3688 1069 5).

2214 1069 2300 1123 ll.
2342 1070 2491 1131 Smpe
2512 1071 2561 1121 in
2592 1070 2861 1122 solvendis
2880 1084 2942 1122 ac
2972 1070 3206 1139 ligandls
3235 1070 3461 1125 subditis
3488 1087 3601 1125 sua:
3632 1090 3731 1125 ru-

2140 1138 2357 1191 luntatis
2382 1139 2510 1205 (AL,
2539 1144 2841 1206 Votuptatis)
2873 1138 3068 1207 motus,
3104 1156 3209 1193 non
3237 1150 3411 1193 autem
3438 1157 3727 1197 causarum

2142 1208 2353 1272 merita,
2381 1209 2608 1276 sequitu:
2629 1212 2815 1277 ;unde
2835 1210 2892 1261 lit
2924 1216 2978 1262 ut
3000 1210 3111 1276 ipse
3139 1210 3407 1277 etligandi
3434 1218 3491 1263 et
3509 1215 3727 1266 solven-

2141 1278 2194 1330 di
2221 1285 2484 1346 potestate
2514 1293 2571 1332 se
2597 1276 2785 1343 privet,
2816 1278 2908 1347 qui
2935 1282 3069 1332 lianc
3092 1294 3190 1348 pro
3207 1276 3316 1333 suis
3333 1281 3725 1347 voluptatibus,

2140 1358 2195 1402 et
2224 1364 2329 1402 non
2363 1363 2456 1416 pro
2486 1348 2843 1415 subjeCtorum
2878 1349 3085 1403 meritis
3107 1357 3342 1403 exercet.
3380 1350 3537 1417 Saepe
3570 1353 3629 1404 lit
3665 1362 3724 1405 ut

2143 1432 2271 1487 erga
2298 1417 2592 1485 quemlibet
2620 1418 2920 1486 proximum
2952 1418 3076 1472 odio
3124 1419 3204 1472 vel
3237 1427 3407 1487 gratia
3445 1431 3730 1474 moveatur

2144 1497 2345 1557 pastor.
2370 1488 2620 1558 ludit-are
2662 1499 2836 1541 autem
2868 1489 3027 1556 digne
3048 1488 3115 1542 de
3150 1490 3378 1543 SUbdillS
3423 1501 3725 1558 nequeunt,

2144 1558 2232 1625 qui
2267 1559 2317 1610 in
2370 1557 2702 1611 subditorum
2744 1573 2920 1610 t-auSis
2959 1575 3051 1612 sua
3086 1560 3165 1611 vel
3206 1558 3324 1612 odia
3358 1562 3438 1613 vel
3492 1557 3726 1627 gratiam

2146 1634 2462 1694 sequuntur;
2496 1628 2632 1679 unde
2665 1636 2808 1680 recte
2838 1643 2931 1696 per
2963 1630 3303 1695 prophetim:
3330 1627 3729 1695 Mortiﬁcabnut

2146 1702 2362 1761 animos,
2394 1713 2506 1766 quat
2537 1714 2638 1749 non
2672 1702 2979 1766 merguntur,
3027 1709 3073 1750 et
3126 1700 3447 1764 vivi/imbuat
3499 1702 3725 1762 animos,

2148 1783 2258 1833 quw
2289 1764 2595 1839 non'vivunt
2643 1764 2857 1839 (Ezecli.
2883 1783 2998 1831 xm,
3032 1768 3136 1836 19).
3201 1768 3478 1823 Viveiitem
3529 1771 3732 1839 quippe

2150 1835 2454 1901 inertilicat,
2476 1838 2563 1905 qui
2584 1835 2782 1903 justum
2809 1838 3062 1902 damnat;
3093 1835 3146 1890 ct
3177 1853 3279 1890 non
3306 1835 3568 1892 victurum
3593 1835 3730 1893 vivi-

2146 1906 2303 1977 licere
2327 1907 2535 1973 nititur,
2562 1909 2648 1975 qui
2682 1922 2829 1960 reum
2880 1909 3141 1977 supplicio
3182 1909 3462 1962 abSulvere
3482 1919 3731 1963 conatur.

2219 1976 2303 2028 l3.
2346 1976 2598 2031 Nonnulli
2624 1976 2991 2044 episcoporum
3023 1979 3219 2031 donum
3250 1980 3456 2046 accepti
3486 1980 3728 2048 Spiritus

2146 2044 2196 2098 in
2227 2061 2378 2100 usmu
2412 2047 2585 2099 solent
2617 2048 2994 2113 negotiatimiis
3024 2062 3296 2110 exercere,
3350 2044 3405 2102 et
3434 2044 3731 2102 miraculu-

2145 2130 2261 2167 rum
2284 2117 2431 2184 signa
2468 2121 2532 2167 ad
2559 2116 2795 2170 avaritia:
2824 2119 3132 2185 obsequium
3163 2119 3451 2172 declinire.
3481 2119 3621 2173 llznc
3649 2130 3733 2173 est

2144 2185 2287 2237 enim
2316 2186 2454 2252 quod
2479 2185 2663 2239 Simon
2698 2200 2789 2255 per
2820 2186 3216 2253 iinpositionem
3244 2202 3430 2241 manus
3451 2189 3598 2241 edita
3634 2206 3733 2243 mi-

2145 2256 2751 2327 raculaconeupiscens,
2779 2258 3053 2327 percipere
3083 2259 3278 2311 donum
3308 2257 3539 2326 Spiritus
3573 2275 3735 2327 pecu-

2145 2325 2232 2377 nia
2263 2326 2424 2377 vuluit
2454 2327 2591 2393 (Act.
2619 2340 2731 2391 vui,
2768 2325 2877 2393 l8);
2910 2328 3115 2380 scilicet
3139 2325 3440 2381 utdelerius
3464 2325 3730 2383 venderet

2144 2394 2283 2463 quod
2308 2394 2462 2468 malet
2490 2408 2871 2468 comparasset.
2905 2396 3230 2464 Redemptor
3270 2406 3465 2468 Anoster
3516 2400 3733 2468 ﬂagello

2143 2468 2210 2518 de
2232 2465 2495 2535 resticulis
2522 2463 2629 2519 fact
2651 2487 2681 2530 ι,
2715 2467 2779 2519 de
2809 2469 3005 2535 templo
3030 2463 3207 2521 turbas
3234 2466 3412 2535 ejecit,
3437 2463 3734 2524 eatlie'dras

2145 2534 2486 2607 vendentium
2519 2539 2791 2607 columbas
2834 2534 3023 2590 evertit
3051 2535 3232 2607 (Joan.
3262 2534 3320 2604 ii,
3361 2538 3481 2607 l5).
3514 2540 3732 2593 Colum-

2145 2603 2239 2657 bas
2268 2604 2481 2679 quippe
2516 2606 2758 2679 tenderet
2795 2616 2878 2679 est
2921 2603 3315 2679 inipo'sitionem
3356 2603 3573 2672 manus,
3629 2625 3733 2679 qua

2143 2684 2360 2727 sanctus
2392 2673 2621 2742 Spiritus
2651 2676 2928 2743 accipitur,
2955 2673 3060 2731 non
3089 2678 3155 2730 ad
3186 2680 3305 2730 vit-.e
3338 2679 3613 2740 meritum,
3637 2673 3731 2732 sed

2144 2743 2233 2815 ad
2260 2759 2538 2811 prtemium
2576 2745 2725 2799 dare.
2777 2744 2914 2799 Sunt
2955 2748 3197 2801 nonnulli
3245 2748 3333 2815 qui
3378 2763 3732 2801 numin0ium

2144 2814 2364 2883 quidem
2419 2815 2635 2882 przeinia
2661 2832 2725 2869 ex
2786 2816 3122 2871 ordinatione
3167 2814 3275 2870 non
3323 2818 3616 2885 accipiunt,
3674 2831 3733 2871 et

2144 2891 2319 2937 tamen
2344 2886 2896 2956 sacrosordinespro
2928 2888 3153 2939 humana
3199 2888 3370 2956 gratia
3408 2890 3730 2955 largiuntur,

2143 2961 2303 3018 atque
2327 2954 2394 3006 de
2418 2955 2664 3021 largitate
2692 2955 2879 3009 eadem
2915 2958 3089 3011 laudis
3118 2954 3454 3011 solummodo
3498 2954 3733 3011 retribu-

2145 3022 2344 3079 tionem
2377 3038 2637 3091 quzerunt.
2701 3026 2761 3078 lli
2795 3027 3066 3092 nimirum,
3097 3026 3240 3095 quod
3290 3031 3458 3096 gratis
3497 3044 3739 3096 accepe-

2150 3101 2298 3156 runt,
2330 3102 2495 3163 gratis
2523 3110 2630 3146 non
2659 3096 2980 3162 retribuunt,
3007 3098 3127 3162 quia
3157 3096 3227 3151 de
3279 3098 3523 3165 impenso
3552 3101 3737 3151 ol'ticio

2150 3166 2448 3237 sanctitatis
2497 3179 2773 3237 nummum
2816 3167 3042 3237 favoris
3084 3175 3340 3236 expetunt
3412 3166 3599 3237 (Greg.
3641 3174 3737 3221 im

2149 3230 2346 3301 Ecang,
2373 3233 2511 3286 liam.
2545 3234 2598 3297 4,
2633 3251 2681 3285 ιι.
2716 3233 2779 3301 4;
2814 3235 2959 3290 Taio.
2993 3251 3027 3288 ιι
3050 3278 3063 3300 ,
3091 3230 3205 3303 40⁷).

2217 3303 2346 3355 Cui.
2389 3318 2446 3355 ιι.
2499 3303 2573 3355 De
2592 3305 2805 3368 clericis,
2833 3308 3007 3373 quales
3036 3323 3117 3359 eos
3150 3323 3259 3361 esse
3311 3317 3561 3374 oporteat.
3599 3313 3732 3364 —I.

2149 3371 2388 3425 Clericus
2410 3374 2777 3428 admonendus
2815 3371 2919 3439 est,
2955 3384 3216 3441 quatenus
3238 3378 3317 3431 sic
3341 3371 3502 3443 vivat,
3551 3388 3611 3431 ut
3643 3380 3735 3433 bu-

2150 3456 2280 3514 nuni
2305 3444 2605 3514 exemplum
2640 3445 2761 3497 vita:
2807 3462 2916 3498 sua:
2961 3449 3307 3501 Saecularibus
3358 3450 3619 3514 praebeat.
3676 3452 3732 3504 In

2155 3511 2351 3587 clerico
2374 3512 2417 3587 si
2443 3515 2565 3581 quid
2594 3514 2737 3581 juste
2763 3516 3196 3587 reprehenditur,
3226 3533 3289 3570 ex
3320 3511 3438 3587 eius
3466 3519 3595 3570 vitio
3621 3520 3734 3587 ipsa

2148 3582 2422 3650 religiOnis
2453 3591 2648 3635 nostra:
2678 3582 2958 3639 a-stiinatia
2998 3598 3267 3653 gravatur.
3299 3582 3495 3641 Clerici
3524 3582 3737 3643 discant

2150 3659 2206 3725 ut
2236 3668 2351 3718 quae
2376 3667 2403 3704 a
2435 3654 2737 3707 senioribus
2768 3657 2878 3709 suis
2903 3656 3450 3725 jubcnturimpleant,
3480 3668 3537 3710 ut
3567 3662 3737 3713 humi-

2150 3721 2273 3775 liter
2302 3740 2485 3775 eoruni
2519 3725 2753 3796 imperils
2784 3721 3113 3792 sobjaCeant.
3151 3735 3210 3781 ut
3237 3721 3332 3781 nec
3355 3721 3622 3796 sobjectio
3644 3744 3738 3782 eos

2147 3800 2411 3857 conterat,
2438 3807 2535 3847 nec
2558 3794 2705 3846 locus
2736 3797 2977 3862 snperiur
3007 3799 3247 3851 extollat.
3294 3794 3490 3851 Clerici
3522 3799 3738 3851 discunt

2148 3865 2415 3937 quomodo
2444 3872 2566 3937 ante
2593 3865 2782 3917 occulti
2810 3866 3005 3919 Arbitri
3043 3869 3224 3921 oculos
3252 3882 3348 3937 per
3378 3868 3736 3922 humilitatem

2148 3940 2204 3983 et
2237 3932 2601 4005 obedientiam
2633 3949 2746 4005 sua
2778 3938 3035 3994 interiora
3089 3932 3435 4005 componant,
3475 3946 3739 4003 quatenus

2150 4015 2253 4053 non
2283 4016 2401 4055 cum
2432 4004 2673 4069 reprobis
2714 4007 3022 4073 puniantur,
3072 4007 3164 4060 sed
3196 4004 3314 4061 cum
3345 4008 3540 4060 electis
3572 4009 3736 4061 etiam

2150 4084 2363 4138 przenia
2397 4073 2705 4126 sortiantur.
2760 4076 3093 4130 Adinonendi
3117 4085 3240 4130 sunt
3267 4077 3471 4137 clerici,
3499 4087 3559 4129 ut
3592 4086 3740 4129 tanto

2148 4144 2287 4197 circa
2314 4157 2370 4195 se
2394 4144 2675 4214 sollicitius
2702 4143 2898 4209 vivant,
2931 4156 3127 4214 quanto
3151 4162 3243 4201 eos
3271 4148 3445 4199 aliena
3476 4161 3607 4200 cura
3636 4166 3738 4199 non

2149 4214 2402 4277 implicat.
2434 4210 2724 4266 Dicendum
2748 4224 2831 4268 est
2859 4210 3067 4270 clericis
3097 4234 3161 4269 ne
3196 4221 3740 4284 prarpositnrumsuu-

2150 4296 2266 4334 iuni
2292 4284 2451 4335 vitain
2486 4292 2683 4355 temere
2714 4284 2873 4355 236
2892 4286 3152 4353 judicent,
3170 4289 3211 4339 si
3233 4290 3356 4355 quid
3389 4302 3485 4340 eos
3511 4286 3739 4342 fortasse

2149 4364 2308 4418 agere
2367 4354 2863 4420 reprelienobmter
2904 4355 3103 4417 vident;
3131 4372 3199 4410 ne
3230 4357 3372 4409 unde
3407 4365 3559 4410 recte
3604 4359 3736 4409 niala

2150 4423 2494 4494 redarguunt,
2530 4425 2650 4477 inde
2681 4440 2774 4493 per
2797 4425 3044 4478 elationis
3095 4428 3378 4493 impulsum
3409 4430 3461 4480 in
3513 4426 3734 4494 profun-

485 4496 618 4546 riain
666 4490 781 4544 all'et
803 4489 1172 4562 taiit_lionuris
1196 4526 1212 4551 ,
1247 4482 1411 4561 videri
1458 4482 1718 4540 duetores'
1748 4482 2001 4556 appetunt
2028 4530 2041 4550 .
2074 4482 2125 4543 Ι)
2151 4482 2699 4561 ἀιοιιιίιιειέιιιιιιιιθί
2732 4496 3065 4548 Admoneudi
3118 4482 3241 4550 sunt
3278 4482 3592 4562 clerici,'ne
3617 4512 3731 4549 cuin

483 4563 860 4615 transcendere
899 4559 1031 4611 alios
1066 4558 1445 4624 concupiscunt
1470 4596 1486 4621 ,
1526 4568 1716 4624 atque,
1756 4568 2043 4613 attestante

487 4631 736 4696 Veritate,
770 4633 967 4697 primos
997 4632 1045 4680 in
1077 4629 1243 4680 caenis
1276 4629 1564 4691 recubitus,
1606 4628 1805 4695 priiiias
1828 4631 1877 4697 in
1916 4646 2045 4682 con-

484 4704 725 4755 ventibus
747 4696 1027 4753 cathedras
1057 4706 1299 4762 quierunt
1323 4698 1541 4767 (Matth.
1568 4712 1718 4759 χχιιι,
1751 4700 1805 4760 6,
1837 4696 1889 4768 7)
1914 4715 1928 4764 ;
1954 4702 2043 4766 qui

484 4781 790 4840 suspectum
821 4787 961 4823 curae
990 4770 1267 4837 pastoialis
1296 4768 1525 4840 ol'liciuni
1560 4768 1864 4840 ministrare
1886 4770 2045 4838 digne

487 4837 632 4896 tanto
656 4842 822 4911 magis
838 4848 1138 4907 ,nequeunt,
1164 4846 1359 4906 quanto
1379 4838 1443 4890 ad
1468 4837 1774 4911 humilitatis
1796 4837 2046 4907 magiSte-

486 4915 620 4966 rium
663 4909 880 4965 exsola
922 4912 1154 4963 elatione
1196 4918 1568 4976 pervenerunt.
1606 4909 1720 4976 ipsa
1765 4912 1959 4977 quippe
1992 4913 2044 4961 in

488 4982 791 5051 magisterio
814 4979 1372 5051 lingua_conluiiditur,
1396 4982 1607 5045 quando
1636 4979 1776 5030 aliud
1800 4981 2042 5051 discitur,

483 5065 537 5119 et
552 5046 691 5106 aliud
712 5046 930 5105 docetur
953 5046 1131 5119 (Greg.
1158 5046 1281 5117 Reg.
1305 5058 1439 5116 post.
1457 5065 1508 5116 p.
1528 5064 1565 5114 i,
1596 5054 1647 5100 in
1672 5053 1878 5115 exurit;
1901 5049 2044 5115 Taio,

481 5116 522 5176 l.
549 5138 607 5187 ιι,
629 5138 674 5174 c.
708 5122 796 5185 37;
828 5116 976 5182 ibid.,
1004 5134 1048 5170 ε.
1070 5116 1145 5187 1).

559 5186 643 5246 15.
679 5195 789 5245 Sub
814 5204 1001 5258 magno
1030 5186 1391 5242 inlideramine
1415 5202 1654 5256 pastores
1688 5186 1941 5243 Ecclesia:
1965 5189 2048 5244 vel

488 5265 698 5318 solvere
727 5261 1014 5323 studeant,
1057 5261 1215 5330 235
1248 5259 1329 5311 vel
1360 5260 1541 5325 ligare.
1576 5262 1678 5313 Sed
1712 5272 1883 5312 utruin
1906 5260 2050 5329 justo

487 5350 554 5385 an
580 5334 773 5401 injuste
817 5332 1018 5402 obliget
1063 5344 1274 5399 antor,
1310 5337 1534 5402 pastoris
1582 5339 1757 5382 tamen
1790 5340 2050 5402 sententia

485 5400 639 5476 gregi
673 5403 907 5476 timenda
942 5400 1034 5476 est
1061 5414 1142 5476 _i_ie
1184 5402 1226 5476 is
1254 5414 1343 5476 qui
1375 5400 1560 5453 subest
1582 5439 1597 5462 .
1628 5411 1681 5452 et
1708 5414 1827 5476 eum
1855 5400 2052 5476 injuste

488 5469 708 5528 forsitan
745 5475 953 5543 ligatur,
985 5470 1323 5543 obligatiunis
1368 5482 1481 5523 sua:
1512 5469 1830 5543 sententiam
1858 5485 1921 5523 ex
1951 5472 2050 5525 alia

486 5546 639 5612 culpa
670 5539 957 5596 mercatur.
990 5542 1374 5612 Pimdicatores
1402 5539 1602 5612 sancti,
1632 5540 1722 5612 qui
1751 5540 2051 5595 districtum

492 5610 589 5667 Dei
626 5612 881 5681 judicium
919 5620 1180 5678 metuunt,
1221 5611 1515 5681 animarum
1546 5610 1751 5681 judices
1799 5612 1929 5663 liunt
1953 5652 1969 5675 ,
2002 5625 2053 5665 et

487 5679 921 5747 alios—damnant,
953 5685 1032 5735 vel
1072 5682 1320 5744 liberant,
1353 5679 1443 5749 qui
1473 5680 1788 5747 semetipsos
1813 5680 2051 5735 damnari

491 5757 816 5805 metuebant.
868 5754 1064 5806 tluruin
1108 5754 1342 5821 profectu
1382 5764 1522 5804 nunc
1578 5750 1629 5805 in
1672 5751 1903 5805 Ecclesia
1933 5755 2054 5821 cpi-

2148 4562 2330 4629 culpas
2357 4577 2571 4615 suorum
2597 4566 3005 4634 praepositorum
3037 4567 3404 4629 considerant,
3434 4575 3623 4633 contra
3647 4580 3735 4619 eos

2148 4634 2459 4703 audaciores
2484 4634 2630 4695 liaiit;
2665 4635 2759 4688 sed
2789 4637 2864 4688 sic
2886 4649 3069 4689 eorum
3095 4651 3265 4702 prava
3290 4638 3433 4703 apud
3475 4638 3733 4703 semetip-

2146 4714 2235 4753 sos
2263 4701 2573 4769 dijudiccnt,
2595 4712 2651 4756 ut
2678 4714 2853 4758 tamen
2871 4704 3049 4759 divino
3073 4701 3262 4760 timore
3287 4701 3572 4759 constricti
3603 4701 3737 4759 terre

2148 4774 2347 4842 subeis
2369 4773 2548 4840 juguin
2575 4778 2888 4828 reverentiae
2902 4792 3005 4828 non
3030 4787 3293 4839 recusent,
3316 4776 3439 4842 quia
3462 4777 3600 4829 facta
3619 4791 3736 4841 pra:—

2151 4841 2446 4908 positoruni
2494 4844 2599 4896 oris
2624 4846 2799 4913 gladio
2839 4845 3067 4899 ferienda
3099 4860 3204 4899 non
3231 4841 3375 4908 sunt,
3403 4847 3571 4898 etiam
3620 4860 3735 4898 cuin

2150 4914 3088 4985 recte_reprchendenda'judicautur
3119 4915 3293 4983 (Taio.
3325 4930 3391 4977 it,
3420 4915 3524 4981 μς
3556 4915 3733 4985 6ης..

2150 4994 2168 5033 ι
2194 4981 2247 5054 iit
2274 4980 2494 5054 Eeaiig.,
2530 4984 2667 5036 hom.
2718 4980 2805 5051 l7,
2841 5002 2893 5037 η.
2926 4986 3019 5048 18;
3047 4980 3173 5054 Reg.
3215 4995 3350 5053 post.
3377 5002 3433 5053 ρ.
3460 5000 3513 5038 ιιι
3541 5030 3556 5053 ,
3582 5003 3629 5038 c.
3660 4980 3733 5051 ξι).

2221 5052 2275 5103 2.
2321 5053 2608 5124 l’lei-usque
2636 5055 2859 5109 clericos
2890 5058 2955 5109 ab
2983 5052 3328 5124 impudentiae
3359 5052 3489 5109 vitio
3523 5052 3735 5109 nonnisi

2153 5118 2450 5189 increpatio
2474 5118 2608 5177 dura
2634 5127 2944 5193 compescit,
2997 5118 3123 5194 quia
3150 5125 3278 5179 dum
3308 5141 3367 5180 se
3424 5126 3735 5193 delinquere

2154 5193 2417 5265 nesciunt,
2445 5208 2663 5249 necesse
2690 5206 2771 5250 est
2794 5204 2849 5249 ut
2872 5211 2900 5248 a
2921 5193 3157 5265 pluribus
3185 5197 3553 5263 increpeutnr.
3576 5196 3733 5249 Vere-

2151 5261 2353 5317 cundos
2368 5265 2589 5318 clericus
2604 5267 2909 5335 plerumque
2921 5261 2995 5319 ad
3019 5266 3207 5319 melius
3228 5261 3537 5335 exhortatio
3560 5268 3739 5319 mode-

2152 5341 2233 5386 sta
2264 5337 2554 5401 componit,
2584 5338 2705 5404 quia
2726 5336 2806 5391 eis
2828 5334 2901 5390 ad
2929 5338 3333 5391 conversionem
3363 5334 3567 5389 suﬂicit
3596 5335 3735 5404 quod

2153 5404 2340 5456 doctor
2363 5408 2441 5458 eis
2472 5407 2609 5459 mala
2640 5422 2733 5460 sua
2784 5407 2971 5461 saltem
3003 5408 3192 5461 leniter
3214 5410 3277 5458 ad
3307 5406 3621 5460 memoriam
3653 5420 3732 5458 re-

2154 5475 2321 5527 ducit.
2348 5474 2514 5543 Major
2562 5478 2828 5544 protectus
2881 5479 3137 5531 niodesus
3169 5476 3382 5530 clericis
3434 5476 3731 5536 adducitur,

2155 5544 2201 5613 si
2251 5544 2350 5597 huc
2371 5547 2510 5612 quod
2544 5548 2595 5599 in
2626 5547 2702 5601 cis
2730 5549 3135 5615 reprehenditur
3177 5548 3325 5613 quasi
3358 5561 3520 5598 manu
3549 5546 3735 5613 lingua:

2156 5615 2477 5687 blandientis
2500 5630 2564 5670 ex
2599 5619 2761 5672 latere
2790 5628 3053 5687 tangatur.
3084 5616 3459 5671 Pusillanimes
3504 5618 3732 5687 clericus

2155 5687 2328 5756 aptius
2356 5686 2419 5736 ad
2448 5687 2547 5739 iter
2576 5688 2607 5740 b
2634 5704 2771 5741 num
2801 5686 2989 5756 agendi
3044 5686 3368 5747 reducimus,
3402 5690 3445 5737 si
3490 5686 3731 5753 qua-dam

2157 5753 2366 5809 illorum
2400 5756 2533 5811 bulla
2565 5774 2629 5813 ex
2682 5753 2856 5814 lateie
2904 5761 3258 5829 requiramus;
3296 5765 3349 5807 ut
3403 5757 3533 5807 dum
3557 5757 3607 5809 iii
3656 5766 3733 5806 ets
