4084 6160
511 338 646 396 H59

1292 333 1383 388 AD
1409 332 1466 388 S.
1512 333 1756 389 ISIDORI
1798 333 2241 391 IIISPALENSIS
2282 334 2513 392 OPERA
2557 337 3006 396 APPENDICES.

3644 345 3785 402 iit-‘0

508 471 605 524 per
628 448 1115 524 circuminspiciat,
1146 461 1290 524 acea
1322 461 1441 515 qua:
1471 448 1821 524 muttdi__sttnt_
1850 429 2089 524 pertccie
2123 462 2163 517 Α
2197 464 2343 524 xxrv,
2376 450 2486 514 Π).
2521 450 2736 524 Sciebat
2764 453 2903 507 enim
2958 453 3268 523 plerumque
3298 453 3625 524 voluptatum
3664 462 3786 513 eul-

505 518 737 587 deserat,
758 531 813 576 et
840 518 979 584 quod
1008 518 1243 573 ostendit
1271 518 1515 571 humanis
1542 520 1713 572 oculis
1738 519 1945 582 habitu,
1971 519 2088 572 hate

504 606 627 650 ante
667 590 875 645 Domini
904 589 1089 642 oculos
1119 588 1356 640 moribus
1381 589 1695 654 praetendat.
1726 588 1931 642 Omnes
1971 605 2085 644 mo-

505 665 659 719 nachi
693 663 779 726 qui
807 662 858 712 in
888 659 1030 712 curis
1061 657 1413 711 exterioribus
1435 659 1608 725 spargi
1641 660 1925 726 refugium.
1958 663 2085 712 sim-

505 738 666 803 plices
690 732 740 784 itt
768 728 1276 803 cogitationemque
1308 727 1358 778 iu
1404 728 1748 803 conscii-otia:
1774 744 1903 803 ⁸ξιιειξ
1931 729 2085 803 babi-

503 796 701 920 iatiqne
747 801 1044 920 cggsistunt
1083 796 1248 865 (Tato
1270 840 1283 865 ,
1312 812 1347 850 ιι
1366 824 1389 862 ,α
1411 796 1516 863 46;
1548 796 1729 868 Greg.,
1765 798 1984 866 March,
2017 816 2082 867 v,

503 891 547 920 Β,
647 913 663 920 -
694 887 747 920 n.
879 908 893 920 .

499 891 547 928 c.
578 874 663 934 Η,
694 887 747 924 n.
776 870 893 934 20).

932 936 1097 991 Jacob
1129 940 1383 1005 scriptum
1412 946 1492 990 est
1524 954 1538 990 :
1576 936 1669 991 Vir
1715 948 1886 992 autem
1919 937 2081 993 Jacob

503 1014 690 1067 habitat
719 1009 933 1077 simplex
961 1009 1014 1060 in
1058 1008 1396 1061 tabernaculis
1421 1008 1578 1077 (Gen.
1615 1025 1737 1075 xxv,
1767 1009 1883 1077 ‘27).
1920 1010 1972 1063 Ιιι
2004 1021 2083 1062 ta-

503 1082 803 1138 bernaculis
857 1080 999 1131 enim
1053 1078 1291 1132 habitare
1352 1093 1471 1132 sese
1528 1079 1873 1146 perhibentur
1920 1083 2076 1135 eEecti

500 1152 771 1212 monachi,
802 1165 922 1203 cum
948 1150 1025 1201 cis
1059 1149 1357 1202 transitoria
1393 1150 1714 1215 prosperitas
1744 1149 1964 1214 arridet,
2000 1149 2078 1201 fa-

499 1240 679 1276 vorem
731 1222 909 1273 tttttttdi
934 1220 1081 1287 quasi
1124 1220 1423 1272 nescientes
1453 1219 1809 1283 dissimulant,
1853 1230 1907 1274 et
1955 1222 2074 1275 forti

498 1308 684 1362 gressu
715 1291 939 1344 interius
972 1291 1091 1352 hoc,
1127 1289 1266 1341 unde
1295 1289 1531 1362 exterius
1561 1289 1927 1362 sublevantur,
1962 1292 2073 1344 cal-

495 1359 636 1417 cant.
668 1361 821 1426 Stt‘pe
847 1362 983 1412 bona
1015 1366 1230 1427 agentes
1260 1359 1504 1411 monachi
1533 1368 1749 1425 paterna
1774 1360 1948 1413 adlmc
1978 1362 2075 1414 lla-

494 1436 627 1502 gella
655 1432 888 1485 sentiunt
916 1470 931 1492 ,
966 1436 1022 1480 ut.
1052 1437 1199 1502 tanto
1232 1428 1579 1502 perfectiores
1608 1428 1671 1482 ad
1690 1428 2071 1502 Altmredttatem

497 1495 736 1565 i-eniant,
764 1510 962 1566 quanto
992 1514 1083 1551 eos
1128 1495 1465 1565 pie’ferit-tts
1515 1498 1791 1568 disciplina
1837 1501 2073 1569 quotidie

496 1573 628 1644 [Αι.,
656 1572 815 1626 etiam
841 1569 927 1644 de]
954 1569 1187 1644 minimis
1219 1578 1426 1644 purgat.

561 1644 688 1696 ΟΑΡ.
733 1657 804 1694 vt.
862 1639 935 1691 De
980 1639 1237 1708 tepiditate
1282 1640 1359 1691 vel
1409 1638 1511 1692 otio
1559 1638 1949 1695 monachorum.
2000 1672 2071 1681 .-

496 1714 547 1766 1.
590 1710 837 1766 Nonnulli
891 1709 1272 1761 monachorum
1327 1709 1506 1761 mundi
1561 1710 1776 1776 quidem
1826 1713 2069 1767 actiones

495 1783 721 1849 fugiunt,
751 1779 844 1834 sed
871 1779 1334 1859 ttttllisvirtt‘ttibus
1361 1788 1700 1859 exercentur,
1728 1780 1788 1833 lli
1817 1782 2065 1859 nimirum
2103 1802 2142 1859 Β

493 1848 698 1920 tepore,
748 1867 851 1903 non
902 1848 1098 1913 studio,
1149 1848 1548 1920 dormiuntLet
1598 1849 1797 1904 idcirco
1840 1851 2062 1905 interra

488 1919 843 1988 conspiciunt,
878 1920 998 1985 quia
1031 1927 1192 1987 caput
1223 1934 1327 1972 non
1374 1921 1424 1972 ιιι
1458 1919 1675 1987 Lapide,
1715 1922 1805 1974 sed
1841 1923 1895 1985 ιιι,
1924 1932 2061 1976 terra

493 2002 809 2060 posuerunt.
840 1991 1001 2060 239
1034 1990 1352 2057 Plerumque
1379 1989 1652 2043 monachis
1699 1992 1959 2059 contingit
2008 2003 2066 2047 ut

487 2072 688 2129 quanto
720 2066 961 2114 securius
983 2061 1050 2113 ab
1076 2061 1317 2112 externis
1344 2060 1641 2114 actionibus
1663 2072 1890 2123 cessant,
1917 2073 2063 2116 tanto

487 2133 644 2185 latius
692 2133 977 2184 immundae
1034 2130 1085 2201 in
1143 2144 1201 2183 se
1254 2130 1594 2198 cogitationis
1641 2133 1916 2199 strepitum
1966 2148 2065 2201 per

484 2205 651 2256 otium
682 2208 992 2269 caugerattt.
1030 2200 1178 2254 Unde
1209 2201 1308 2253 sub
1350 2201 1549 2253 Judzmc
1590 2203 1772 2265 Specie
1804 2217 1895 2265 per
1942 2200 2063 2269 pro-

487 2273 701 2338 phetam
751 2282 967 2338 torpens
1012 2271 1122 2323 otio
1164 2274 1341 2322 anima
1389 2270 1650 2334 deﬂetur,
1701 2286 1819 2323 cunt
1873 2272 2064 2327 dicitur

486 2342 697 2407 ('I‘Itren.
725 2357 762 2403 ι,
796 2342 850 2403 7)
877 2358 888 2392 :
932 2339 1170 2392 Viderunt
1194 2357 1302 2391 eam
1330 2341 1517 2401 hostes.
1546 2350 1592 2393 et
1618 2341 1900 2394 deriserunt
1925 2343 2062 2396 Sab-

479 2413 593 2465 bata
624 2414 733 2482 ejus
766 2410 944 2481 ('l'aio,
976 2425 1032 2475 tt,
1061 2408 1165 2473 49;
1199 2410 1373 2479 στερη
1403 2410 1613 2482 Μοναί..
1642 2427 1708 2474 v,
1739 2413 1828 2482 5|,
1859 2428 1913 2465 n.
1944 2413 2057 2481 553).

553 2483 608 2534 2.
645 2480 969 2549 Plerumque
1023 2491 1290 2547 princepto
1340 2480 1468 2547 legis
1495 2483 1561 2532 ab
1591 2481 1845 2535 exteriori
1900 2480 2063 2549 Opere

481 2552 532 2605 itt
564 2552 799 2607 Sabhato
828 2558 1091 2604 cessatur.
1146 2550 1340 2603 Hostes
1370 2565 1498 2618 ergo
1542 2552 1771 2603 Sabbata
1820 2553 2062 2605 videntes

484 2624 730 2685 irrident,
761 2637 879 2673 cum
914 2619 1125 2687 maligni
1157 2621 1378 2684 Spiritus
1409 2634 1519 2687 Ipsa
1541 2621 1833 2673 vacationis
1857 2622 1964 2674 otia
1994 2624 2059 2676 ad

479 2693 833 2759 Cogitationes
865 2689 1076 2742 illicitas
1107 2689 1458 2752 pertrahunt,
1489 2700 1544 2741 ιιι
1576 2704 1907 2759 unaquaeque
1947 2696 2063 2745 ani-

480 2777 588 2821 tua,
617 2777 720 2825 quo
752 2768 953 2812 remota
988 2760 1054 2810 ab
1080 2760 1318 2811 externis
1359 2759 1656 2812 actionibus
1690 2761 1797 2811 Deo
1826 2763 2062 2815 creditur

475 2831 699 2893 servire,
749 2846 812 2882 eo
842 2828 1011 2894 magis
1040 2829 1304 2897 tyrannidi
1356 2828 1570 2898 illicitas
1599 2827 1904 2898 famuletttr.
1960 2831 2062 2887 Per

475 2900 928 2968 sapicn'issimtnn
973 2900 1310 2952 Salonianum
1362 2897 1855 2969 tilCillll‘lPt'OMTi).
1890 2916 2016 2955 xviii
2044 2943 2059 2966 ,

474 2972 567 3041 9):
606 2973 704 3033 Qui
734 2969 903 3021 mollis
944 2977 993 3020 et
1044 2969 1339 3041 dissolutus“
1369 2978 1441 3021 est
1487 2969 1541 3041 in
1571 2984 1720 3036 opere
1748 2986 1862 3035 suo,
1904 2973 2063 3034 frater

473 3037 546 3093 est
597 3042 893 3105 dissipattlis
937 3054 1031 3091 sua
1080 3056 1233 3109 opera
1264 3037 1449 3109 (Greg.
1477 3040 1605 3109 Reg.
1646 3048 1804 3107 past.,
1860 3059 1909 3109 p.
1966 3057 2056 3111 ιιι,

472 3127 517 3164 c.
545 3111 659 3179 5i).

547 3154 885 3234 illinc-hosta
912 3179 1048 3233 bona
1080 3175 1232 3232 fortis
1270 3178 1540 3248 operantis
1589 3193 1776 3234 manus
1823 3180 1887 3233 ad
1922 3198 2056 3249 per-
2084 3154 2129 3216 Ο

474 3249 759 3304 lectionem
791 3263 894 3302 non
947 3250 1212 3313 sublevat,
1252 3251 1296 3302 si
1344 3249 1599 3317 operaudi
1655 3249 1767 3316 ipsa
1810 3254 2056 3307 remissio

472 3333 657 3374 contra
687 3323 787 3373 hoc
807 3320 945 3389 quod
976 3329 1250 3387 operatum
1280 3329 1361 3373 est
1387 3328 1604 3389 pugnat.
1636 3320 1716 3384 Si,
1741 3323 1882 3389 quod
1914 3339 2053 3376 mor-

474 3394 540 3443 tis
570 3390 687 3465 [σν.
718 3389 847 3453 Ed.,
878 3389 923 3443 si
949 3389 1093 3465 enim
1121 3391 1260 3465 quod
1295 3390 1581 3465 mortuum]
1612 3391 1664 3465 in
1698 3392 1853 3465 nobis
1884 3403 1964 3446 est
1987 3394 2051 3446 ad

474 3460 634 3515 \‘lLt—tll
666 3478 769 3514 non
799 3461 1134 3524 accenditur,
1167 3461 1265 3514 hoc
1294 3460 1453 3514 etiaut
1503 3461 1877 3529 exstinguitur,
1910 3465 2052 3530 quod

474 3536 623 3599 quasi
656 3532 828 3584 adhuc
856 3531 1034 3583 vivum
1067 3539 1296 3585 tenetur.
1330 3531 1383 3583 ltt
1424 3530 1541 3598 hoc,
1570 3539 1770 3584 munito
1823 3536 2051 3588 humana

471 3604 647 3654 anima
680 3599 829 3670 quasi
874 3615 1023 3653 more
1052 3602 1201 3654 navis
1251 3610 1333 3655 est
1373 3610 1556 3654 contra
1605 3602 1765 3653 ietum
1819 3604 2052 3658 ﬂuminis

477 3665 906 3725 conscendentis.
942 3670 1058 3724 Uno
1081 3671 1131 3723 in
1166 3672 1281 3723 loco
1311 3681 1451 3725 stare
1477 3686 1806 3739 nequiquam
1834 3684 2052 3739 permit-

470 3746 624 3807 tttnr,
649 3743 771 3810 qula
799 3740 995 3810 adiima
1032 3739 1310 3804 relabitur,
1337 3741 1436 3794 nisi
1466 3742 1531 3794 ad
1562 3756 1770 3794 summa
1801 3752 2046 3799 conetur.

540 3809 675 3864 CAP.
714 3825 808 3866 vit.
862 3809 942 3863 De
972 3810 1285 3879 adhibendis
1329 3826 1421 3879 pro
1475 3811 1705 3878 corporis
1759 3814 2050 3865 necessitate

468 3883 732 3936 subsidiis.
763 3910 835 3922 —
870 3884 913 3934 l.
954 3878 1087 3935 Cum
1141 3878 1342 3934 natura:
1392 3893 1589 3936 nostra:
1645 3885 2048 3937 necessitatibus

468 3955 809 4021 plerumque,
843 3952 1124 4020 plusquam
1153 3951 1389 4020 expedit,
1438 3951 1795 4015 deseruimus,
1823 3954 2047 4006 mentis-

465 4037 571 4089 que
624 4037 805 4076 corant
838 4023 1171 4090 negligimus,
1200 4037 1264 4076 ex
1298 4021 1509 4077 miseria
1542 4023 1870 4090 negligentuc
1899 4023 2047 4077 inlir-

469 4092 775 4160 mitatisque
806 4104 1000 4145 nostra:
1027 4091 1272 4145 addimus
1301 4093 1602 4161 squalorem
1633 4094 1822 4157 culpae.
1853 4092 2047 4147 Neces-

469 4161 656 4213 sitates
682 4164 957 4229 praesentis
980 4176 1044 4214 sit
1056 4163 1158 4214 culi
1180 4163 1278 4216 hoc
1297 4161 1493 4217 habere
1515 4164 1669 4217 valde
1694 4163 2042 4230 periculosum

468 4232 666 4302 solent,
700 4232 838 4298 quod
869 4245 1014 4302 saepe
1055 4232 1105 4283 ιιι
1154 4233 1233 4285 eis
1277 4234 1501 4302 minime
1545 4232 1868 4286 discernitur
1918 4235 2043 4302 qttid

467 4300 612 4371 circa
647 4303 761 4353 illas
786 4315 876 4367 per
909 4301 1147 4354 utilitatis
1172 4301 1426 4367 studium,
1457 4311 1510 4356 et
1532 4302 1656 4370 quid
1691 4318 1782 4371 per
1812 4300 2046 4370 volupta-

472 4370 539 4423 tis
565 4378 748 4444 vttium
792 4380 995 4438 agatur.
1032 4372 1327 4444 Inlirtnitati
1379 4382 1584 4444 natura:
1636 4370 1835 4427 nostra:
1880 4376 2043 4444 negit-

466 4440 695 4511 gentiatn
727 4446 968 4511 relasare
1016 4441 1143 4492 nihil
1191 4449 1272 4494 est
1323 4442 1466 4511 aliud
1519 4457 1677 4509 quam
1727 4440 2043 4498 calamitatis

2196 519 2410 592 paslex
2441 522 2816 591 necessitatum)
2859 519 3140 577 occasione
3183 519 3559 592 prorumpere,
3606 538 3660 582 et
3708 546 3784 584 ne

2187 590 2803 669 quidsponteillicitum’
2824 593 3161 669 admitteret,
3183 590 3283 669 hoc
3307 595 3479 665 ipsum
3502 590 3783 669 satagebat

2186 659 2367 723 evelli,
2402 661 2542 725 quod
2577 662 2765 715 nolens
2792 678 2857 716 ex
2888 664 3068 717 radice
3095 659 3376 718 tolerabat.

2257 732 2312 782 4.
2370 730 2615 798 Plerique
2664 747 2785 786 cum
2843 734 3085 803 tegendis
3145 735 3397 788 membris
3453 736 3775 794 vestimenta

2183 809 2453 875 quaerunt,
2489 816 2594 855 non
2632 803 2805 856 solum
2834 819 2953 871 (λειω
2986 814 3182 873 tegant,
3207 806 3300 858 sed
3332 806 3493 859 etiam
3516 808 3637 875 qua:
3666 824 3779 863 ex-

2187 870 2393 933 tollant,
2427 881 2715 943 expetuut;
2748 881 2801 927 et
2844 870 3346 941 eontra'torporem
3396 870 3609 943 frigoris
3662 895 3773 935 non

2182 943 2355 991 solum
2387 954 2503 1017 quin
2536 942 3021 1017 per_p_inguedinem
3056 946 3318 1017 muttiant,
3349 947 3441 998 sed
3461 942 3622 1000 etiam
3646 964 3771 1017 quae

2184 1023 2277 1084 per
2302 1012 2581 1064 mollitiem
2611 1012 2911 1084 delectent;
2956 1030 3060 1067 nun
3091 1014 3260 1067 solum
3293 1030 3411 1084 quae
3443 1031 3535 1082 per
3589 1012 3773 1073 molli-

2185 1079 2311 1154 tiem
2351 1088 2551 1154 tantum
2587 1083 2876 1149 mulceant,
2910 1085 3002 1138 sed
3049 1086 3208 1138 etiant
3240 1079 3357 1154 qua:
3389 1079 3481 1154 per
3526 1088 3766 1142 colorem

2179 1151 2374 1223 oculos
2395 1151 2674 1223 seducant.
2713 1154 2786 1207 De
2819 1155 2900 1207 bis
2938 1168 3065 1223 ergo
3094 1151 3497 1210 necessitatibus
3548 1157 3766 1213 liberari

2180 1218 2460 1298 Psalmism
2483 1220 2912 1298 desitleratts,_ai_t
2934 1241 2955 1298 Ξ
2980 1218 3051 1277 De
3078 1224 3451 1278 necessitatibus
3478 1229 3603 1280 meis
3622 1230 3767 1298 eripe

2178 1305 2274 1341 me.
2294 1290 2633 1364 Necessitatis
2646 1294 2785 1346 enim
2805 1293 2973 1364 240
2995 1307 3206 1348 causam
3228 1297 3278 1348 in
3302 1310 3454 1348 usum
3478 1290 3765 1364 voluptaiis

2176 1369 2419 1435 vertere,
2448 1361 2573 1435 quid
2604 1371 2687 1435 est
2714 1361 2858 1416 alitid
2887 1361 3044 1432 quam
3072 1365 3361 1419 calamitati
3390 1379 3502 1420 sua:
3548 1361 3762 1435 squalo-

2177 1442 2288 1482 rem
2322 1432 2548 1484 tniserize
2579 1432 2823 1486 sociare?

2245 1498 2297 1550 5.
2332 1500 2649 1574 Plerumque
2674 1502 2943 1569 replemus
2989 1503 3365 1560 refectionibus
3415 1520 3635 1574 corpus,
3693 1522 3762 1564 ne

2172 1578 2513 1624 extenuatum
2542 1572 2751 1625 deliciat
2775 1588 2788 1635 ;
2822 1584 3175 1628 extenuantus
3195 1572 3538 1638 abstinentia,
3565 1592 3633 1631 ne
3662 1594 3759 1633 nos

2174 1640 2435 1711 repletum
2470 1652 2707 1709 premat;
2746 1653 3053 1710 vegetamus
3083 1645 3336 1711 motibus,
3387 1661 3455 1700 ne
3503 1647 3609 1699 situ
3657 1648 3761 1701 im-

2172 1710 2485 1765 tnobilitatis
2518 1715 2778 1777 intereat;
2813 1714 2903 1766 sed
2934 1715 3093 1767 citius
3121 1716 3221 1767 hoc
3249 1710 3566 1769 collocando
3609 1719 3754 1771 sisti~

2174 1793 2311 1843 mus,
2346 1795 2413 1835 ne
2440 1782 2549 1850 ipsa
2580 1797 2672 1853 sua
2705 1787 3037 1851 vegetatione
3066 1786 3408 1848 succumbat;
3443 1787 3757 1853 adjumeqto

2173 1853 2272 1923 hoc
2310 1852 2471 1923 vertis
2504 1852 2749 1920 tegimus,
2776 1853 3041 1923 nel'rigtts
3070 1854 3360 1923 interimat.
3394 1856 3458 1908 Et
3484 1873 3605 1923 qua:
3630 1852 3758 1912 sunt

2165 1920 2418 1993 adjuncta
2445 1920 2661 1993 [Al.,et
2691 1922 2914 1989 qua-sita
2950 1920 3289 1993 ’adjttmenta]
3322 1920 3655 1992 projici'mus,
3689 1943 3755 1981 ne

2165 1992 2308 2065 calor
2323 1999 2530 2065 exurat.
2555 1992 2652 2045 τοι
2677 2007 2804 2065 ergo
2825 1994 3216 2065 diversitatihus
3238 1992 3601 2065 occurrentes,
3624 1998 3753 2065 quid

2164 2061 2390 2126 agimus,
2418 2062 2517 2114 nisi
2542 2062 2977 2129 corruptibilitati
2999 2064 3288 2129 servimus,
3315 2078 3372 2116 ιιι
3395 2062 3587 2118 saltem
3614 2061 3752 2120 mul-

2170 2130 2441 2205 tiplicitas
2472 2131 2700 2200 impensi
2748 2135 2989 2205 obsequii
3027 2147 3221 2203 corpus
3267 2134 3750 2205 sustineatpquod

2164 2201 2401 2320 anilitas
2430 2200 2653 2323 ἰὲἓξιιιιε
2684 2203 3056 2258 mutabilitatis
3081 2200 3265 2275 gravat
3295 2201 3502 2273 (Greg.,
3527 2200 3751 2271 Horat,

2164 2284 2240 2323 1V.
2262 2286 2303 2322 Ο·
2337 2312 2349 2323 .
2376 2289 2427 2322 ιι.
2557 2313 2566 2323 .

2164 2284 2240 2334 tv,
2262 2284 2349 2330 es,
2376 2289 2427 2322 ιι.
2453 2284 2566 2334 οδ).

2234 2273 2621 2396 ’ϊιῖιῴὸε
2649 2343 2818 2396 electis
2848 2345 2977 2396 inter
3007 2344 3255 2399 tumultus
3276 2346 3604 2413 reproburum
3625 2346 3749 2400 bene

2165 2411 2458 2465 viventibus.
2491 2441 2558 2451 -—
2592 2415 2640 2466 l.
2673 2414 2954 2480 Querintur
2990 2415 3226 2481 plerique
3268 2411 3363 2469 cur
3394 2431 3498 2469 non
3555 2432 3748 2470 omnes

2168 2481 2287 2533 huni
2313 2491 2437 2534 sunt
2464 2483 2553 2551 qui
2597 2486 2872 2537 ιιοιιιέιιιιιι
2923 2486 3147 2538 vivunt?
3195 2484 3329 2539 Mala
3381 2488 3745 2553 proximorum

2166 2554 2303 2604 terre
2349 2554 2617 2609 nolumus.
2651 2555 2850 2607 Omnes
2898 2567 3110 2607 sanctos
3135 2555 3243 2621 jam
3273 2556 3471 2610 debere
3500 2571 3623 2609 esse
3650 2557 3746 2610 de-

2162 2621 2453 2693 Cct'nimus,
2481 2624 2606 2693 dum
2638 2638 2761 2677 esse
2792 2624 3041 2677 nolumus
3068 2629 3211 2691 quod
3242 2640 3309 2679 ex
3341 2627 3598 2693 proximis
3622 2642 3747 2693 por-

2166 2700 2356 2744 temus.
2391 2692 2496 2746 Sed
2528 2692 2625 2746 hac
2649 2693 2703 2746 in
2747 2708 2804 2747 re
2833 2694 2948 2747 luce
2973 2694 3167 2747 clarius
3196 2692 3383 2762 patet,
3413 2695 3541 2748 dum
3574 2692 3743 2751 malos

2164 2771 2379 2836 portare
2405 2762 2891 2836 rettttiutus,_quatn
2920 2765 3143 2836 multum
3172 2766 3346 2836 adhuc
3376 2765 3473 2836 ipsi
3503 2766 3572 2819 de
3601 2767 3744 2820 bono

2163 2845 2340 2902 mutus
2365 2832 2677 2902 habeamus.
2711 2832 2892 2902 Neque
2931 2834 3074 2886 enim
3132 2832 3364 2901 pet'fecte
3411 2835 3586 2888 bonus
3633 2847 3739 2899 εει,

2163 2899 2263 2951 nisi
2291 2899 2377 2968 qui
2411 2900 2565 2954 fuerit
2594 2913 2645 2954 et
2673 2899 2993 2956 cuut'malis
3042 2899 3231 2958 bonus.
3269 2905 3457 2957 Beatus
3513 2904 3615 2958 Job
3669 2912 3741 2961 de

2162 2971 2452 3043 semetipso
2496 2974 2690 3025 asserit
2717 2972 2901 3043 dicens
2933 2990 2945 3025 :
2981 2970 3173 3026 Frater
3219 2974 3297 3043 fui
3339 2975 3643 3037 draconum,
3693 2987 3743 3029 et

2160 3042 2329 3091 socius
2359 3044 2700 3095 struthionum
2731 3041 2870 3111 (Job.
2904 3058 3040 3105 xxx,
3071 3042 3185 3111 29).
3218 3041 3349 3097 Hinc
3386 3046 3581 3097 Paulus
3610 3061 3743 3104 apa-

2162 3111 2650 3181 stolusdiscipulis
2693 3113 2821 3166 dicit
2863 3111 3121 3181 (Philipp.
3168 3129 3240 3179 ll,
3287 3111 3375 3181 15)
3412 3131 3424 3166 :
3457 3112 3522 3166 In
3570 3116 3742 3168 medio

2162 3180 2379 3251 nationis
2411 3197 2576 3247 praete
2602 3192 2650 3235 et
2674 3198 2934 3249 perversae,
2964 3187 3092 3235 inter
3117 3199 3240 3251 quos
3269 3180 3462 3241 lucetis.
3497 3185 3629 3236 sicut
3656 3194 3741 3237 Iu-

2159 3250 2378 3324 ntinaria
2407 3252 2458 3303 in
2494 3253 2693 3324 rutundo
2725 3252 2893 3322 ('I'aio.
2925 3268 3003 3318 tu,
3031 3250 3316 3324 15ζ6τε9.
3365 3268 3405 3320 1,
3436 3255 3490 3306 in
3519 3254 3736 3320 Bacch”

2156 3319 2293 3373 liam.
2324 3322 2377 3382 9,
2404 3338 2455 3374 η.
2486 3322 2602 3390 ‘22).

2226 3391 2278 3442 2.
2314 3390 2446 3444 llinc
2477 3392 2662 3445 l’etrus
2688 3401 2863 3459 pastor
2888 3393 3060 3463 gregis
3087 3392 3340 3456 dominici
3372 3394 3445 3446 ait
3479 3409 3493 3445 :
3522 3392 3733 3447 Iustum

2160 3458 2250 3532 Lot
2292 3476 2588 3528 oppressum
2618 3480 2647 3514 a
2677 3458 3012 3529 nefandorum
3038 3463 3296 3532 impudica
3347 3467 3733 3516 conversatione

2153 3530 2373 3596 eripuit;
2420 3544 2623 3599 aspectu
2665 3534 2795 3585 enim
2827 3540 2872 3585 et
2900 3534 3079 3586 auditu
3102 3530 3277 3602 justus
3321 3544 3447 3594 erat,
3496 3534 3734 3587 habitans

2154 3603 2291 3671 apud
2320 3617 2402 3652 eos
2429 3602 2516 3670 qui
2552 3604 2614 3653 de
2641 3603 2723 3671 die
2746 3604 2802 3671 in
2832 3604 2965 3654 diem
2994 3604 3216 3654 animam
3237 3603 3367 3671 justi
3394 3603 3583 3668 iniquis
3610 3620 3733 3667 ope-

2154 3669 2293 3722 ribus
2310 3670 2705 3740 cruciabant(ll
2731 3670 2875 3725 Petr.
2908 3687 2946 3725 ιι
2969 3672 3073 3742 ,7).
3098 3669 3308 3725 Dumde
3324 3674 3423 3724 vita
3454 3675 3736 3739 proximo-

2153 3753 2268 3793 rutn
2297 3754 2441 3808 saepe
2467 3743 2762 3809 querimur,
2795 3750 3005 3796 mutare
3054 3742 3228 3795 locum
3258 3743 3522 3808 cupimus,
3565 3758 3734 3795 conao

2154 3824 2272 3879 mur
2301 3820 2560 3864 secretum
2595 3813 2714 3864 vita:
2745 3812 3049 3865 remotioris
3095 3814 3295 3879 eligere
3339 3811 3726 3877 habitaculum,

2154 3878 2395 3951 videlicet
2425 3879 2730 3951 ignorantes
2758 3883 2878 3951 quia
2927 3880 2974 3934 si
3003 3882 3139 3935 desit
3176 3878 3411 3935 isanctus
3472 3880 3729 3947 Spiritus,

2155 3964 2260 4002 non
2305 3949 2526 4018 adjuvat
2555 3950 2723 4006 locus.
2752 3950 2851 4005 Lot
2895 3951 3123 4019 denique
3150 3951 3203 4005 in
3235 3951 3485 4005 Sodomis
3512 3965 3731 4003 sanatus

2148 4020 2373 4085 exstitit,
2404 4020 2497 4073 sed
2544 4022 2596 4074 in
2654 4031 2831 4075 monte
2877 4022 3138 4089 peccavit.
3193 4022 3323 4087 Quia
3378 4030 3557 4073 autent
3610 4021 3727 4074 loca

2126 4099 2377 4153 utentem
2413 4106 2516 4143 non
2549 4091 2811 4156 muniunt,
2845 4091 2943 4157 ipsi
2995 4092 3213 4144 humani
3266 4090 3477 4157 generis
3523 4090 3732 4157 primus

2149 4173 2340 4227 parens
2371 4169 2621 4227 testatur,
2654 4163 2741 4229 qui
2773 4172 2824 4214 et
2855 4162 2905 4214 itt
2938 4162 3184 4229 paradiso
3231 4161 3463 4228 graviter
3503 4161 3724 4213 cecidit.

2217 4230 2270 4282 5.
2303 4230 2408 4284 Sed
2440 4233 2617 4284 minus
2646 4239 2769 4284 sunt
2797 4234 2976 4284 omnia
3005 4246 3122 4297 qua:
3153 4232 3415 4297 loquimur
3452 4244 3519 4281 ex
3549 4239 3723 4292 terra,

2148 4313 2267 4351 nam
2298 4301 2342 4353 si
2374 4303 2519 4353 locus
2551 4301 2756 4355 salvare
2806 4303 3085 4368 potuisset,
3116 4300 3277 4353 Satan
3328 4299 3394 4352 de
3425 4300 3563 4352 cmlo
3614 4315 3723 4353 non

2145 4369 2381 4423 caderet.
2415 4370 2692 4424 Psalmista
2727 4370 2888 4424 David
2919 4372 3109 4438 ubique
3138 4371 3188 4423 itt
3222 4372 3321 4421 hoc
3366 4369 3565 4421 mundo
3597 4379 3719 4422 ten-

2147 4439 2373 4493 tationes
2400 4455 2520 4493 esse
2553 4441 2887 4508 conspiciens
2911 4484 2924 4506 ,
2959 4441 3205 4508 quaesivit
3238 4440 3407 4491 locum
3435 4453 3541 4503 quo
3573 4438 3727 4506 luge-

470 4504 740 4565 iniseriam
760 4509 975 4572 addere,
995 4520 1154 4578 atque
1168 4512 1432 4564 actionum
1452 4504 1585 4581 [ι-ὶιῖ,
1612 4512 2039 4567 inﬁrmitatem...
2077 4504 2120 4562 D
2148 4519 2249 4572 ret,
2282 4510 2373 4562 sed
2400 4511 2517 4564 sine
2548 4511 2654 4564 Deo
2683 4504 2785 4563 non
2822 4504 3003 4581 potuiii
3036 4510 3292 4581 munitum
3324 4509 3588 4561 invenire.
3638 4504 3719 4561 Ex

468 4595 564 4648 per
614 4581 1056 4649 negligentiam...
1101 4593 1259 4648 atque
1306 4586 1580 4650 vutlotum)
1625 4582 1924 4649 squalorem
1977 4600 2042 4638 ex

464 4653 651 4723 eadem
687 4655 894 4723 miseria
928 4651 1283 4723 multiplicare
1328 4650 1530 4723 (Creg.,
1572 4651 1762 4706 Morol.
1813 4668 1904 4720 sx,
1952 4654 2041 4720 14,
2078 4686 2081 4689 -

465 4737 518 4774 n.
550 4720 651 4785 ‘28;
684 4721 829 4773 Taio.
865 4738 938 4783 ιιι,
978 4722 1084 4789 I2).

539 4791 594 4843 2.
625 4794 803 4845 Sani-ti
834 4792 930 4844 viri
962 4795 1012 4845 in
1040 4807 1200 4846 omne
1250 4792 1388 4861 quod
1441 4802 1602 4862 agunt
1652 4792 2040 4849 stttdiosissima

467 4862 761 4915 intentione
790 4862 1120 4929 discernunt,
1156 4880 1224 4917 ne
1252 4866 1375 4931 quid
1429 4868 1545 4931 plus
1593 4864 1659 4916 ab
1705 4879 1782 4917 eis
1838 4873 2040 4918 naturai

465 4947 577 4985 sua:
603 4932 883 4986 inlirmitas
914 4948 1067 5000 quant
1099 4935 1199 4987 sibi
1242 4936 1463 4988 debetur
1490 4935 1684 5003 exigat,
1720 4950 1785 4987 ne
1825 4934 1924 4987 sub
1949 4949 2041 4989 tte-

464 5002 730 5072 cessitatis
761 5004 989 5070 tegmine
1022 5007 1075 5057 in
1111 5007 1188 5057 eis
1216 5006 1399 5057 vitimn
1431 5002 1710 5072 \‘Olttplalis
1738 5014 2036 5059 excrescat.

472 5070 638 5126 Electi
666 5071 759 5124 viri
795 5074 936 5125 aliud
968 5089 1032 5126 ex
1075 5074 1402 5138 inﬁrmitate,
1438 5070 1585 5129 aliud
1612 5090 1676 5129 ex
1730 5076 2038 5129 tentationis

469 5145 806 5212 suggestione
831 5141 1113 5209 sustinent,
1146 5155 1200 5198 et
1225 5146 1377 5213 quasi
1410 5147 1624 5213 quidam
1650 5146 1926 5199 rectissitni
1954 5159 2042 5198 ar-

468 5215 589 5267 bitri
619 5213 752 5283 [.Al.,
776 5213 1027 5285 arbitros]
1056 5219 1194 5269 inter
1216 5220 1587 5270 necessitatem
1612 5218 2038 5283 voluptatemque

465 5287 764 5350 Constituti,
792 5286 925 5337 hanc
950 5287 1280 5339 consolando
1305 5296 1357 5338 et
1379 5287 1726 5346 sublevando,
1748 5286 1889 5339 illam
1913 5300 2036 5353 prc-

466 5359 665 5407 tnendo
693 5355 922 5409 frenant.
950 5354 1099 5410 Unde
1122 5355 1179 5408 lit
1205 5366 1252 5408 ut
1285 5357 1383 5409 etsi
1415 5356 1736 5409 inlirntitatis
1760 5369 1871 5408 sua:
1898 5355 2038 5408 cala-

465 5426 705 5478 mitatem
741 5426 989 5487 tolerant.
1024 5437 1196 5480 tamen
1227 5428 1291 5479 ad
1322 5429 1621 5494 squalorem
1662 5426 1895 5480 misera:
1943 5441 2038 5495 per

465 5496 841 5564 negligentiam
872 5513 974 5550 non
1004 5497 1356 5551 descendunt.

536 5566 588 5617 5.
620 5567 732 5619 lloc
758 5567 927 5633 ipsum
952 5568 1095 5619 enim
1123 5581 1241 5621 esse
1272 5567 1321 5620 in
1351 5565 1650 5620 calamitate
1680 5575 1761 5619 est
1786 5565 2037 5620 necessi—

468 5641 602 5687 tates
634 5646 835 5706 natura:
864 5651 925 5691 cx
953 5638 1128 5690 carnis
1157 5636 1515 5706 corruptibilis
1540 5635 1849 5690 inlirmitate
1878 5636 2038 5689 Susti-

466 5718 611 5756 nere.
647 5705 929 5759 Praesentis
963 5710 1081 5761 vitae.
1125 5705 1471 5762 necessitates
1520 5707 1768 5772 cupiebat
1808 5707 2036 5760 evadere

461 5780 549 5843 qui
582 5778 790 5829 dict-bat
818 5791 829 5825 :
866 5778 937 5828 lle
966 5778 1341 5833 ncessitatibus
1389 5779 1514 5833 meis
1559 5780 1698 5846 eripe
1748 5791 1827 5830 me
1859 5777 2028 5847 ll’sal.

2143 4596 2241 4646 qua
2272 4594 2328 4633 re
2354 4590 2405 4631 et
2433 4581 2604 4647 ipsum
2636 4581 2732 4633 sibi
2765 4582 2938 4634 locum
2980 4580 3091 4633 ﬁeri
3124 4580 3292 4644 petiit,
3319 4589 3534 4647 propter
3558 4593 3716 4645 quem

2140 4648 2312 4702 locum
2345 4651 2613 4718 quaesivit,
2645 4651 2827 4703 dicens
2854 4669 2865 4702 :
2896 4649 3016 4702 Esto
3043 4650 3165 4701 mihi
3192 4650 3243 4701 in
3273 4650 3436 4701 Deum
3465 4659 3691 4718 proiecto

2141 4734 2264 4783 rem,
2292 4729 2339 4771 et
2364 4716 2422 4771 in
2456 4721 2620 4772 locum
2648 4723 2917 4783 munitum,
2949 4728 3001 4771 ut
3029 4724 3223 4771 salvum
3251 4734 3329 4770 me
3356 4719 3516 4786 facias
3541 4716 3714 4785 (Psol.

2145 4804 2275 4853 xxx,
2305 4790 2381 4854 ὅ).
2415 4789 2565 4845 Sicut
2593 4794 2853 4859 gravioris
2882 4791 3049 4855 culpa:
3068 4801 3150 4843 est
3174 4793 3307 4842 inter
3330 4788 3717 4859 bouosbonmu

2142 4873 2247 4913 non
2277 4874 2423 4923 esse,
2456 4861 2527 4912 ita
2557 4857 2800 4915 immensi
2830 4871 2913 4915 est
2939 4861 3190 4928 praeconii
3220 4864 3412 4912 bonum
3439 4857 3602 4911 etiam
3632 4860 3706 4912 iu-

2144 4938 2225 4983 ter
2253 4931 2422 4981 malos
2450 4930 2739 4983 exstiti~se.

2207 4998 2336 5051 Car.
2368 5014 2439 5052 ιι.
2472 4997 2547 5051 De
2566 5002 2799 5067 passione
2824 4997 3098 5052 electorum
3148 5007 3196 5052 et
3221 4997 3570 5068 compassiorte
3596 5016 3719 5065 pro-

2137 5069 2416 5122 ximorum.
2440 5097 2509 5108 —
2532 5071 2584 5123 1.
2617 5071 2796 5124 Sancti
2838 5070 2938 5121 viri
2996 5070 3392 5122 tribulationum
3445 5068 3587 5121 bello
3624 5070 3717 5124 de-

2139 5138 2412 5207 prehensi,
2432 5153 2536 5193 uno
2555 5141 2849 5206 eodemque
2865 5148 3104 5207 tempore
3124 5142 3260 5192 alios
3283 5137 3534 5191 ferientes
3559 5149 3717 5204 atque

2137 5211 2277 5263 alios
2300 5210 2584 5263 suadentes
2611 5211 2804 5263 lerunt.
2840 5210 2945 5262 Illis
2971 5222 3243 5276 Opponmtl
3264 5218 3471 5260 scutum
3503 5209 3710 5274 patien-

2139 5280 2375 5343 tite,istis
2394 5278 2569 5348 jacula
2604 5281 2907 5347 intorquent
2928 5279 3294 5333 doctrinaAd
3322 5285 3393 5329 utt
3409 5291 3603 5344 umque
3619 5294 3716 5345 pu-

2140 5351 2333 5419 gnandi
2349 5352 2560 5403 modum
2593 5352 2724 5403 mira
2744 5350 2954 5402 virtutis
2978 5358 3093 5403 arte
3115 5350 3270 5404 electi
3294 5348 3387 5399 viri
3405 5360 3463 5400 se
3479 5349 3713 5417 erigunt,

2136 5432 2398 5489 quatenus
2428 5431 2481 5474 et
2504 5420 2726 5474 interius
2745 5422 3016 5486 sapienter
3036 5421 3284 5481 doceant,
3312 5427 3367 5472 et
3388 5420 3530 5471 foras
3562 5422 3713 5472 torti-

2139 5501 2219 5546 ter
2264 5491 2488 5545 adversa
2544 5498 2906 5544 contemnant.
2963 5491 3068 5543 llos
3112 5490 3365 5543 docentes
3420 5492 3711 5558 corrigam,

2138 5563 2258 5615 illus
2312 5563 2599 5614 tolerantes
2662 5571 2924 5629 premant.
2987 5560 3153 5614 Electi
3215 5560 3312 5612 viri
3372 5560 3713 5627 insurgentes

2138 5633 2321 5685 hostes
2364 5632 2607 5698 patiendo
2656 5632 2977 5695 desiticiunt.
3012 5631 3342 5683 tntlrmantes
3392 5642 3521 5681 vero
3571 5630 3719 5682 cives

2137 5707 2532 5769 compatiuntur
2563 5702 2626 5753 ad
2658 5702 2909 5755 salutem.
2937 5700 3047 5754 Illis
3074 5702 3351 5762 resistunt,
3386 5714 3452 5751 ne
3497 5707 3552 5751 et
3582 5701 3719 5751 alios

2137 5773 2485 5838 Subtraltant;
2517 5772 2582 5825 de
2622 5775 2739 5827 istis
2767 5778 3043 5839 metuunt,
3074 5786 3142 5827 ne
3171 5770 3331 5824 vitam
3380 5771 3719 5825 reetitudmis
