4004 6144
413 263 544 317 “(iii

1291 255 1577 312 APPEND.
1620 255 1714 312 LX.
1756 287 1823 298 --
1863 253 2398 312 SENTENTIARUM
2442 253 2644 310 LIBER
2685 254 2771 308 IV.

3525 259 3657 313 H66

404 375 767 449 quetilationis
788 374 994 449 calcant
1019 376 1193 449 (fuit,
1226 393 1295 441 tv,
1327 378 1417 441 l0;
1443 375 1620 449 Creg.,
1656 375 1978 443 Moral.xiti,
2013 381 2058 440 Α
2091 376 2388 449 Aliquando
2429 374 2785 449 discretionis
2816 373 3098 449 imaginem
3143 372 3323 449 oculis
3377 374 3653 449 hominum

407 447 495 510 16.
520 465 573 502 n.
616 447 711 509 19;
740 461 811 508 tv,
843 445 932 506 30,
957 463 1008 498 ιι.
1033 445 1143 505 5η.

475 519 530 570 2.
557 515 828 583 Alinsjuri
855 531 912 570 se
945 517 1164 570 luxurizc
1211 517 1408 578 snliilit,
1455 526 1612 586 atque
1636 525 1759 568 ante
1786 517 1982 570 mentis

405 588 592 644 oculos
617 587 888 658 schemata
915 589 1149 652 turpium
1191 589 1658 658 pertractationum
1694 586 1829 658 [Al.,
1861 602 1982 658 per-

409 653 790 730 petratioiutm]
842 657 1016 730 lingit;
1051 666 1104 710 et
1141 672 1260 730 cum
1300 656 1528 730 effectus
1573 653 1984 730 non'tribuitur

406 726 606 795 operis,
664 727 763 778 hoc
808 727 1049 779 crebrius
1079 729 1251 795 agitur
1299 726 1591 780 intentione
1621 727 1978 792 cogitationis.

458 797 710 864 oluptatis
736 796 992 863 perfectio
1024 800 1301 863 quieritur,
1335 805 1388 849 et
1417 809 1708 848 concussus
1736 797 1977 849 enormi-

409 878 487 922 ter
516 866 725 919 animus
758 865 880 919 hinc
915 866 1056 931 inde,
1088 877 1140 919 et
1170 867 1448 922 Sollicitus.
1479 874 1533 919 et
1563 875 1794 918 emeatus
1822 879 1981 918 occa-

405 939 610 992 sionem
645 936 986 1003 nequissima:
1010 936 1323 1000 expletionis
1356 937 1591 988 rimatur.
1628 934 1771 988 Meos
1803 935 1980 1003 itaque

409 1009 522 1060 haec
555 1006 703 1074 quasi
735 1005 1017 1073 quemtlatn
1044 1006 1290 1071 pupulum
1326 1006 1544 1074 patitur,
1579 1021 1694 1073 quin
1726 1004 1974 1059 insolenti

408 1079 656 1131 vitiorum
693 1077 912 1128 tumultu
955 1083 1210 1126 vastatur.

483 1148 536 1201 3.
574 1147 726 1200 Alius
755 1146 846 1198 ira:
875 1158 934 1198 se
963 1145 1195 1196 dominio
1240 1145 1462 1204 stravit,
1494 1154 1544 1196 et
1572 1143 1694 1211 quid
1737 1143 1788 1196 in
1819 1143 1982 1197 corile

408 1217 509 1270 nisi
537 1215 708 1282 iurgia
742 1213 849 1285 [ΑΙ.
884 1215 1008 1266 add.
1055 1213 1274 1285 etiam],
1309 1213 1683 1285 qittedesoiit,
1737 1215 1981 1282 peragit?

409 1286 503 1340 llic
548 1300 690 1350 stepe
736 1283 1029 1351 pitcsentes
1059 1297 1161 1336 non
1194 1283 1354 1345 videt,
1412 1283 1720 1336 absentibus
1765 1293 1981 1337 contra-

406 1356 556 1409 dicit.
593 1355 728 1407 Intra
763 1354 1105 1423 semetipsum
1155 1352 1501 1407 contumelias
1537 1352 1736 1420 profert
1764 1362 1816 1406 et
1845 1354 1981 1423 ru-cif

409 1426 517 1492 pit;
546 1426 772 1491 receptis
801 1421 976 1475 autem
1023 1423 1209 1476 durius
1249 1429 1572 1489 respondet:
1622 1433 1674 1476 et
1721 1436 1840 1476 cuin
1888 1421 1977 1490 qui

410 1495 591 1550 obviet
644 1495 819 1547 nullus
869 1493 1042 1555 adsit,
1099 1495 1300 1561 magnis
1348 1493 1671 1545 clamoribus
1727 1493 1870 1544 rixas
1927 1494 1977 1545 in

407 1567 572 1619 corde
601 1562 892 1630 componit.
927 1562 1156 1615 Turbam
1203 1563 1381 1628 itaque
1418 1561 1503 1614 hic
1536 1565 1675 1614 intus
1705 1563 1932 1615 sustinet
1961 1603 1976 1626 ,

405 1651 571 1706 quem
619 1636 822 1700 pondus
868 1632 1157 1687 vehemens
1237 1634 1574 1685 inflammata:
1639 1632 1979 1701 cogitationis

447 1704 619 1758 retnit.

409 1721 836 1840 pratumiusjuri
865 1788 922 1827 se
950 1772 1189 1825 avaritia:
1221 1771 1400 1834 tradit,
1432 1780 1486 1824 et
1537 1771 1811 1826 fastidiens
1854 1786 1980 1840 pro-

409 1847 543 1915 pria,
569 1839 744 1898 aliena
786 1844 1134 1915 concupiscit.
1191 1839 1290 1915 llic
1331 1841 1664 1915 plerumque,
1698 1839 1979 1910 concupita

406 1910 470 1968 ad
498 1916 625 1983 pisci
659 1929 763 1966 non
795 1916 1000 1977 valens,
1025 1910 1144 1983 dies
1168 1911 1379 1979 quidem
1404 1911 1454 1983 in
1486 1914 1616 1983 otio_,
1647 1921 1830 1964 noctes
1856 1926 1982 1983 vero

409 1985 459 2038 in
498 1975 831 2054 cogitatione
875 1975 1075 2036 versat.
1107 1975 1320 2054 _Turpr_t
1370 1975 1606 2054 abdutili
1638 1996 1824 2054 opere,
1856 1981 1977 2050 quia

417 2049 664 2123 fatigatur
695 2053 879 2106 illicita
906 2050 1259 2123 cogitatione.
1274 2049 1509 2123 Consilia
1529 2121 1536 2123 g
1556 2049 1894 2123 multiplicat,
1928 2062 1980 2104 ct

408 2120 580 2178 sinunt
613 2124 805 2176 ttictitis
830 2122 1217 2190 cogitationum
1250 2120 1643 2174 inventionibus
1695 2121 1848 2173 latius
1891 2136 1981 2174 cx-

410 2196 609 2262 pandit.
642 2189 1029 2262 Nonnunquam
1067 2189 1357 2258 cupiditate
1403 2193 1591 2262 aliena:
1618 2190 1692 2244 rei
1718 2190 1983 2245 humanus

409 2261 616 2316 animos
652 2263 821 2316 victus
846 2261 955 2330 jam
984 2265 1132 2327 quasi
1158 2275 1276 2327 qua:
1316 2261 1661 2327 concupierat
1720 2261 1980 2328 possidet,

407 2345 460 2386 et
489 2334 636 2401 quasi
669 2335 732 2383 ait
767 2335 1040 2385 meliorem
1087 2332 1318 2401 speciem
1364 2330 1596 2397 impulsu
1645 2331 1982 2401 cOgitationis

408 2400 644 2456 adducit.
692 2402 795 2456 Sed
849 2417 970 2454 mox
1012 2401 1229 2453 insidias
1259 2400 1605 2453 invidentium
1639 2400 1935 2454 considerat
1965 2440 1980 2463 ,

409 2484 462 2527 et
489 2474 612 2541 quid
640 2483 823 2526 contra
856 2487 913 2524 se
949 2470 1109 2540 jurgii
1161 2478 1438 2524 moveatur
1489 2479 1700 2539 pensat.
1738 2469 1981 2541 Exquirit

408 2540 529 2612 quid
559 2542 898 2612 respuiideat,
931 2551 984 2594 et
1015 2556 1136 2593 cum
1164 2555 1275 2593 rem
1301 2541 1495 2612 nullam
1545 2548 1743 2612 teneat,
1778 2540 1887 2607 jam
1924 2540 1977 2593 iii

409 2611 722 2666 defensione
764 2611 836 2664 rei
882 2621 1100 2678 pugnat.
1142 2611 1400 2677 Quamvis
1445 2611 1823 2678 ergonihilide
1853 2623 1981 2662 con-

407 2685 584 2750 cupita
609 2699 665 2737 re
687 2677 908 2750 ceperit,
938 2680 1097 2733 habet
1121 2689 1296 2751 tamen
1341 2680 1392 2734 in
1443 2680 1606 2751 corde
1629 2677 1822 2751 A2“
1868 2679 1979 2746 jam

410 2749 634 2807 fructum
667 2749 1129 2817 concupiscentiae,
1166 2750 1401 2803 laborem
1435 2749 1583 2803 νίκας.
1613 2749 1859 2803 Graviter
1884 2761 1982 2802 tta-

408 2837 513 2891 que
544 2825 692 2892 quasi
733 2821 928 2890 p0pitlo
975 2821 1250 2890 premitur,
1277 2822 1365 2888 qui
1414 2820 1714 2889 instigantis
1742 2820 1980 2874 avaritia:

411 2896 635 2946 tumultu
669 2902 922 2945 vastatur.

484 2965 536 3016 5.
570 2963 718 3017 Alius
744 2960 1004 3030 tyrannidi
1043 2959 1308 3024 superbia:
1339 2958 1644 3030 subjicitur,
1676 2969 1729 3012 et
1761 2976 1852 3013 cor
1881 2960 1982 3013 mi-

409 3045 586 3086 setum
614 3032 738 3086 dum
761 3028 945 3084 contra
974 3030 1215 3082 homines
1246 3028 1424 3096 erigit,
1470 3029 1598 3082 vitio
1647 3029 1964 3084 substernit.

409 3101 680 3156 llonoruin
710 3101 1014 3154 sublituium
1045 3099 1235 3151 infulas
1264 3072 1484 3164 ap'pet'it,
1520 3099 1738 3152 exaltari
1763 3113 1976 3154 succcs-
2004 3072 2050 3135 ο

406 3173 558 3226 sibus
590 3173 864 3242 exquirit;
899 3179 1172 3242 totumque
1223 3170 1360 3242 quod
1397 3183 1517 3242 esse
1575 3169 1847 3242 desiderat
1875 3172 1974 3224 sibi

407 3245 545 3309 apud
576 3237 923 3308 semetipsum
957 3237 1370 3309 Cogitationibus
1395 3239 1650 3307 depingit.
1675 3239 1790 3292 Jam
1823 3242 1974 3307 quasi

410 3308 665 3366 tribunali
699 3311 965 3378 pnesidet.
997 3311 1114 3362 .lam
1146 3308 1248 3362 sibi
1290 3310 1461 3376 parari
1501 3310 1758 3378 obsequia
1805 3313 1980 3378 sobje-

407 3391 612 3435 ctorum
642 3381 805 3434 videt.
841 3379 957 3433 Jatn
988 3379 1136 3447 quasi
1169 3379 1379 3432 certetis
1425 3379 1645 3432 eminet.
1699 3379 1814 3432 Jain
1858 3384 1976 3433 aliis

407 3453 542 3505 mala
575 3453 810 3518 irrogat;
854 3448 990 3513 aliis,
1014 3450 1130 3517 quia
1160 3447 1544 3518 irrogaverunt,
1586 3459 1974 3516 recoutpeusat.

405 3521 522 3576 Jatn
564 3521 704 3590 apud
752 3521 1094 3587 semetipsum
1140 3519 1580 3590 stipatuscuneis
1609 3519 1676 3572 ad
1707 3519 1975 3590 publicum

408 3587 666 3660 procedit,
695 3600 747 3644 et
776 3590 970 3658 quibus
1011 3587 1555 3660 obsequiis‘fulciatur
1575 3587 1856 3656 conspicit.

478 3669 530 3716 t5.
566 3663 736 3715 Homo
780 3662 922 3713 vitiis
964 3659 1229 3721 subditur,
1277 3658 1400 3711 dum
1445 3659 1495 3712 iu
1523 3661 1703 3712 multis
1725 3661 1978 3728 phantas-

409 3734 638 3786 tnatibus
667 3733 806 3784 inani
831 3729 1154 3798 cogitatione
1179 3729 1279 3781 huc
1305 3729 1537 3798 illucque
1561 3743 1827 3783 versatur.
1859 3731 1973 3782 Alia

410 3808 709 3868 conculcat,
743 3801 842 3853 alia
873 3800 1133 3852 sublevat.
1159 3799 1276 3852 Jain
1299 3799 1367 3852 tle
1405 3798 1728 3853 conculcatis
1757 3800 1979 3852 satisfa-

406 3874 483 3927 cit
511 3872 668 3937 odiis,
696 3884 748 3925 et
769 3873 834 3924 de
852 3869 1143 3923 sublevatis
1169 3868 1358 3936 recipit
1381 3869 1638 3922 favorem.
1681 3871 1781 3935 Qui
1818 3868 1978 3937 igitur

409 3953 487 3997 tot
520 3944 887 4012 phantasmata
910 3938 1060 4012 cordi
1084 3941 1360 4012 imprimit,
1384 3940 1508 4007 quid
1542 3939 1795 3992 istealiud
1819 3955 1976 4007 quain

406 4007 562 4083 quasi
591 4015 855 4066 somnium
888 4007 1131 4083 _vigilans
1184 4009 1363 4083 videt?
1409 4013 1652 4083 Dumque
1687 4018 1765 4062 tot
1801 4025 1976 4064 rerum

405 4079 596 4137 causas
621 4097 751 4150 quas
775 4080 924 4148 litigit
948 4082 1158 4140 tolerat,
1191 4079 1440 4150 nimirum
1473 4079 1794 4132 intrinsecus
1827 4089 1979 4134 natas

406 4169 472 4207 ex
521 4149 799 4207 desideriis
846 4154 1024 4204 turbas
1064 4157 1258 4218 portat.
1306 4149 1623 4215 Plerumque
1651 4151 1811 4202 homo
1847 4151 1974 4204 dum

407 4223 738 4276 familiariter
756 4222 1167 4288 vitiisjnngitur,
1184 4233 1367 4273 eorum
1397 4221 1580 4287 procul
1611 4218 1775 4272 dubio
1798 4219 1980 4273 causis

409 4295 728 4363 implicatur,
749 4291 942 4360 quibus
971 4303 1114 4357 siepe
1146 4292 1411 4344 consentit
1440 4289 1491 4342 itt
1517 4289 1734 4363 illicitis.
1759 4299 1812 4342 et
1838 4293 1977 4363 mala

407 4360 526 4432 qua:
576 4373 792 4431 propter
837 4364 1180 4432 semetipsum
1235 4376 1338 4432 non
1379 4361 1638 4432 appetit,
1688 4360 1977 4414 committit

413 4430 627 4502 propter
658 4430 823 4502 altera
849 4446 967 4500 qua:
1000 4430 1438 4502 tiooudereliqnit.

478 4498 604 4557 CAP.
632 4517 762 4555 xvn.
798 4498 880 4552 Dei
900 4500 1156 4551 nonnullis
1185 4500 1315 4552 vitiis
1366 4515 1479 4568 qua:
1524 4499 1730 4552 virtutes
1778 4515 1830 4552 se
1870 4515 1978 4552 esse

407 4577 669 4627 simulant.
718 4601 788 4611 —
841 4571 890 4624 1.
930 4569 1251 4638 Plerumque
1298 4574 1421 4623 vitia
1481 4570 1702 4623 virtutes
1748 4585 1807 4623 se
1857 4584 1978 4624 esse

409 4649 760 4698 mentiuntur.
798 4641 927 4694 Nam
958 4655 1102 4708 smpe
1132 4643 1230 4692 sub
1271 4641 1613 4708 parciinoma:
1659 4640 1876 4693 nomine
1918 4656 1978 4695 se

410 4716 610 4768 tenacia
643 4716 844 4784 palliat,
885 4721 1263 4784 contraquese
1291 4710 1478 4784 effusio
1499 4711 1979 4779 subappellatione

410 4783 667 4855 largitatis
693 4789 942 4855 occultat.
985 4784 1138 4848 Swpe
1183 4783 1480 4855 inordinata
1537 4784 1782 4855 remissio
1807 4787 1979 4855 pietas

407 4849 673 4917 creditur,
697 4864 747 4907 et
775 4853 1028 4907 effrenata
1055 4855 1129 4903 ira
1159 4851 1448 4919 spiritualis
1470 4852 1567 4905 zeli
1603 4849 1766 4904 virtus
1796 4853 1980 4906 existi-

409 4938 604 4980 matur.
639 4927 705 4979 Et
732 4939 874 4988 saepe
908 4923 1236 4991 praecipitata
1289 4930 1428 4974 actio
1473 4923 1768 4974 velocitatis
1799 4923 1980 4975 ctlica-

407 4997 511 5060 cia,
563 5007 724 5065 atque
771 4994 962 5063 agendi
1004 4993 1224 5045 tarditas
1257 4993 1536 5065 gravitatis
1581 4992 1858 5045 consilium
1885 5009 1980 5060 pu-

415 5076 576 5121 tatur.
628 5064 860 5120 necesse
901 5071 984 5116 est
1038 5072 1093 5115 ut
1139 5066 1341 5116 electus
1391 5064 1615 5130 quisque
1655 5065 1876 5116 virtutes
1916 5078 1980 5116 ac

411 5138 533 5190 vitia
562 5136 802 5206 vigilanti
831 5147 957 5186 cura
988 5131 1276 5206 discernat,
1309 5147 1376 5186 ne
1404 5143 1512 5206 aut
1538 5147 1631 5185 cor
1658 5137 1862 5206 tenacia
1889 5149 1980 5186 oc-

407 5218 586 5276 cnpet,
620 5203 673 5260 et
701 5219 915 5274 parcum
959 5217 1024 5276 se
1068 5204 1235 5276 videri
1268 5207 1318 5276 in
1365 5203 1850 5276 dispensationibus
1881 5219 1980 5257 ex-

408 5272 591 5342 sultet,
624 5272 717 5330 aut.
756 5291 875 5330 cum
917 5272 1086 5327 effuse
1117 5275 1240 5342 quid
1265 5273 1426 5328 fuerit
1459 5276 1746 5342 perditum,
1774 5276 1979 5341 largum

408 5363 487 5416 se,
513 5350 665 5418 quasi
695 5347 1016 5418 miserando,
1049 5345 1324 5418 glorietur,
1352 5358 1440 5418 aut
1463 5345 1806 5418 remittendo,
1838 5346 1980 5414 quod

410 5415 570 5474 ferire
597 5417 884 5478 debuit,ad
912 5426 1111 5485 anerua
1141 5415 1400 5485 suppl.cia
1422 5416 1662 5469 subditos
1686 5427 1970 5485 pertranat,

410 5499 500 5544 aut
528 5489 830 5542 immaniter
859 5484 1115 5546 feriendo,
1152 5484 1293 5552 quod
1324 5487 1648 5554 delinquitur
1675 5484 1696 5548 ,’
1723 5485 1834 5552 ipse
1860 5501 1981 5552 κη-

410 5562 522 5615 vius
550 5563 838 5628 delinquat,
869 5566 960 5609 aut
989 5555 1110 5618 hoc,
1154 5559 1292 5621 quod
1345 5557 1428 5624 agi
1468 5566 1628 5628 tecte
1657 5571 1718 5609 ac
1748 5557 1981 5619 graviter

411 5633 601 5701 potuit,
657 5627 940 5701 immature
975 5638 1310 5701 perveniens
1334 5695 1346 5701 _
1379 5627 1574 5701 leviget
1607 5666 1621 5690 ,
1688 5635 1777 5678 aut
1829 5629 1980 5678 bonae

409 5692 633 5758 actionis
665 5699 916 5756 meritum
955 5692 1249 5750 diderendo
1283 5695 1350 5751 ad
1382 5692 1643 5751 deteriora
1686 5705 1977 5767 permutet.

2007 4421 2058 4480 D

2089 444 2396 499 immundus
2436 446 2655 512 spiritus
2683 444 2860 510 objicit
2885 481 2899 503 ,
2933 453 2987 496 et
3026 445 3088 496 ad
3143 444 3546 500 indiscretionis
3576 450 3653 504 la-

2084 532 2250 581 queos
2279 519 2538 584 perducit.
2573 516 2725 586 Sicut
2753 523 2834 586 est
2861 527 2982 567 cum
3013 515 3240 579 impulsu
3280 514 3397 580 ejus
3442 531 3536 586 pro
3578 518 3655 572 in-

2085 583 2337 640 firmitate
2387 586 2541 638 nobis
2601 585 2717 650 plus
2786 583 3160 637 alimentorum
3210 598 3368 652 quam
3426 583 3657 644 discreta

2083 657 2427 709 concedimus
2451 695 2465 715 ,
2500 655 2592 708 sed
2626 654 2911 707 indiscrete
2969 664 3151 706 contra
3186 668 3282 707 nos
3314 654 3452 708 bella
3481 662 3657 713 carnis

2084 727 2373 796 oscitamus
2402 725 2570 794 (Taio,
2599 724 2802 796 IY,H;
2836 721 3014 794 Greg.,
3045 740 3151 792 reg.
3186 733 3322 792 past.
3355 742 3408 792 p.
3446 741 3502 788 ll,
3534 743 3581 784 c.
3604 731 3656 796 9,

2086 792 2280 848 Morel.
2314 811 2389 860 ttt,
2413 792 2507 856 36,
2533 811 2586 848 rt.
2613 793 2724 861 68).

2155 864 2206 917 ‘2.
2242 865 2536 937 Aliquando
2570 863 2781 915 Itnmani
2825 862 3039 937 generis
3072 862 3410 937 adversarius
3450 864 3656 937 imagi.

2087 949 2207 1009 nem
2250 933 2560 1009 liumlitatis
2592 943 2841 1009 ostentat,
2879 941 2934 1009 ut
2965 933 3208 1009 i-ﬂ‘eutum
3251 935 3491 989 utilitatis
3523 933 3653 1009 [ΧΑ.

2084 1003 2332 1076 allectum
2363 1001 2701 1071 humilitatis]
2725 1003 3022 1076 subtrahat.
3060 1004 3209 1056 Sicut
3239 1015 3319 1076 est
3347 1021 3464 1058 cum
3491 1001 3654 1076 quos;

2084 1073 2204 1125 dam
2257 1076 2369 1140 plus
2416 1089 2572 1143 quam
2627 1082 2750 1143 sunt
2805 1072 3045 1125 infirmos
3085 1082 3246 1139 atque
3277 1072 3659 1134 inutiles—sibi-

2085 1143 2326 1210 metipsis
2357 1142 2566 1208 asserit,
2591 1151 2646 1195 ut
2669 1142 2794 1194 dum
2845 1157 2904 1195 se
2952 1144 3109 1198 nimis
3151 1144 3394 1212 indignos
3417 1148 3664 1205 conside-

2085 1221 2210 1284 raut
2239 1255 2252 1277 ,
2301 1228 2384 1266 res
2437 1213 2487 1265 in
2526 1213 2717 1284 quibus
2774 1212 3026 1284 prodesse
3083 1214 3338 1284 proximis
3376 1224 3653 1284 poterant,

2087 1282 2391 1357 iniuistrare
2452 1282 2853 1357 pertimescant,
2913 1280 3128 1335 Diversa
3184 1280 3655 1357 [.41.,_'universa]

2085 1352 2210 1404 vitia
2239 1395 2254 1417 ,
2287 1367 2404 1419 quas
2435 1352 2534 1404 sub
2579 1351 2762 1419 Specie
2804 1353 3054 1403 virtutum
3100 1351 3347 1420 antiquus
3374 1355 3540 1409 hostis
3567 1351 3658 1411 oc:-

2084 1426 2264 1481 Ctiltat.
2291 1423 2444 1475 valde
2473 1421 2738 1474 subtiliter
2767 1435 2955 1473 manus
3002 1426 3425 1490 Compunctionis
3455 1430 3656 1480 exami-

2087 1502 2195 1545 nat.
2227 1492 2326 1558 Qui
2357 1493 2497 1546 euiin
2531 1491 2790 1562 veraciter
2821 1490 2960 1543 intus
2989 1491 3151 1556 dolet,
3185 1508 3304 1561 qua:
3348 1496 3548 1562 agenda
3578 1497 3658 1550 fo-

2086 1576 2200 1631 ras,
2242 1577 2360 1630 qua:
2420 1577 2522 1614 non
2581 1561 2782 1629 agenda
2840 1565 2986 1631 sint,
3039 1563 3242 1615 fortiter
3287 1561 3556 1631 prtcvidet.
3598 1567 3654 1622 Si

2085 1630 2212 1685 forti
2264 1631 2439 1704 studio
2485 1645 2590 1704 nos
2631 1630 3096 1704 contravitiorum
3146 1630 3405 1704 incentiva
3437 1635 3658 1704 stringi-

2089 1716 2228 1765 mus,
2281 1703 2392 1768 ipsa
2424 1702 2584 1754 etiam
2619 1701 2740 1753 vitia
2770 1700 2834 1753 ad
2869 1715 3019 1753 usuin
3050 1701 3258 1756 virtutis
3295 1700 3656 1760 immolemus.

2087 1770 2377 1842 Nonnullos
2412 1771 2487 1824 ira
2520 1770 2786 1842 possidet;
2816 1771 3088 1842 sedhanc
3112 1770 3239 1825 dum
3273 1773 3463 1826 rationi
3492 1775 3657 1842 subji-

2085 1842 2276 1904 ciunt,
2306 1841 2357 1894 in
2389 1841 2557 1894 sancti
2590 1841 2687 1893 zeli
2721 1840 3030 1909 mysterium
3078 1850 3311 1894 vertunt.
3363 1840 3657 1900 Nonnullos

2084 1911 2331 1982 sopcrbia
2358 1910 2511 1982 247
2534 1910 2707 1982 erigit,
2726 1913 2817 1982 sed
2835 1909 2968 1982 dum
3000 1911 3190 1964 divine
3221 1911 3514 1982 fortitudini
3541 1918 3658 1969 aui-

2085 1995 2228 2034 mum
2258 1980 2531 2043 inclinant,
2561 1981 2696 2033 hanc
2720 1980 2782 2032 ad
2814 1980 3179 2034 defensionem
3223 1981 3442 2049 justitie
3473 1982 3525 2038 iii
3565 2001 3658 2039 νος

2084 2064 2212 2122 cem
2263 2051 2442 2122 liberae
2491 2049 2825 2122 auctoritatis
2896 2059 3242 2122 commutant.
3311 2054 3467 2122 Saepe
3527 2054 3656 2110 dum

2084 2120 2344 2188 castitatis
2363 2120 2614 2174 munditia
2639 2118 2861 2188 quisque
2890 2120 3184 2184 extollitur,
3215 2123 3376 2176 sorde
3402 2118 3657 2178 avaritia

2088 2187 2334 2256 findatur,
2365 2199 2420 2242 et
2449 2192 2581 2246 dum.
2605 2187 2800 2243 virtute
2853 2189 3112 2257 largitatis
3165 2193 3436 2258 speciosus
3474 2207 3657 2249 osten-

2084 2259 2250 2324 ditur,
2270 2260 2498 2330 luxuria:
2529 2259 2749 2330 maculis
2780 2261 3114 2330 inquinatur;
3139 2261 3371 2330 dumque
3399 2266 3656 2320 castitatis

2083 2337 2242 2402 atque
2272 2329 2526 2402 largitatis
2557 2329 2750 2402 decore
2773 2329 3018 2402 vestitur,
3060 2331 3202 2384 velut
3255 2329 3320 2386 ex
3359 2335 3474 2387 zelo
3500 2337 3657 2402 justi-

2083 2397 2190 2461 the,
2216 2397 2544 2453 crudelitatis
2573 2401 2849 2452 atrocitate
2877 2398 3127 2454 fuscatur.

2157 2470 2285 2523 Car.
2319 2485 2462 2523 xvtn.
2509 2470 2657 2535 Quod
2685 2485 2746 2521 ex
2786 2469 3054 2523 virtutibus
3082 2472 3308 2539 virtutes,
3340 2482 3387 2526 et
3429 2490 3492 2528 ea:
3525 2475 3656 2530 ritiis

2082 2538 2508 2614 v_iiia4_orit_mtur.
2543 2567 2610 2614 —_-
2640 2539 2688 2592 1.
2740 2539 2938 2593 Omnes
2984 2539 3206 2614 virtutes
3258 2538 3310 2596 in
3363 2557 3652 2614 conspecto

2083 2609 2386 2683 C‘onditoris
2437 2609 2659 2683 v_i_caria_
2685 2623 2886 2683 ope_se
2931 2611 3245 2678 sublevant;
3297 2622 3354 2667 ut
3396 2609 3520 2683 quia
3553 2631 3653 2670 una

2083 2679 2253 2733 virtus
2284 2678 2400 2733 sine
2429 2681 2537 2732 alia
2579 2678 2662 2749 vel
2704 2679 2848 2732 nulla
2891 2687 2973 2749 est
3010 2687 3250 2745 omnino,
3283 2684 3366 2736 vel
3414 2678 3652 2749 ininima,

2083 2749 2314 2804 vicissim
2376 2765 2470 2802 sua
2517 2747 2894 2818 conjunctione
2949 2747 3254 2805 fufciantur.
3307 2752 3461 2807 Nulla
3519 2747 3655 2810 bona

2081 2829 2206 2872 sunt
2229 2827 2444 2885 uetera,
2475 2821 2518 2873 si
2547 2819 2740 2892 oi_-culti
2761 2819 2959 2892 iudicis
2995 2823 3165 2892 oculis
3207 2825 3481 2892 castigatis
3508 2827 3656 2880 testi-

2082 2892 2261 2942 monia
2287 2905 2390 2942 non
2424 2889 2805 2959 approbantur,
2855 2891 2899 2943 si
2928 2890 3010 2945 vel
3040 2889 3656 2950 castitatetn'hutuilitas

2082 2959 2318 3023 deserat,
2369 2961 2452 3033 vel
2504 2959 2860 3033 humilitatem
2914 2963 3130 3033 castitas
3179 2962 3458 3031 relinquat,
3513 2970 3653 3033 apud

2083 3041 2357 3100 auctorem
2425 3028 2737 3100 humilitatis
2790 3037 2844 3083 et
2892 3030 3150 3084 munditia
3203 3028 3460 3100 prodesse
3522 3028 3652 3090 nihil

2083 3099 2357 3166 prtBValel,
2401 3099 2485 3152 vel
2525 3099 2754 3165 superba
2796 3100 3036 3164 castitas,
3070 3101 3152 3155 vel
3198 3099 3471 3159 humilitas
3508 3105 3656 3160 coin-

2077 3170 2315 3242 quinata.
2360 3167 2492 3221 Cum
2540 3169 2779 3242 dominio
2804 3169 3048 3222 vitiorum
3080 3176 3514 3242 contradicimus,
3555 3177 3658 3230 ini-

2078 3237 2287 3308 quitati,
2319 3253 2556 3309 quaenos
2578 3254 2606 3290 a
2631 3237 2857 3292 Domino
2879 3251 3115 3309 separat,
3141 3237 3512 3309 reluctantur;
3531 3261 3653 3300 cum

2080 3323 2183 3362 con
2216 3308 2456 3382 uetudini
2495 3308 2755 3362 violenter
2783 3308 3106 3382 resistimus,
3138 3320 3210 3374 et,
3245 3314 3506 3367 desideria
3531 3332 3652 3382 per-

2078 3392 2226 3431 versa
2261 3379 2548 3440 calcantes.
2578 3390 2764 3430 contra
2817 3378 2952 3430 hanc
2978 3377 3068 3446 jus
3113 3382 3263 3434 nobis
3291 3377 3549 3437 libertatis
3575 3387 3656 3439 itt-

2076 3451 2268 3516 geuitie
2295 3448 2651 3518 vindicamus,
2682 3447 2947 3518 acerrimo
2978 3448 3259 3518 conflictui
3308 3452 3605 3506 resistimus
3634 3471 3648 3518 ;

2075 3532 2196 3571 cum
2229 3516 2412 3585 culpas
2451 3517 2758 3584 pmniteudo
2787 3517 3131 3584 percutitnus.
3175 3529 3229 3573 et
3269 3525 3501 3577 maculas
3530 3516 3652 3578 soré

2079 3587 2224 3640 dium
2259 3588 2472 3640 lletibus
2505 3589 2768 3652 lavamus,
2811 3599 2864 3640 et
2895 3587 3107 3641 fortiter
3136 3603 3320 3643 contra
3353 3595 3477 3646 Vitia
3509 3593 3652 3647 relu-

2076 3666 2282 3732 ctantur
2324 3655 2516 3732 (Ταὶοι
2541 3671 2613 3721 tv,
2651 3655 2983 3732 12;_Creg.,
3021 3656 3213 3713 Horat.
3256 3677 3366 3724 xxi,
3393 3661 3446 3727 3,
3485 3680 3538 3718 n.
3573 3667 3650 3732 6).

2145 3729 2277 3782 Car.
2315 3726 2430 3782 xix.
2472 3726 2552 3780 De
2578 3728 2968 3796 cogitationibus
3017 3732 3184 3783 noxiis
3227 3740 3274 3782 et
3312 3726 3473 3785 iunoa:
3493 3735 3554 3786 is.
3588 3726 3658 3774 -ἓ-

2079 3798 2132 3870 i.
2175 3801 2493 3870 Plerumque
2521 3811 2610 3870 ex,
2637 3801 2790 3852 bonis
2820 3797 3070 3870 operibus
3119 3799 3371 3856 discimus
3399 3815 3652 3870 quantam

2079 3869 2200 3920 vita:
2240 3868 2550 3942 munditiam
2599 3868 2650 3920 in
2698 3868 3023 3942 cogitatione
3063 3868 3473 3942 construamus;
3519 3889 3658 3942 pene

2077 3948 2265 3991 cuncta
2295 3939 2431 3990 bona
2464 3952 2623 4005 opera
2649 3951 2712 3991 ex
2744 3937 3066 4006 cogitatione
3089 3939 3368 4006 prodeunt,
3403 3945 3496 3996 sed
3519 3937 3654 3997 sunt

2078 4008 2332 4060 nonnulla
2374 4007 2710 4080 cogitationis
2758 4008 3024 4080 acumina,
3055 4025 3175 4077 quze
3224 4026 3287 4065 ex
3337 4015 3651 4080 operatione

2079 4089 2405 4140 nasiznntur;
2459 4092 2579 4130 nam
2612 4078 2845 4130 sicutab
2885 4079 3062 4149 anima
3103 4095 3237 4147 opus
3281 4078 3530 4149 sumitur,
3581 4086 3652 4138 ita

2079 4162 2262 4201 rursus
2291 4149 2357 4200 ab
2378 4161 2542 4216 opere
2572 4154 2780 4201 animus
2809 4148 3073 4203 eruditur.
3110 4149 3274 4207 Valde
3311 4148 3533 4209 necesse
3574 4165 3658 4209 est

2079 4228 2136 4292 ut
2161 4233 2300 4292 cum
2324 4220 2576 4292 cogitatio
2605 4231 2756 4272 extra
2787 4234 2939 4272 usum
2959 4219 3190 4287 ducitur,
3221 4228 3462 4292 protinus
3505 4240 3659 4279 men-

2082 4288 2370 4363 tisoculus
2413 4287 2480 4363 ad
2510 4304 2669 4363 opera
2715 4299 2978 4363 transacta
3002 4287 3300 4348 revocetur.
3347 4300 3423 4349 Ac
3464 4305 3654 4363 penset

2081 4359 2472 4432 quisquisquid
2498 4359 2770 4432 subjectus
2799 4362 2989 4429 egerit,
3019 4373 3075 4415 et
3099 4371 3316 4430 repente
3344 4359 3651 4432 cogrioscet.

2081 4436 2237 4499 sape
2271 4428 2578 4483 misericors
2618 4428 2875 4486 Dominus
2920 4445 2985 4484 eo
3014 4428 3174 4485 citius
3220 4428 3435 4499 peccata
3474 4433 3654 4487 cordis

2078 4498 2267 4563 abluit,
2312 4514 2418 4567 quo
2457 4499 2569 4552 haec
2599 4503 2751 4554 exire
2790 4500 2856 4553 ad
2887 4515 3076 4570 cpera
3127 4498 3232 4554 non
3278 4504 3566 4570 permittit;
3598 4517 3653 4557 et

2077 4571 2309 4639 cogitata
2341 4571 2575 4641 nequitia
2617 4581 2766 4623 tanto
2806 4569 2964 4641 citius
2997 4571 3241 4633 solvitur,
3282 4569 3488 4641 quanto
3519 4575 3652 4626 elfe-

2078 4650 2166 4710 ctu
2215 4643 2394 4708 operis
2461 4640 2759 4693 districtius
2807 4655 2912 4692 non
2957 4640 3172 4710 ligatur.
3227 4640 3328 4695 Per
3379 4645 3649 4710 egregium

2081 4709 2415 4763 Psalmtstatn
2446 4711 2636 4763 dicitur
2663 4709 2834 4779 (Psal.
2893 4725 3038 4769 xxxi.
3072 4708 3128 4780 5)
3168 4729 3181 4764 :
3211 4711 3376 4766 Dixi:
3412 4708 3655 4766 Pronun-

2079 4780 2213 4831 εἱαῡο
2242 4781 2512 4832 adversum
2542 4797 2618 4832 me
2646 4781 2922 4848 injustitias
2968 4796 3102 4832 meas
3134 4781 3373 4847 Domino,
3402 4793 3448 4835 et
3489 4793 3542 4834 tu
3571 4799 3658 4834 re-

2079 4852 2257 4902 misisti
2281 4851 2562 4922 impietates
2582 4853 2751 4922 cordis
2783 4852 2877 4903 nisi
2903 4850 3072 4919 (Titio,
3100 4867 3171 4915 tv,
3202 4851 3295 4916 l5;
3327 4850 3502 4922 Crcg.,
3539 4851 3655 4904 Mo-

2078 4921 2179 4973 rat.
2218 4936 2271 4982 x,
2306 4921 2392 4979 15,
2422 4935 2475 4970 n.
2497 4919 2608 4983 ‘26;
2646 4919 2769 4989 Reg.
2799 4933 2933 4988 post.
2959 4938 3008 4988 p.
3042 4935 3117 4983 tit,
3141 4938 3187 4974 ε.
3217 4923 3334 4988 ‘29).

2150 4994 2202 5042 2.
2244 4991 2342 5055 Qui
2387 4991 2530 5042 enim
2563 4994 2912 5059 impietatem
2971 4993 3150 5045 cordis
3201 4991 3472 5052 subdidit,
3530 4992 3656 5059 quia

2079 5065 2457 5128 cogitationum
2499 5058 2786 5126 injustitias
2817 5062 3161 5126 pronuntiare
3191 5065 3339 5126 velit,
3371 5058 3653 5126 indicavit,

2080 5134 2204 5185 dum
2231 5133 2303 5182 ait
2326 5144 2342 5182 ι
2370 5128 2512 5193 Dixi,
2543 5131 2899 5197 pronuntiabo,
2927 5142 3084 5198 atque
3107 5132 3249 5185 illico
3276 5133 3516 5201 adjungit
3544 5148 3556 5182 :
3589 5131 3657 5182 Et

2082 5212 2137 5254 tu
2165 5202 2422 5253 remisisti.
2452 5203 2621 5263 Quam
2651 5203 2722 5253 sit
2741 5204 2810 5256 de
2839 5203 3249 5270 cogitationibus
3281 5203 3449 5256 facilis
3477 5203 3654 5262 venia,

2081 5271 2335 5332 ostendit,
2357 5285 2445 5338 qui
2481 5272 2606 5323 dum
2646 5285 2705 5326 se
2734 5273 2932 5340 aliquid
2961 5273 3134 5326 adhuc
3163 5275 3423 5338 promittit
3447 5283 3649 5340 petere,

2084 5345 2182 5395 hoc
2228 5347 2368 5408 quod
2409 5353 2471 5393 se
2515 5351 2700 5408 petere
2751 5347 3092 5407 promittebat
3130 5345 3382 5398 obtinuit.
3431 5347 3485 5395 In
3537 5349 3653 5394 sola

2085 5425 2466 5478 nonnunquam
2509 5411 2832 5481 cogitatione
2867 5414 3209 5480 delinquitur,
3243 5425 3296 5468 et
3322 5415 3444 5482 quia
3489 5426 3658 5480 llstlll.

2081 5483 2146 5535 ad
2175 5497 2308 5550 opus
2353 5497 2458 5534 non
2488 5493 2630 5536 venit
2668 5483 2842 5550 culpa,
2887 5497 3052 5550 usque
3096 5485 3160 5536 ad
3212 5497 3507 5536 crueiatum
3550 5497 3656 5534 non

2084 5551 2326 5621 υεΐνθυίι
2369 5555 2714 5618 Pauli-entia;
2761 5553 2856 5607 Sed
2895 5555 3120 5621 cogitata
3170 5554 3392 5609 afflictio
3421 5564 3654 5607 tuentem

2082 5623 2240 5677 citius
2299 5624 2456 5690 tergit
2500 5638 2659 5691 quam
2707 5623 2956 5676 nimirum
3010 5626 3378 5677 tantummodo
3424 5628 3656 5692 cogitata

2084 5693 2335 5759 iniquitas
2364 5694 2566 5763 polluit.
2598 5695 2740 5749 litem
2783 5693 3062 5750 Psalmista
3089 5697 3162 5749 ait
3189 5710 3202 5746 :
3235 5693 3406 5765 tPsat.
3449 5708 3652 5756 xxxvii,
