4004 6144
396 325 530 385 HG!)

1247 329 1536 389 APPEND.
1581 331 1672 388 IX.
1711 357 1776 371 —
1820 327 2349 386 SENTENTIARUM
2392 329 2588 386 LIBER
2630 333 2712 387 IV.

3508 329 3640 384 ΗΝ

390 441 651 525 agnoscit.
693 442 790 525 Qui
836 443 886 525 in
919 442 1178 525 principio
1204 442 1751 525 .Itrereditariqlf'orte,
1788 441 1957 525 ἥξετε·
1987 441 2034 500 Α
2063 440 2266 524 tardius
2291 442 2342 496 in
2375 445 2716 525 asperitatem
2745 443 3032 525 concitant,
3068 443 3263 525 furoris
3332 443 3384 498 ui
3440 442 3666 525 «Καμαρ-

389 509 584 583 ditare]
613 509 880 577 festinant,
922 509 1121 567 sortem
1174 515 1275 568 sibi
1310 517 1363 568 in
1412 509 1695 569 novissima
1739 509 1959 583 benedi-

390 580 584 652 ctionis
613 592 910 649 amputant,
941 583 1060 652 quia
1108 584 1232 637 dum
1283 599 1376 650 per
1404 584 1640 638 avaritiae
1670 580 1958 652 nequitiam

395 651 480 706 hic
511 653 846 714 tnultipliCuri
876 651 1151 721 appetunt,
1181 654 1288 708 illic
1309 655 1376 706 ab
1398 664 1603 708 aeterno
1636 651 1959 718 patrimonio

393 721 706 776 exhteredes
747 723 898 778 liunt.
942 723 1212 792 Cupiditas
1249 726 1559 792 plerumque
1600 723 1824 774 latenter
1855 721 1962 792 ori-

395 801 481 845 tur
509 793 559 844 in
608 801 810 864 mente.
858 793 951 864 sed
984 790 1298 864 punctiones
1346 790 1682 864 peccatorum
1724 790 1960 864 omnium

398 871 638 932 patenter
666 863 908 932 producit
945 860 999 917 in
1041 879 1226 932 opere,
1255 860 1386 932 quas
1430 861 1672 932 videlicet
1717 860 1962 926 punctio-

397 945 492 986 nes
520 931 587 985 ab
615 932 714 986 hac
752 933 931 987 radice
961 943 1236 1002 surgentes
1257 931 1434 988 Statim
1471 931 1784 999 praadicator
1812 944 1964 998 egre-

395 1003 513 1072 gius
543 1002 795 1068 insinuat,
827 1003 1044 1058 dicens:
1082 1004 1247 1068 Quam
1275 1004 1482 1071 quidam
1506 1009 1794 1072 appetentes
1816 1015 1958 1052 erra-

397 1069 574 1126 uerunt
602 1088 632 1124 a
654 1071 775 1138 ﬁde,
803 1082 848 1126 et
876 1073 1193 1127 inseruerunt
1221 1089 1272 1127 se
1288 1069 1558 1126 doloribus
1578 1069 1786 1123 multis.

469 1140 600 1198 Car.
648 1157 777 1197 xxn.
826 1141 902 1195 De
927 1143 1212 1197 iracundia.
1241 1172 1310 1184 -—
1341 1143 1393 1198 I.
1434 1142 1567 1197 Dum
1615 1139 1965 1207 tranquillita-

402 1215 747 1283 tem_mentis
788 1214 1102 1283 plerumque
1148 1214 1226 1267 ira
1275 1213 1604 1275 diverberat,
1652 1208 1960 1283 dilaniatam

403 1280 634 1350 quodam
658 1277 838 1348 modo,
870 1277 1199 1352 scissamque
1237 1283 1531 1352 perturbat,
1562 1290 1620 1352 u_t
1644 1277 1966 1352 _sibimetipsi

405 1367 509 1405 non
538 1363 815 1422 congruat,
867 1367 928 1406 ac
955 1356 1060 1407 vim
1095 1350 1294 1407 intimae
1323 1350 1687 1422 similitudinis
1732 1350 1962 1422 amittat.

402 1422 508 1476 Per
531 1417 667 1476 irani
693 1424 950 1487 sapientia
984 1423 1243 1489 perditur.
1277 1435 1328 1476 ut
1357 1421 1506 1491 quid,
1540 1434 1749 1491 quoque
1777 1417 1967 1473 ordine

400 1493 664 1560 agendum
688 1493 778 1557 sit,
818 1495 1034 1546 omnino
1064 1495 1350 1548 uesciatur.
1379 1490 1541 1547 Sicut
1562 1490 1817 1554 scriptum
1842 1498 1963 1542 est:

401 1561 495 1634 Ira
529 1562 582 1614 in
620 1562 755 1634 sinu
778 1561 917 1618 stulti
938 1564 1210 1634 requiescit
1235 1562 1430 1634 (It'ccle.
1462 1575 1556 1624 vtl,
1596 1561 1704 1628 I0),
1735 1560 1856 1627 quia
1889 1560 1966 1611 ni-

401 1633 594 1686 mirum
635 1632 998 1703 intelligentia:
1019 1632 1023 1633 “
1045 1635 1221 1688 lumen
1245 1632 1553 1696 subtrahit,
1585 1637 1968 1703 cu_m_mentem

406 1701 765 1770 permovendo
793 1699 1091 1760 confundit.
1117 1703 1219 1758 Per
1250 1705 1383 1759 iram
1408 1703 1514 1756 vita
1556 1699 1836 1764 amittitur,
1865 1699 1967 1770 e_tsi

2063 511 2236 583 ignem
2259 523 2495 568 servant.
2527 515 2773 583 Plerique
2795 514 3066 568 hominum
3093 511 3260 583 (quod
3282 523 3366 568 est
3387 516 3639 583 nequius)

2062 593 2115 651 et
2155 582 2312 635 citius
2355 583 2644 638 iracundia!
2690 582 2930 640 ﬂammas
2980 582 3270 651 accipiunt,
3325 594 3378 636 et
3427 582 3638 638 tardius

2062 650 2355 720 deponunt.
2404 652 2652 708 Nonnulli
2701 670 2826 708 vero
2867 672 2896 706 a
2940 669 2998 708 se
3043 650 3192 708 tarde
3226 653 3546 720 suscipiunt,
3582 664 3638 710 et

2063 725 2223 792 citius
2268 722 2534 778 amittunt.
2571 725 2625 778 In
2669 727 2859 790 quibus
2902 725 3149 778 nimirum
3186 732 3412 792 quatuor
3458 722 3634 780 modis

2065 791 2267 865 liquido
2297 793 2464 865 lector
2488 807 2739 860 agnoscet
2760 798 2878 865 quia
2917 803 2968 846 et
2996 794 3062 847 ad
3104 791 3504 860 tranquillitatis
3536 794 3634 850 bo-

2065 876 2190 914 num
2220 862 2433 918 ultimus
2467 867 2740 932 plusquam
2780 862 2998 928 primus
3036 865 3450 932 appropinquat,
3502 872 3560 920 et
3587 865 3642 918 In

2065 933 2204 1005 malo
2225 933 2516 1005 secundum
2551 937 2738 1005 tertius
2768 943 3004 1005 superat.

2136 999 2267 1056 Car.
2293 1018 2445 1061 χχιιι.
2481 1003 2714 1070 Qualiter
2740 1007 2820 1058 ira
2837 999 3052 1072 reprimi
3092 1003 3286 1056 debeat.
3310 1031 3383 1042 —
3409 1001 3458 1056 I.
3499 1000 3642 1056 Duo-

2066 1070 2169 1142 bus
2217 1073 2389 1126 modis
2430 1072 2593 1130 fracta
2637 1070 2914 1142 possidere
2958 1075 3191 1127 animum
3240 1073 3316 1126 ira
3346 1073 3635 1126 desuescit.

2067 1139 2274 1212 Primus
2304 1143 2500 1210 quippe
2519 1155 2601 1198 est
2629 1139 2688 1197 ut
2716 1160 2864 1199 mens
2887 1141 3135 1208 sollicita,
3165 1153 3451 1212 antequam
3479 1155 3640 1208 agere

2065 1211 2340 1283 quodlibet
2370 1214 2605 1283 incipiat,
2637 1230 2824 1269 omnes
2851 1216 2951 1268 sibi
2976 1229 3108 1281 quas
3136 1211 3248 1280 pati
3291 1211 3468 1279 potest
3507 1227 3636 1266 con-

2068 1280 2316 1351 tumelias
2349 1280 2625 1350 proponat.
2654 1295 2937 1349 quatenus,
2984 1280 3356 1351 Redemptoris
3395 1284 3476 1338 sui
3519 1297 3644 1350 pro-

2068 1349 2159 1402 bra
2187 1349 2544 1418 cogitans,’ad
2572 1353 2797 1422 adversa
2829 1369 2887 1406 se
2914 1349 3201 1422 praeparet,
3233 1368 3352 1420 qure
3385 1349 3658 1406 nimirum.

2071 1421 2336 1474 venientia
2384 1431 2532 1476 tanto
2560 1421 2748 1476 Iortior
2774 1421 2994 1492 excipit,
3027 1431 3226 1492 quanto
3251 1437 3311 1477 se
3340 1426 3546 1492 cautius
3573 1437 3652 1477 ex.

2070 1492 2404 1556 przcscientia
2435 1498 2682 1547 armavit.
2711 1493 2812 1558 Qui
2857 1491 3190 1558 improvidus
3217 1494 3284 1545 ab
3316 1491 3658 1546 adversitate-

2068 1561 2513 1626 deprehenditur,
2555 1564 2708 1629 quasi
2738 1565 2804 1617 ab
2836 1565 2990 1619 hoste
3036 1561 3309 1618 dormiens
3356 1563 3644 1626 invenitne,

2068 1644 2307 1703 cultique
2325 1632 2483 1703 citius
2507 1632 2753 1703 inimicus
2775 1641 2947 1696 necat,
2972 1635 3092 1703 quia
3121 1648 3226 1685 non
3259 1641 3646 1703 repugnantem

2069 1699 2261 1774 accipit
2291 1701 2395 1774 [AL
2430 1700 2706 1774 perforat].
2735 1703 2865 1759 Nam
2898 1699 3006 1770 qui'
3026 1703 3164 1756 mala
3189 1699 3520 1774 imminentia
3551 1717 3650 1774 per

401 1766 668 1838 sapienter
717 1773 885 1827 teneri
921 1775 1181 1838 videatur,
1228 1775 1366 1828 sicut
1413 1771 1808 1840 scriptumrest
1832 1786 1855 1840 7:7
1878 1766 1969 1821 Ira
2004 1783 2043 1839 δ
2075 1766 2485 1826 sollicitudinem
2531 1766 2814 1840 praevenit,
2857 1766 3043 1838 sicque
3088 1781 3386 1840 pernoctat,
3426 1766 3650 1826 hostiles

403 1843 577 1914 perdet
596 1842 748 1897 etiam
775 1845 1046 1914 prudentes
1075 1842 1345 1912 (Proverb.
1382 1858 1470 1910 xv,
1506 1841 1580 1911 l).
1606 1839 1736 1914 Quia
1767 1839 1973 1914 scilicet

401 1908 655 1984 confusus
695 1908 905 1969 animus
941 1908 1270 1984 nequaquam
1310 1908 1509 1982 explet,
1539 1908 1719 1984 etiam
1759 1910 1803 1963 si
1847 1908 1970 1984 quid

405 1983 702 2054 intelligere
736 1979 1210 2054 prudenter'valet.
1245 1983 1347 2054 Per
1382 1979 1520 2054 iram
1550 1979 1971 2054 justitia_relin-

400 2045 603 2122 quitur:
629 2045 767 2107 sicut
798 2056 1052 2122 scripnnn
1073 2067 1152 2108 est
1175 2053 1198 2106 ἐ
1233 2053 1322 2107 Ira
1350 2054 1446 2107 viri
1460 2045 1721 2123 justitiam
1753 2045 1848 2101 Dei
1869 2065 1972 2123 non

401 2119 643 2196 operatur
671 2123 807 2190 (Jac.
839 2140 879 2188 ι,
907 2119 1022 2196 Qu).
1055 2126 1188 2190 Quia
1219 2124 1344 2178 dum
1376 2119 1680 2192 perturbata
1711 2134 1860 2196 mens
1885 2119 1972 2188 ju-

403 2189 600 2246 dictum
650 2209 760 2257 sua:
807 2189 1028 2250 rationis
1076 2189 1388 2261 exasperat,
1428 2207 1589 2247 omne
1636 2189 1777 2260 quod
1828 2189 1974 2261 furor

402 2264 637 2329 suggerit
671 2274 871 2318 rectum
917 2275 1082 2332 putat.
1121 2260 1220 2320 Per
1247 2265 1378 2318 iram
1407 2263 1575 2331 gratia
1607 2265 1733 2332 vitze
1753 2260 1972 2314 socialis

404 2332 685 2402 amittitur,
716 2333 851 2387 sicut
880 2330 1135 2400 scriptum
1157 2344 1276 2390 est:
1311 2330 1434 2388 Noli
1463 2349 1570 2387 esse
1596 2330 1832 2386 assiduus
1859 2345 1974 2383 cum

406 2402 607 2456 homine
648 2404 919 2471 iracundo,
977 2422 1038 2457 ne
1084 2406 1250 2460 discas
1284 2407 1487 2460 semitas
1532 2407 1663 2473 ejus,
1705 2412 1751 2454 et
1802 2417 1972 2454 sumas

409 2474 920 2546 scandaluinanima:
958 2485 1059 2530 tuae
1083 2477 1355 2546 (I’rorerb.
1387 2490 1522 2535 xxtt.
1554 2474 1622 2526 ’24
1653 2474 1808 2539 seq.).
1839 2473 1971 2537 Quia

408 2544 498 2608 qui
525 2558 582 2598 se
607 2559 669 2599 ex
706 2545 934 2600 lnnnana
965 2544 1171 2601 ratidnc
1196 2563 1299 2601 non
1329 2554 1609 2612 temperat,
1643 2556 1865 2612 necesse
1888 2551 1972 2595 est

408 2613 704 2688 bestialiter
734 2615 890 2688 solus
921 2620 1062 2672 vivat
1108 2614 1282 2688 (Taio,
1315 2630 1384 2680 tv,
1425 2611 1526 2680 l6;
1558 2611 1736 2682 στερη
1781 2611 1970 2665 Moral.

409 2699 460 2749 v,
492 2681 580 2749 45,
611 2700 666 2738 η.
694 2684 803 2748 78).

475 2751 530 2806 9..
574 2754 672 2826 ger
701 2757 832 2810 iram
873 2757 1154 2812 concordia
1199 2758 1480 2826 rumpitur,
1531 2755 1666 2808 sicut
1713 2753 1972 2826 scriptum

407 2837 482 2896 est
519 2841 533 2878 :
575 2822 660 2876 Vir
687 2829 940 2882 animosus
973 2830 1107 2896 parit
1129 2831 1290 2893 rixas,
1321 2821 1366 2882 et
1401 2828 1476 2880 vir
1507 2827 1784 2896 iracundus
1807 2821 1973 2888 eﬂ‘un-

409 2894 487 2947 dit
515 2907 717 2968 peccata
744 2894 1013 2964 (Proverb.
1049 2914 1134 2962 xv,
1171 2899 1281 2968 I8).
1318 2897 1604 2951 Iracundus
1625 2894 1822 2968 quippe
1854 2907 1972 2968 pec:

408 2974 524 3036 cata
575 2962 822 3036 eli'undit,
875 2970 996 3036 quia
1027 2970 1187 3022 etiam
1231 2962 1425 3030 malos,
1475 2981 1619 3036 quos
1658 2965 1870 3036 incaute
1909 2962 1973 3014 ad

407 3034 732 3107 discordiam
769 3033 1042 3104 provocat,
1076 3038 1284 3107 pejores
1312 3040 1454 3090 facit.
1488 3037 1586 3107 Per
1610 3034 1742 3107 iram
1771 3033 1974 3107 lux_v_e-

414 3106 580 3158 ritatis
609 3103 890 3170 amittitur,
921 3109 1060 3162 sicut
1095 3103 1350 3174 scriptum
1388 3114 1505 3160 est:
1528 3105 1622 3174 Sol
1647 3119 1746 3155 non
1774 3103 1970 3155 occidat

411 3191 561 3242 super
589 3177 910 3230 iracundiam
935 3188 1152 3230 vestram
1178 3172 1397 3246 (Ephes.
1447 3192 1517 3241 tv,
1540 3172 1656 3243 “26).
1689 3174 1821 3239 Quia
1852 3187 1972 3246 cum

413 3246 576 3298 menti
617 3247 888 3301 iracundia
935 3244 1260 3302 Confusionis
1309 3247 1553 3301 tenebras
1598 3246 1807 3308 incutit,
1857 3244 1978 3296 huic

412 3316 554 3382 Deus
585 3316 788 3369 radium
841 3333 951 3370 sure
997 3319 1315 3383 Cognitionis
1367 3315 1670 3370 abscondit.
1703 3314 1805 3368 Per
1845 3313 1978 3366 iram

411 3385 579 3438 sancti
619 3385 850 3452 Spiritus
891 3389 1140 3452 Splendor
1184 3386 1504 3451 excluditur,
1547 3385 1783 3453 utjnxta
1832 3393 1980 3436 vetu-

412 3463 546 3526 stam
576 3457 976 3512 translationem
1005 3459 1257 3526 scriptum
1282 3467 1394 3513 est:
1424 3457 1591 3524 Super
1611 3471 1757 3525 quem
1783 3453 1980 3520 requie-

355 3549 358 3552 ~
413 3525 507 3578 scit
535 3527 744 3596 spiritus
786 3543 949 3594 meus,
981 3529 1078 3580 nisi
1107 3525 1255 3598 super
1287 3528 1552 3589 humilem,
1585 3535 1638 3598 et
1654 3526 1977 3598 quietum,_et

418 3593 714 3668 (rententetn
731 3593 986 3653 sermones
1015 3615 1150 3652 meos
1168 3593 1336 3668 '(Isai.
1378 3612 1519 3660 mm,
1545 3596 1602 3665 2)
1623 3597 1646 3648 ?
1667 3593 1810 3668 Cum
1837 3593 1980 3668 enim

417 3664 659 3738 humilem
687 3667 910 3734 diceret,
938 3671 1163 3736 quietum
1189 3664 1433 3738 prodnus
1463 3664 1722 3738 adiunxit.
1754 3664 1810 3718 Si
1835 3665 1980 3738 enim

416 3733 647 3804 quietem
677 3743 869 3792 mentis
890 3733 1355 3802 Stt'btraliatstlam,
1383 3733 1549 3794 sancti
1573 3736 1800 3806 Spiritus
1833 3733 1982 3806 habi-

424 3806 672 3880 tationem
704 3809 920 3880 claudit.
961 3809 1192 3880 Spiritus
1221 3811 1391 3864 sancti
1431 3805 1734 3880 recessione
1770 3805 1982 3880 animus

420 3877 880 3952 per_iracuudiam
913 3875 1109 3952 vacuus
1153 3880 1232 3952 ad,
1271 3890 1513 3952 apertam
1558 3892 1677 3952 mox
1721 3875 1980 3952 insaniam

417 3947 648 4018 ducitur,
681 3956 734 4018 et
762 3963 929 4017 usque
951 3949 1017 4004 ad
1045 3946 1380 4018 superficiem
1403 3949 1470 4002 ab
1501 3948 1686 4002 intimo
1708 3946 1984 4018 cogitatio-

421 4031 548 4074 nuut
575 4012 922 4074 fundamento
951 4012 1274 4088 dissipatur;
1323 4036 1444 4074 nam
1475 4021 1567 4074 ira:
1612 4030 1733 4088 sua:
1753 4012 1984 4070 stimulis

426 4101 712 4161 accensum
755 4105 853 4161 cor
907 4087 1148 4161 palpitat,
1202 4106 1394 4159 corpus
1449 4090 1648 4154 tremit,
1702 4087 1876 4161 lingua
1925 4098 1984 4139 se

428 4157 704 4226 praepedit,
738 4157 1178 4231 fiicies'ignescit,
1207 4157 1588 4226 exa'srerantur
1617 4157 1778 4223 oculi,
1811 4164 1863 4231 et
1883 4169 1983 4231 ne-

424 4241 685 4302 quaquam
739 4226 1191 4302 recognoscuntur
1237 4232 1347 4285 noti
1381 4246 1397 4286 :
1438 4231 1596 4302 251
1623 4243 1721 4302 ore
1757 4226 1983 4302 quidem

426 4298 716 4353 clamorem
749 4297 963 4366 format,
995 4303 1089 4355 sed
1119 4317 1308 4356 sensus
1334 4297 1725 4369 quid—loquitur
1756 4297 1981 4369 ignorat.

494 4369 550 4424 5.
593 4369 646 4422 ln
680 4370 834 4424 nullis
873 4371 1050 4440 itaque
1092 4374 1190 4426 iste
1229 4367 1522 4440 ahre’ptitiis
1568 4367 1725 4440 longe
1762 4378 1864 4430 εει,
1895 4367 1985 4434 qui

422 4440 646 4496 actionis
675 4455 786 4493 sua:
815 4439 1063 4495 conseius
1095 4451 1326 4498 nonest.
1362 4439 1654 4509 Aliquando
1692 4439 1851 4509 homo
1890 4451 1981 4509 per

425 4511 747 4564 iracundiam
780 4525 968 4566 manus
994 4527 1098 4565 non
1127 4514 1315 4576 exerit,
1368 4506 1478 4565 sed
1505 4511 1556 4564 in
1596 4506 1982 4562 maledictionis

423 4581 652 4650 iaculum
701 4581 933 4649 linguam
994 4584 1171 4636 vertit.
1226 4579 1426 4636 Fratris
1458 4592 1685 4649 namque
1716 4577 1985 4650 interitum

429 4647 674 4722 precibus
719 4647 979 4720 exposcit,
1006 4662 1063 4706 'et
1103 4655 1202 4705 hoc
1237 4655 1398 4706 Deum
1429 4647 1735 4722 perpetrare
1789 4647 1987 4715 expetit

427 4720 566 4789 quod
595 4722 706 4788 ipse
730 4738 1010 4788 perversus
1035 4723 1194 4777 homo
1221 4722 1397 4776 facere
1419 4720 1501 4774 vel
1528 4720 1733 4782 metuit,
1767 4723 1842 4771 vel
1867 4732 1984 4769 eru-

429 4791 629 4856 bescit;
686 4793 845 4861 ﬁtquc
893 4801 950 4846 ut
987 4804 1110 4848 voto
1138 4803 1191 4846 et
1219 4807 1350 4846 voce
1391 4789 1733 4844 homicidium
1777 4796 1990 4861 peragat

427 4863 602 4935 etiam,
621 4877 740 4916 cum
762 4857 800 4916 'a
832 4865 1049 4935 laesione
1083 4865 1308 4932 proximi
1348 4861 1590 4935 manibus
1629 4871 1851 4935 cessata
1879 4857 1987 4935 Ali-

429 4931 642 4999 quando
681 4935 780 4998 ira,
835 4927 1140 5002 perturbato
1183 4935 1381 4995 animo,
1425 4933 1572 5002 quasi
1603 4945 1668 4986 ex
1693 4927 1891 4997 judicio
1918 4927 1991 4980 si-

433 5003 653 5075 lentium
683 5001 888 5068 indicit,
916 5013 970 5058 et
994 5004 1133 5075 quod
1174 5005 1313 5058 [oras
1346 5017 1440 5072 per
1470 5001 1702 5075 linguam
1749 5014 1856 5075 non
1893 5011 1988 5050 ex-

434 5074 636 5147 primit,
672 5076 826 5147 intus
873 5067 1110 5130 deter-ius
1155 5067 1410 5146 igncSCi't;
1451 5081 1516 5147 Il"
1553 5067 1718 5147 ἷΐίδίυῧ
1770 5067 1992 5147 (Ιυίεῖὶηξὲ

433 5139 844 5213 collocationem
893 5159 1042 5200 suam
1092 5139 1342 5213 pro'titno
1381 5143 1698 5207 subtrahat,
1757 5149 1810 5192 et
1863 5139 1991 5190 nihil

435 5212 661 5267 dicendo
704 5229 861 5284 quant
910 5217 979 5271 sit
1021 5212 1239 5269 aversus
1277 5215 1441 5269 dICJl.
1499 5213 1562 5265 Et
1612 5224 1990 5284 nonnunquam

436 5283 631 5338 silentii
673 5282 927 5340 severitas
967 5300 1059 5352 per
1089 5284 1384 5351 disciplina:
1413 5282 1862 5352 dispenSatiouem
1904 5292 1993 5347 ge-

439 5356 594 5420 ritur,
624 5357 666 5409 si
693 5366 868 5411 tanten
895 5347 1120 5409 sollicite
1142 5358 1193 5409 in
1225 5347 1422 5408 intimis
1455 5347 1794 5406 discretionis
1822 5347 1992 5420 forma

437 5419 704 5483 servetur.
751 5429 1034 5480 Sciendum
1065 5434 1148 5479 est
1184 5426 1322 5494 quod
1373 5423 1668 5494 nonnullos
1697 5421 1787 5494 fira
1839 5419 1996 5494 citius

439 5499 702 5561 accendit,
759 5498 964 5550 facilius
994 5489 1215 5549 deserit.
1250 5495 1542 5566 Nonnullos
1585 5491 1798 5566 quidem
1849 5489 1996 5566 tarde

437 5557 760 5633 commovet,
812 5568 904 5623 sed
945 5566 1140 5620 diutius
1176 5573 1335 5620 tenet.
1367 5557 1686 5630 Plerumque
1723 5557 1994 5633 iracundia

441 5639 649 5695 accensi
675 5630 822 5708 ignes
853 5682 867 5705 ,
897 5635 1229 5708 gravioribus
1263 5634 1668 5708 durioribusque
1697 5647 1807 5684 non
1828 5630 1998 5694 distu-

440 5723 550 5776 rcs,
596 5704 966 5765 accénsionem
1009 5706 1158 5760 tarde
1205 5704 1517 5771 suscipiunt,
1561 5704 1652 5756 sed
1696 5711 1870 5777 tamen
1907 5711 1997 5755 at:-

442 5783 588 5837 ccnsi
637 5782 800 5837 semel
855 5778 1123 5836 difﬁcilius
1170 5777 1611 5845 exstinguuntur;
1667 5779 1721 5826 et
1768 5786 1890 5840 quia
1939 5784 1996 5823 se

2075 1841 2320 1912 incursus
2345 1843 2495 1912 quasi
2528 1843 2578 1898 in
2613 1844 2821 1900 insidiis
2852 1844 3074 1912 vigilans
3101 1850 3412 1909 exspectat;
3444 1851 3498 1900 et
3525 1840 3650 1898 inde

2072 1910 2137 1964 ad
2180 1910 2459 1966 victoriam
2511 1915 2750 1971 valenter
2791 1910 3106 1982 accingitur,
3157 1913 3297 1966 unde
3345 1912 3498 1982 valde
3549 1925 3648 1966 ne-

2072 1982 2266 2053 sciens
2290 1982 2616 2051 deprehendi
2668 1981 2967 2053 putabatur.
3008 1985 3246 2038 Solerter
3281 1981 3492 2035 animus
3524 1992 3650 2053 ante

2073 2050 2299 2105 actionis
2326 2050 2437 2108 suae
2479 2050 2770 2120 primordia
2797 2064 2990 2109 cuncta
3021 2057 3182 2108 debet
3207 2053 3431 2106 adversa
3467 2051 3656 2106 medi-

2073 2122 2194 2194 tari,
2247 2132 2302 2177 ut
2345 2138 2555 2192 semper
2601 2126 2701 2180 hoc
2742 2125 3016 2194 cogitans,
3063 2138 3276 2194 semper
3318 2125 3659 2194 contrahet}.

2074 2191 2290 2264 thorace
2336 2191 2602 2264 patientia:
2645 2191 2902 2257 munitius,
2928 2205 2997 2264 et
3023 2193 3277 2262 quidquid
3325 2193 3647 2264 accesserit,

2074 2262 2578 2336 providus'superet,
2612 2277 2662 2320 et
2684 2263 2939 2336 quidquid
2973 2279 3076 2319 non
3102 2262 3408 2336 accesserit,
3436 2266 3647 2336 lucrum

2075 2341 2238 2399 putet.
2270 2335 2547 2390 SeCundus
2571 2331 2855 2392 servandae
2879 2333 3300 2390 mansuetudinis
3330 2331 3518 2386 modus
3540 2343 3644 2397 est,

2074 2409 2132 2474 ut
2159 2419 2277 2474 cum
2319 2404 2521 2460 alienos
2562 2421 2817 2462 excessus
2859 2407 3165 2474 aspicimus.
3218 2411 3423 2474 nostra,
3455 2400 3652 2471 quibus

2075 2472 2126 2546 in
2151 2473 2268 2528 aliis
2297 2477 2645 2546 excessimus,
2684 2478 2876 2532 delicta
2907 2471 3199 2546 cogitemus
3233 2471 3405 2544 (Taio,
3444 2488 3514 2538 tv,
3547 2473 3651 2537 17;

2073 2541 2478 2616 Grgg.,AM0ral.
2505 2562 2556 2611 v,
2590 2548 2681 2613 45,
2713 2565 2766 2602 n.
2794 2548 2911 2616 8i).

2143 2613 2197 2667 2.
2237 2613 2582 2670 Causiderata
2611 2613 2894 2672 infirmitas
2932 2617 3143 2686 propria
3189 2615 3326 2669 mala
3373 2616 3527 2672 nobis
3553 2631 3654 2670 ex-

2073 2693 2226 2757 cusat
2277 2686 2470 2740 aliena.
2526 2689 2796 2742 Patieuter
2854 2703 3088 2757 namque
3145 2687 3341 2757 illatam
3400 2686 3654 2755 injuriam

2074 2755 2286 2826 tolerat,
2312 2757 2398 2824 qui
2432 2757 2513 2821 pie
2539 2759 2777 2813 meminit
2799 2758 2937 2826 quod
2976 2755 3205 2811 fortasse
3248 2755 3423 2810 adhuc
3461 2757 3657 2826 habeat

2075 2823 2126 2876 in
2158 2840 2264 2891 quo
2289 2823 2481 2881 debeat
2506 2829 2619 2895 ipse
2652 2823 2887 2882 tolerari.
2921 2828 3085 2894 Quasi
3120 2842 3254 2896 aqua
3285 2827 3421 2894 ignis
3452 2824 3656 2880 exstin-

2073 2900 2268 2962 guitur,
2315 2912 2456 2957 cum.
2500 2908 2751 2968 surgente
2797 2898 2977 2953 furore
3019 2897 3429 2968 animi,_cuique
3455 2911 3553 2951 sua
3586 2897 3655 2950 ad

2075 2974 2308 3020 tuentem
2337 2969 2487 3034 culpa
2517 2966 2815 3030 revocatur,
2844 2970 2965 3036 quia
2993 2966 3266 3023 erubescit
3297 2977 3512 3034 peccata
3541 2981 3652 3021 non

2077 3051 2316 3109 parcere,
2358 3038 2449 3107 qui
2493 3038 2576 3091 vel
2628 3039 2740 3093 Deo
2769 3039 2850 3093 vel
2884 3039 3126 3109 proximo
3171 3052 3315 3104 saepe
3357 3052 3417 3092 se
3467 3039 3661 3109 recolit

2001 3125 2046 3187 ρ
2079 3107 2341 3187 parcenda
2376 3122 2649 3187 peccasse.
2678 3107 2913 3187 solerter
2941 3107 3323 3187 sciendunt‘est
3356 3108 3497 3177 quod
3543 3107 3653 3187 alia

2080 3185 2161 3246 est
2215 3177 2293 3230 ira
2345 3192 2502 3246 quam
2549 3181 2881 3245 impatientia
2931 3181 3148 3242 excitat,
3185 3178 3290 3232 alia
3321 3193 3479 3246 quam
3509 3177 3659 3231 zelus

2079 3245 2291 3300 format.
2332 3245 2424 3302 Illa
2461 3265 2524 3302 ex
2567 3248 2719 3315 vitio,
2774 3250 2889 3304 hmc
2918 3265 2983 3304 ex
3015 3249 3208 3302 virtute
3249 3245 3557 3315 generatur.
3600 3248 3659 3302 Si

2080 3317 2232 3389 nulla
2266 3319 2342 3389 ira
2374 3334 2438 3373 ex
2472 3320 2668 3374 virtute
2698 3329 2965 3389 surgeret,
2997 3318 3195 3389 divinat
3236 3317 3660 3389 animadversio-

2080 3387 2161 3440 nis
2207 3388 2369 3459 252
2422 3389 2679 3453 impetum
2728 3386 2956 3444 Phinees
2983 3403 3095 3459 per
3134 3386 3368 3459 gladium
3403 3403 3508 3442 non
3541 3387 3658 3456 pla-

2078 3455 2452 3511 cassctJﬁnc
2497 3459 2652 3525 iram,
2703 3459 2825 3526 quia
2876 3455 3149 3512 Heli’non
3201 3455 3406 3520 habuit,
3454 3455 3658 3511 motum

2080 3537 2268 3597 contra
2299 3543 2359 3583 se
2388 3528 2799 3597 implacabiliter
2827 3543 3076 3597 superna:
3115 3526 3334 3582 ultionis
3379 3527 3658 3583 excitavit.

2081 3596 2210 3648 Nam
2243 3613 2350 3665 quo
2396 3596 2582 3653 contra
2626 3596 2956 3653 subditorum
3002 3599 3131 3652 vitia
3157 3598 3347 3665 tepuit,
3377 3613 3443 3650 eo
3471 3607 3661 3651 contra

2081 3666 2229 3720 illum
2255 3669 2334 3723 ira
2361 3669 2588 3723 districti
2613 3671 2799 3724 :eterni
2828 3671 3051 3724 rectoris
3074 3670 3298 3723 exarsit.
3335 3667 3655 3730 Irascimini,

2081 3735 2582 3810 iutptitii’salinista,
2613 3747 2661 3793 et
2692 3741 2847 3794 nolite
2871 3755 3083 3810 peccare
3115 3738 3288 3805 (Psal.
3313 3754 3386 3804 tv,
3417 3737 3494 3810 5).

2151 3807 2205 3861 ὅ.
2247 3809 2399 3875 Quod
2429 3808 2681 3863 nimirum
2713 3824 2816 3864 nou
2844 3806 2987 3864 recte
3018 3809 3338 3877 intelligunt,
3373 3806 3459 3877 qui
3495 3806 3657 3860 irasci

2085 3892 2184 3931 nos
2213 3878 2367 3932 nobis
2403 3880 2790 3945 tantummodo,
2838 3895 2942 3934 non
2987 3882 3148 3934 etiam
3190 3878 3447 3946 proxi'nis
3487 3877 3662 3930 delin-

2083 3950 2372 4019 quentibus
2408 3950 2610 4002 volunt.
2660 3950 2752 4003 Sic
2788 3951 2930 4005 enim
2965 3947 3235 4019 proximos
3264 3962 3447 4001 amare
3464 3949 3668 4019 princi-

2087 4018 2280 4084 piatur,
2310 4027 2371 4088 ut
2400 4020 2464 4073 iis
2505 4021 2832 4088 errantibus,
2865 4021 3003 4074 sicut
3034 4017 3230 4072 nostris
3258 4019 3426 4088 vitiis,
3461 4017 3661 4072 irasca-

2087 4103 2224 4142 mur.
2279 4087 2428 4143 Unde
2460 4104 2553 4144 per
2583 4087 2926 4144 Salomonem
2968 4089 3166 4144 dicitur
3201 4107 3212 4140 :
3245 4087 3430 4141 Melior
3466 4096 3539 4141 est
3584 4088 3663 4139 ira

2084 4174 2236 4228 quant
2265 4158 2395 4212 risus
2425 4157 2623 4226 (Eccle.
2657 4175 2750 4226 vtt,
2782 4163 2862 4228 4),
2905 4162 3027 4226 quia
3062 4173 3156 4227 per
3185 4157 3453 4212 tristitiam
3486 4158 3669 4211 vultus

2085 4226 2366 4300 corrigitur
2391 4231 2601 4284 animus
2631 4226 3010 4300 delinquentis.
3043 4226 3207 4300 Idem,
3226 4228 3511 4300 Psalmista
3552 4228 3626 4300 ait
3653 4244 3665 4279 :

2085 4295 2337 4352 Turbatus
2379 4309 2452 4353 est
2492 4315 2598 4368 pra:
2643 4302 2722 4354 ira
2770 4295 2948 4354 oculus
2985 4317 3123 4354 meus
3151 4299 3326 4370 (Psal.
3357 4313 3427 4370 vt.
3460 4296 3540 4365 8).
3583 4295 3666 4351 Ira

2086 4372 2282 4437 quippe
2305 4384 2397 4436 per
2425 4373 2606 4424 vitium
2631 4375 2825 4426 mentis
2852 4371 3063 4425 oculum
3089 4368 3341 4425 excaecat.
3381 4368 3457 4419 Ira
3483 4378 3664 4420 autem

2091 4453 2181 4512 per
2209 4441 2381 4493 zelum
2415 4442 2612 4505 turbat,
2647 4444 2765 4512 quia
2795 4443 2884 4512 qui
2915 4443 3103 4496 saltem
3137 4437 3472 4512 rectitudinis
3496 4451 3693 4512 minus.

2091 4511 2289 4564 latione
2331 4507 2681 4577 concutitur,
2721 4507 2972 4581 ea,'qu;e
3016 4512 3116 4564 nisi
3166 4507 3451 4581 tranquillo
3500 4507 3690 4581 ceu-de~

2092 4581 2286 4647 percipi
2339 4596 2443 4636 non
2483 4573 2680 4652 potest,
2739 4573 3118 4650 contemplatio
3151 4573 3488 4652 dissipatur.
3543 4573 3684 4642 Ipsa-

2089 4651 2188 4704 zeli
2221 4666 2313 4718 per
2338 4648 2800 4707 mansuetudinem
2833 4648 2974 4706 recta
3009 4648 3519 4718 temulatioteterua
3543 4655 3682 4718 post.

2092 4715 2364 4790 paululum
2419 4725 2469 4775 in
2524 4722 2907 4789 tranquillitate
2951 4721 3144 4774 mentis
3193 4717 3411 4772 oculum
3461 4715 3667 4790 largius

2091 4787 2284 4854 aperit,
2313 4807 2434 4861 qua:
2462 4793 2576 4847 haec
2605 4787 2814 4846 interim
2850 4808 2941 4855 per
2969 4790 3379 4861 commotionem
3424 4787 3664 4861 claudit;

2091 4875 2142 4913 et
2174 4862 2313 4915 unde
2332 4858 2492 4916 meus
2519 4864 2778 4925 turbatur,
2817 4876 2883 4915 ne
2913 4861 3110 4927 videat,
3155 4860 3278 4914 iude
3323 4858 3555 4927 prolicit,
3607 4867 3684 4912 ut.

2092 4931 2156 4985 ad
2195 4931 2479 4985 videndum
2510 4935 2688 4986 verius
2714 4935 2992 4986 clarescat.

2162 5001 2287 5055 Car.
2321 5018 2462 5056 xxiv.
2511 5000 2588 5054 De
2653 5002 2862 5055 invidia.
2887 5029 2956 5042 --
2979 5001 3030 5053 I.
3071 4998 3309 5053 Invidere
3336 5013 3440 5051 non
3472 5011 3672 5065 posse:

2095 5087 2214 5125 mus
2241 5074 2340 5124 nisi
2365 5072 2444 5126 eis
2472 5086 2605 5140 quos
2644 5073 2695 5124 in
2731 5071 2910 5137 aliquo
2947 5071 3194 5124 meliores
3225 5077 3492 5140 putamus.
3533 5067 3676 5120 Par;

2097 5143 2248 5192 vnlus
2274 5157 2402 5210 ergo
2434 5139 2518 5194 est
2547 5140 2637 5210 qui
2665 5142 2856 5194 invidia
2896 5141 3188 5210 occiditur;
3222 5139 3344 5210 quia
3374 5139 3488 5210 ipse
3515 5140 3662 5210 testi.

2098 5206 2361 5265 monium'
2377 5206 2640 5281 perhibet,
2671 5211 2810 5279 quod
2841 5227 2908 5265 eo
2939 5212 3112 5264 minor
3139 5209 3228 5274 sit,
3260 5207 3412 5281 cujus
3460 5206 3659 5281 invidia

2100 5276 2394 5351 torquetur:
2443 5276 2702 5335 Parvulas
2731 5289 2813 5335 est
2840 5285 2928 5347 qni
2969 5283 3135 5334 livore
3172 5279 3463 5351 occiditur,
3507 5276 3661 5351 quia,

2100 5347 2214 5406 nisi
2244 5352 2460 5407 inferior
2497 5353 2772 5414 existeret,
2797 5352 2865 5405 de
2891 5354 3029 5404 bono
3056 5349 3275 5403 alterius
3300 5362 3403 5401 non
3433 5347 3668 5401 doleret.

2097 5420 2381 5475 Sciendum
2423 5437 2761 5487 summopere
2807 5429 2892 5476 est
2933 5423 3053 5489 quia
3099 5419 3674 5489 quamvisperomne

2100 5493 2302 5551 vitium.
2336 5493 2475 5560 quod
2509 5484 2862 5560 perpetratur,
2888 5484 3124 5545 hu'tnano
3140 5488 3286 5541 cordi
3316 5486 3460 5542 virus
3489 5484 3675 5540 infun-

2099 5563 2258 5623 ditur,
2286 5564 2336 5615 in
2361 5565 2458 5616 hac
2486 5573 2660 5616 tznnen
2693 5564 2922 5629 nequitia
2954 5569 3061 5614 tota
3092 5575 3186 5613 sua
3214 5560 3418 5612 viscera
3440 5572 3674 5629 serpens

2099 5635 2354 5693 concutit,
2384 5643 2440 5687 et
2468 5626 2831 5698 iinpriinend'e
2866 5632 3079 5686 malitiae
3109 5642 3308 5697 peStem
3341 5629 3562 5683 evomit.
3597 5626 3676 5698 De

2100 5716 2204 5767 quo
2236 5705 2481 5761 nimirum
2526 5697 2783 5771 scriptum
2816 5713 2896 5755 est
2923 5722 2937 5757 :
2974 5701 3175 5771 Invidia
3204 5698 3392 5771 diaboli
3423 5714 3562 5751 mors
3589 5697 3674 5771 in-

2103 5773 2245 5828 travit
2275 5774 2323 5827 in
2348 5775 2517 5828 urbem
2553 5769 2803 5828 terrarum
2831 5775 2986 5844 (δίῳ,
3022 5787 3077 5842 ιι,
3103 5770 3216 5839 ξι).
3255 5770 3381 5823 Nam
3417 5785 3536 5823 cunt
3569 5769 3667 5821 de.
