4084 6160
395 195 529 251 11’5

1140 200 1230 254 AD
1269 200 1324 257 S.
1370 200 1612 258 iSIDORl
1655 197 2101 257 HISPALENSIS
2135 198 2363 255 OPERA
2407 202 2849 261 APPE‘NDIGES.

3510 200 3650 262 1176

399 329 519 385 nam
548 313 951 385 cum_putredo,
977 327 1098 385 quae
1136 312 1361 385 interius
1394 312 1592 385 fervet,
1637 312 1870 385 ejicitur,
1899 311 1962 365 ad
1996 313 2045 372 Α
2074 311 2336 385 inhaerere
2363 315 2703 367 monstravit.
2724 314 2971 385 Humano
2993 318 3174 385 generi
3198 318 3264 373 de
3293 326 3511 384 peccato
3529 329 3654 376 ten-

400 384 625 437 mtlutem
661 382 818 436 dolor
845 384 1098 449 aperitur.
1129 382 1278 437 Scire
1317 384 1514 438 debent
1555 386 1643 451 qui
1689 383 1966 451 plusquam

397 453 613 521 expedit
642 463 835 516 lacent,
868 470 932 507 ne
976 455 1114 505 inter
1153 454 1372 506 molesta
1404 469 1522 521 qua:
1565 453 1813 517 tolerant,
1842 452 1967 505 dum

400 524 630 589 linguam
665 532 865 586 tenent,
900 524 1003 576 vim
1036 523 1237 575 doloris
1262 533 1603 588 exaggerent.
1635 522 1968 590 Admonendi

400 604 525 648 sunt
552 594 713 654 enim,
749 602 805 646 ut
836 593 878 645 si
912 593 1356 663 proximossicut
1384 608 1443 647 se
1472 594 1719 659 diligttnl,
1752 594 1970 663 minime

401 665 505 718 illis
536 671 761 725 taceant,
792 664 931 716 unde
962 672 1016 716 et
1051 677 1146 716 eos
1184 662 1326 729 juste
1370 664 1782 731 reprehendunt.
1814 662 1970 715 Vocis

404 734 754 788 medicamine
784 744 1130 799 utrorumque
1174 734 1330 785 Saluti
1364 736 1721 797 concurritur,
1748 733 1872 785 dum
1905 734 1971 784 ah

402 805 496 858 illo
523 804 610 872 qui
636 802 797 856 infert
826 803 965 856 actio
995 817 1154 869 prava
1182 804 1559 867 compescitur,
1588 814 1640 857 et
1668 805 1734 856 ab
1758 804 1855 855 hoir
1882 802 1970 869 qui

401 873 625 927 sustinet
663 873 863 926 doloris
907 873 1081 926 fervor
1130 873 1351 929 vulnere
1396 884 1580 941 aperto
1624 884 1969 940 temperatur.

400 944 500 1010 Qui
530 943 893 1011 proximorum
923 942 1058 996 ntala
1089 944 1403 1011 respiciunt,
1440 952 1492 996 et
1520 954 1693 995 tamen
1728 944 1779 995 in
1812 943 1972 995 silen-

401 1025 475 1065 1ιο
521 1014 753 1082 linguam
789 1023 1055 1081 premunt,
1090 1014 1261 1078 quasi,
1308 1015 1608 1081 conspectis
1640 1013 1971 1077 vulneribus,

403 1099 554 1136 usum
586 1083 951 1137 medicaminis
991 1083 1342 1146 subtrahunt;
1375 1092 1429 1137 et
1464 1098 1531 1136 eo
1573 1087 1758 1137 mortis
1786 1092 1970 1137 aucto-

406 1170 492 1208 res
532 1154 685 1215 liunt,
719 1169 823 1222 quo
852 1154 999 1207 virus
1028 1153 1168 1220 quod
1201 1164 1409 1221 portant
1450 1168 1639 1206 curare
1669 1153 1972 1207 noluerunt.

473 1224 601 1279 CAP.
645 1239 831 1289 χχχιιι.
864 1223 937 1276 De
967 1239 1200 1294 perversa
1224 1223 1490 1294 locutione.
1518 1252 1587 1261 -—
1613 1227 1660 1294 l_.
1691 1223 1835 1277 Sicut
1859 1237 1978 1291 per—

400 1297 523 1351 fecti
559 1293 656 1348 viri
681 1292 1254 1362 perversos‘proximos
1287 1309 1390 1347 non
1407 1293 1603 1347 debent
1624 1292 1826 1362 fugere,
1855 1294 1976 1361 quia

400 1374 457 1419 et
485 1379 581 1419 eos
618 1378 761 1431 saepe
789 1365 852 1417 ad
886 1364 1255 1418 rectitudinem
1290 1366 1523 1427 trahunt,
1558 1372 1611 1415 et
1644 1364 1738 1432 ipsi
1769 1364 1834 1417 ad
1862 1378 1979 1430 per-

402 1435 709 1489 versitatem
760 1449 1025 1503 nunquam
1062 1434 1382 1497 trahuntur,
1432 1434 1502 1485 ita
1554 1433 1750 1486 infirmi
1783 1435 1979 1502 quique

407 1506 717 1559 societatem
749 1503 946 1558 debent
971 1503 1241 1557 declinare
1271 1504 1555 1565 malorum,
1588 1517 1654 1557 ne
1686 1504 1824 1557 mala
1860 1520 1978 1572 qua:

406 1574 716 1642 frequenter
742 1574 1042 1642 aspiciunt,
1080 1582 1133 1626 et
1155 1574 1426 1642 corrigere
1462 1588 1564 1626 nun
1610 1575 1806 1638 valent,
1835 1574 1979 1628 dele-

2075 382 2205 456 tari‘,
2237 392 2511 449 peccatum
2572 394 2673 437 est.
2708 384 2824 451 Quo
2851 428 2865 448 ,
2917 382 3036 454 quia
3090 382 3321 454 quandiu
3381 388 3647 456 vivimus,

2075 451 2308 518 perfecte
2358 456 2576 506 omnino
2609 470 2712 506 non
2763 451 3024 518 caremus,
3055 451 3276 511 scientia
3333 451 3658 523 praedicata;

2074 536 2198 594 rom_
2211 537 2340 594 cum
2358 524 2471 594 hoc
2500 526 2765 594 expellere
2793 525 2946 593 plene
2964 542 3066 580 non
3092 529 3278 594 potuit,
3304 527 3351 580 ei
3373 528 3441 581 de
3465 538 3650 584 nostro

2074 591 2253 663 cordis
2282 592 2583 647 ltahitacnlo
2614 591 2830 660 regnum
2862 596 3001 656 tulit.
3034 591 3375 663 ut'appetitus
3403 599 3649 661 illicitos,

2072 663 2171 714 etsi
2206 662 2514 731 plerttmque
2555 664 2708 717 bonis
2755 667 2948 718 nostris
2987 662 3391 732 cegitatiouibus
3421 670 3638 722 occulte

2073 744 2132 783 se
2160 735 2328 806 quasi
2344 732 2427 784 fur
2455 734 2672 806 inserit,
2710 734 2908 806 saltem
2928 752 2970 789 δι
3001 737 3311 806 ingreditur,
3343 753 3447 791 non
3476 739 3651 793 domi-

2077 811 2233 873 nctur
2264 799 2466 872 (Greg.,
2498 800 2689 873 Morel.
2721 820 2828 867 XXI,
2862 803 2937 873 5).

2146 872 2271 925 Car.
2327 887 2484 925 xxxv.
2536 872 2612 925 De
2651 882 2857 941 torpore
2898 872 3080 929 animi.
3125 906 3196 917 —
3237 878 3284 929 1.
3330 877 3657 942 Plerumque

2077 956 2229 994 mens
2277 941 2510 996 hominis
2550 958 2579 995 a
2617 959 2739 996 cura
2791 959 2904 998 suae
2956 946 3335 1000 sollicitudinis
3378 941 3656 1003 dormiens

2078 1012 2408 1073 verberatur,
2438 1023 2492 1067 et
2520 1026 2624 1065 non
2654 1013 2823 1078 dolet,
2853 1016 2974 1083 quia
3008 1016 3142 1069 sicut
3184 1018 3478 1071 imminenti
3510 1021 3655 1072 malo

2078 1085 2466 1154 nonprosnicit
2491 1126 2504 1146 ,
2560 1085 2637 1137 sic
2668 1099 2837 1153 neque
2870 1085 2915 1137 si
2950 1089 3355 1153 perpetraverit,
3389 1089 3651 1154 agnoscit.

2077 1150 2351 1231 Trahitur,
2372 1164 2435 1231 _et
2459 1150 2808 1231 nequaquam
2857 1150 3056 1231 sentit,
3076 1157 3198 1231 quia
3244 1150 3657 1231 perL‘iil'ecebras

2077 1222 2324 1275 vitiorum
2353 1223 2583 1288 ducitur,
2616 1238 2714 1277 nec
2758 1234 2931 1278 tamen
2963 1227 3025 1278 ad
3057 1229 3135 1279 sui
3166 1228 3464 1280 cusmdiam
3487 1228 3659 1281 susci-

2080 1300 2239 1345 tatur.
2272 1293 2525 1359 Quamvis
2572 1308 2761 1348 somno
2791 1295 3019 1361 torporis
3049 1310 3075 1347 a
3123 1298 3201 1349 sui
3233 1300 3476 1350 custodia
3506 1299 3656 1363 quis-

2082 1376 2187 1429 que
2220 1373 2510 1430 prematur,
2540 1365 2757 1434 vigilare
2775 1374 2950 1419 tamen
2974 1366 3038 1418 ad
3064 1381 3220 1419 curas
3242 1369 3423 1421 szeculi
3448 1369 3656 1432 nititur,

2081 1441 2137 1485 ιιι
2189 1448 2400 1501 semper
2428 1437 2785 1501 voluptatibus
2835 1436 3127 1490 debrietur.
3180 1438 3245 1491 Et
3282 1453 3406 1492 cum
3429 1439 3497 1490 ad
3528 1439 3656 1490 illud

2080 1503 2340 1567 dormiat,
2382 1506 2432 1556 itt
2479 1520 2583 1567 quo
2608 1505 2833 1559 Solerter
2861 1507 3076 1573 vigilare
3107 1507 3362 1561 debuerat
3382 1549 3395 1569 ,
3425 1509 3493 1560 ad
3524 1508 3659 1561 illud

2081 1574 2301 1642 vigilare
2323 1574 2545 1640 appetit,
2572 1575 2636 1627 ad
2664 1576 2804 1642 quod
2840 1575 3169 1631 laudabiliter
3189 1578 3424 1632 dormire
3455 1578 3661 1641 ponus-

404 1654 617 1719 t-tentur
648 1645 866 1719 imitari.
891 1644 1043 1698 Sicut
1064 1644 1233 1696 malus
1252 1657 1346 1719 aer
1375 1642 1747 1719 assiduollatu
1781 1654 1980 1719 tractus
2014 1662 2055 1719 Β
2085 1652 2182 1695 set.
2218 1645 2324 1719 Per
2373 1644 2717 1719 Salomonem
2746 1647 2802 1719 in
2848 1645 3147 1719 Proverbiis
3178 1649 3370 1700 dicitur
3404 1646 3521 1719 εει
3560 1650 3664 1700 eris

406 1715 570 1769 inlicit
600 1729 817 1781 corpus.
850 1715 916 1767 ita
959 1728 1209 1783 perversa
1251 1714 1445 1767 locutio
1474 1713 1683 1767 assidue
1711 1724 1864 1767 aucta
1898 1716 1979 1768 in-

411 1787 733 1838 lirmantium
784 1785 947 1838 inlicit
987 1783 1247 1847 animum,
1275 1792 1332 1836 ιιι
1360 1785 1599 1838 tabescm
1630 1784 1983 1839 delet-talione

407 1855 556 1918 pravi
606 1856 782 1922 operis
805 1896 819 1920 ,
881 1865 934 1908 et
970 1853 1174 1922 assidui
1203 1854 1483 1921 iniquitate
1514 1857 1799 1909 sermonis.
1834 1854 1985 1909 Unde

406 1924 602 1978 Paulus
632 1920 705 1977 ait
730 1924 777 1994 (Ι
808 1922 929 1979 Cor.
965 1940 1055 1986 xv,
1094 1920 1187 1991 33)
1222 1943 1235 1978 :
1267 1923 1609 1992 Corrumpunt
1638 1940 1802 1979 mores
1828 1929 1985 1978 bonos

404 1995 662 2118 golloqgga)
686 1993 821 2049 mala
847 1994 1021 2067 ('l'aio,
1054 2009 1130 2061 tv,
1160 1995 1253 2059 27',
1279 1993 1459 2065 Greg.,
1485 2010 1501 2047 ι
1530 1996 1581 2047 in
1610 1994 1823 2063 Ezech.,
1845 1997 1982 2052 hom.

444 2108 458 2118 .
491 2083 543 2118 rt.
669 2103 685 2118 .

444 2108 458 2129 ,
491 2083 543 2118 rt.
572 2067 685 2133 25).

476 2136 604 2190 CAP.
631 2152 813 2191 xxxrv.
837 2136 913 2191 De
933 2136 1156 2191 luxuria.
1172 2135 1305 2191 —l.
1328 2135 1519 2190 Malum
1544 2136 1763 2189 luxuria:
1780 2145 1870 2191 aut
1896 2152 1986 2190 co-

405 2206 663 2275 gitatione
716 2216 1073 2277 perpetratur,
1124 2218 1213 2261 aut
1240 2222 1422 2277 opere.
1465 2206 1700 2277 Callidus
1752 2223 1980 2276 namque

407 2276 749 2332 adversarios
776 2287 961 2332 noster
994 2294 1113 2332 cum
1145 2278 1212 2331 ab
1251 2276 1442 2333 eﬂ'eetu
1473 2276 1650 2345 operis
1679 2277 1983 2344 expellitur,

410 2358 647 2401 secretas
667 2350 903 2415 polluere
914 2348 1266 2416 cogitationes
1282 2347 1518 2401 molitur.
1535 2347 1787 2414 Quisquis
1806 2349 1985 2401 mundi

412 2416 571 2487 hujus
614 2419 953 2474 successibus
981 2419 1245 2485 elevatus,
1278 2418 1614 2487 lenocinante
1643 2417 1822 2487 cordis
1855 2418 1987 2471 lacti-

411 2485 505 2550 tia,
537 2490 726 2544 tentari
757 2505 816 2545 se
845 2489 1069 2543 luxuriae
1096 2488 1323 2542 stimulis
1353 2486 1532 2549 sentit,
1564 2487 1759 2554 Joseplt
1790 2485 1984 2541 facium

408 2558 475 2610 ad
506 2561 818 2612 memoriam
850 2568 1084 2623 revocet,
1109 2568 1161 2613 et
1191 2559 1242 2611 in
1265 2573 1390 2611 arce
1418 2572 1478 2611 se
1500 2557 1756 2610 castitatis
1785 2570 1981 2612 servet.

410 2627 543 2680 Cum
573 2631 815 2698 voluptas
862 2629 1061 2682 lubrica
1105 2636 1271 2682 tetttat
1316 2631 1365 2681 itt
1397 2627 1689 2695 prosteris,
1732 2626 1845 2679 haec
1878 2628 1985 2693 itsa

412 2709 536 2750 sunt
585 2714 839 2766 pro~pera
881 2699 1065 2753 aculeo
1115 2699 1422 2753 tentatiouis
1471 2698 1807 2766 apponcnda,
1839 2708 1893 2749 ut
1921 2713 1987 2751 eo

411 2765 793 2823 erubescamus
822 2784 982 2837 prava
1021 2770 1380 2835 committere,
1414 2783 1518 2836 quo
1546 2781 1643 2820 nos
1665 2782 1693 2819 a
1722 2765 1834 2819 Deo
1875 2783 1987 2822 me-

418 2839 667 2892 minimus
696 2840 921 2908 gratuita
954 2839 1090 2893 dona
1116 2838 1360 2907 bonaque
1385 2837 1705 2908 percepisse.
1724 2838 1987 2908 Propheta

418 2908 579 2961 Dthd
632 2906 808 2964 subito
853 2925 981 2965 casu
1030 2925 1124 2979 per
1169 2906 1433 2963 luxuriam
1464 2907 1721 2973 defluxit,
1752 2906 1902 2972 dum,
1934 2909 1986 2962 in

413 2979 612 3033 solario
652 2981 1039 3046 deambulans,
1079 2979 1305 3034 alienam
1347 2979 1629 3047 coniugem
1658 2979 1982 3046 concupivit,

415 3056 469 3101 et
489 3051 707 3103 abstulit
727 3091 741 3114 ,
789 3052 1009 3119 ejusque
1032 3051 1203 3104 virum
1234 3064 1352 3103 cum
1384 3049 1580 3102 damno
1610 3048 1691 3101 sui
1719 3048 1987 3103 exercitus

416 3120 684 3174 interemit
711 3111 796 3190 (ἸΙ
818 3111 970 3192 Ἧεῤ.
1000 3136 1075 3186 xt,
1105 3122 1182 3192 4);
1214 3132 1267 3175 et
1296 3119 1572 3192 repentino
1602 3133 1727 3171 casu
1755 3119 1985 3192 cecidit,

415 3203 534 3242 cum
586 3187 734 3244 mens
783 3192 892 3257 illa,
919 3187 1189 3261 mysteriis
1218 3187 1528 3246 cmlestibus
1551 3197 1781 3261 assueta,
1818 3187 1989 3256 inopi-

419 3268 537 3312 nata
574 3265 862 3316 tentatione
892 3258 1099 3317 devicta
1124 3269 1228 3324 est,
1254 3272 1413 3329 atque
1449 3258 1848 3313 immanissimas
1871 3271 1986 3313 tur-

420 3330 644 3395 pitudini
674 3334 910 3387 subama.
958 3333 1117 3398 Quasi
1148 3347 1333 3386 saxum
1374 3332 1441 3386 de
1475 3332 1591 3384 loco
1621 3344 1717 3383 suo
1763 3331 1983 3383 transla-

417 3411 525 3454 tnm
556 3411 659 3467 est,
691 3417 809 3457 cum
838 3402 1118 3471 Propheta:
1146 3404 1378 3469 animus,
1408 3417 1437 3455 a
1472 3400 1764 3469 prophetiae
1788 3409 1988 3470 mystc-

419 3473 510 3543 rits
572 3476 859 3537 exclusus,
909 3474 979 3526 ad
1046 3474 1360 3543 cegitandas
1418 3471 1776 3540 turpitudines
1821 3472 1984 3524 venit.

416 3540 666 3595 Salomon
708 3543 796 3597 ille
822 3543 1085 3612 quondam
1114 3540 1558 3610 sapientissimus,
1592 3545 1866 3595 nimietate
1908 3543 1985 3594 Iu-

422 3612 586 3665 xuria:
628 3624 931 3681 superatus,
961 3612 1309 3666 immoderato
1347 3628 1464 3675 usu,
1495 3620 1651 3679 atque
1674 3612 1986 3664 assiduitate

419 3682 722 3748 mulierum,
753 3684 819 3737 ad
851 3685 951 3737 hoc
978 3698 1143 3750 usque
1181 3683 1465 3749 perductus
1485 3691 1600 3743 est,
1644 3691 1702 3735 ut
1732 3682 1986 3748 templum

419 3751 575 3806 idolis
600 3753 882 3808 labricaret
899 3772 913 3820 ;
933 3762 987 3808 et
1012 3756 1100 3822 qui
1127 3753 1271 3822 prius
1292 3754 1546 3823 templum
1589 3751 1723 3823 Deo
1746 3762 1988 3805 constru-

420 3832 591 3890 xerat,
622 3825 929 3879 assiduitate
958 3821 1191 3878 libidinis
1220 3827 1381 3877 etiam
1404 3821 1633 3891 perfidiae
1647 3821 1943 3875 substratus
1967 3863 1983 3887 ,

418 3891 574 3946 idolis
594 3906 905 3949 construere
934 3895 1125 3961 templa
1151 3910 1253 3949 non
1285 3890 1496 3948 timeret
1515 3890 1636 3961 (ll!
1655 3891 1778 3962 Reg.
1806 3906 1878 3955 ιιι,
1907 3892 1983 3959 7).

420 3964 614 4031 Sicque
659 3964 855 4018 factum
903 3974 985 4020 est
1023 3974 1081 4017 ut
1121 3965 1187 4018 ab
1218 3965 1429 4018 assidua
1477 3964 1653 4018 carnis
1695 3962 1984 4028 petulantia

422 4047 590 4104 usque
616 4033 678 4086 ad
709 4037 902 4089 mentis
948 4034 1219 4101 perﬁdiam
1253 4034 1594 4104 perveniret,
1646 4036 1765 4097 quia
1806 4034 1986 4104 subri—

423 4102 596 4169 piente
628 4105 892 4173 paulisper
922 4105 1186 4159 inlusione
1217 4102 1439 4174 peccati,
1474 4114 1611 4157 terra
1639 4104 1814 4156 cordis
1845 4103 1986 4155 illius

420 4174 487 4224 ad
509 4176 967 4243 consuntptionem
998 4175 1238 4228 delluxit.
1266 4174 1608 4243 Voluptatutn
1639 4174 1813 4226 carnis
1841 4187 1987 4225 ama-

424 4242 624 4296 toribus
653 4244 845 4298 dicitur
871 4261 885 4297 :
916 4244 1224 4311 Mortiﬁcate
1253 4242 1475 4298 membra
1504 4253 1688 4304 vestra,
1715 4257 1825 4310 quia
1867 4252 1986 4295 sunt

419 4328 571 4382 super
601 4315 761 4384 258
784 4325 971 4384 terram
997 4312 1325 4378 lColoss.‘tn,
1357 4315 1434 4382 5).
1468 4314 1520 4365 Id
1544 4322 1644 4378 est,
1675 4314 1980 4384 fornicatio.

424 4400 565 4447 nem,
600 4383 1017 4448 ittttnuuditiam,
1050 4384 1345 4447 libidinem,
1378 4383 1860 4450 concupiscentiam
1886 4398 1990 4435 ma-

422 4454 525 4508 lam
549 4454 720 4524 (Taio,
751 4471 821 4519 tv,
853 4455 942 4517 '50;
983 4452 1165 4523 Greg.,
1192 4452 1382 4507 Moral.
1414 4468 1526 4517 ιιι,
1554 4454 1612 4517 2,
1654 4471 1709 4507 η.
1732 4451 1831 4524 _'50;
1863 4453 1987 4524 Reg.

422 4521 564 4592 past.
586 4540 663 4590 ιιι,
693 4524 784 4591 27,
820 4525 1014 4582 Mat-al.
1052 4521 1179 4592 xix,
1208 4524 1308 4592 10,
1343 4542 1396 4580 n.
1429 4524 1533 4589 58;
1564 4538 1656 4592 xu,
1690 4521 1788 4591 18,
1812 4541 1864 4577 n.
1887 4522 1990 4589 2;);

423 4610 563 4661 xxvi,
592 4598 679 4666 l7;
711 4611 770 4659 ιι,
797 4596 913 4666 27).

495 4666 548 4719 2.
590 4663 910 4736 Plerumque
961 4666 1107 4723 virus
1145 4665 1487 4722 libidinisde
1537 4664 1717 4720 radice
1754 4663 1993 4718 nascitur

423 4735 699 4801 elationis;
734 4735 860 4791 tunc
884 4752 1014 4806 ergo
1040 4752 1166 4793 caro
1199 4738 1383 4803 vincit,
1407 4752 1527 4790 cum
1555 4736 1774 4804 spiritus
1818 4738 1991 4788 laten-

426 4808 868 4877 tergintutnesctt,
901 4805 1021 4877 quia
1053 4817 1176 4862 tunc
1204 4808 1377 4862 anima
1408 4821 1500 4874 per
1529 4805 1790 4877 originem
1822 4806 1993 4877 culpa:

426 4878 478 4928 in
502 4874 867 4947 iumentorum
908 4873 1197 4947 petulantia
1225 4873 1439 4942 cecidit,
1476 4891 1596 4931 Cum
1627 4873 1899 4947 cﬂ'erendo
1934 4890 1994 4929 se

424 4944 576 5002 more
605 4948 873 5001 volucrum
899 4944 924 5013 ,’
948 4953 1082 5001 ultra
1113 4963 1269 5016 quam
1302 4947 1488 5001 debuit
1533 4946 1778 5000 evolavit.
1826 4944 1993 4999 luter-

425 5018 551 5071 dum
584 5032 675 5086 per
714 5017 961 5071 elationis
1007 5020 1189 5070 vitium
1222 5019 1372 5086 longa
1404 5016 1730 5069 continentia
1774 5024 1992 5083 repente

427 5088 755 5152 dissolvitur;
787 5096 842 5141 et
864 5090 1170 5156 plerumque
1191 5101 1357 5155 usque
1388 5086 1451 5139 ad
1483 5087 1690 5140 senium
1715 5086 1992 5156 virginitas

421 5171 634 5212 servata
687 5154 926 5221 vitiatur;
968 5154 1099 5225 quia
1133 5154 1415 5226 negligitur
1450 5156 1721 5226 humilitas
1746 5225 1749 5226 ν
1776 5154 1988 5215 cordis,

430 5238 604 5282 rectus
621 5226 783 5295 judex
806 5224 1030 5294 deSpicit
1058 5224 1420 5296 integritatem
1446 5224 1703 5292 corporis.
1739 5225 1802 5276 lit
1823 5239 1990 5293 quan-

428 5296 601 5365 d0que
633 5314 725 5365 per
754 5308 992 5363 apertum
1027 5295 1221 5350 malum
1252 5295 1508 5362 reprobus
1538 5296 1834 5357 annuntiat,
1858 5308 1991 5363 quos

429 5364 914 5435 duduntreprobos
963 5368 1017 5421 in
1063 5365 1273 5421 occulto
1320 5365 1593 5420 tolerabat.
1622 5365 1871 5432 Quisquis
1901 5364 1989 5418 diu

432 5450 693 5490 servatum
742 5440 934 5491 bonum
979 5438 1153 5491 subito
1181 5436 1435 5504 perdidit,
1465 5435 1601 5503 apud
1643 5436 1988 5503 semetipsum

433 5506 571 5558 intus
603 5507 742 5560 aliud
782 5510 977 5561 malum
1024 5506 1223 5573 tenuit,
1271 5522 1334 5560 ex
1384 5522 1488 5575 quo
1516 5505 1580 5558 ad
1625 5505 1767 5559 aliud
1814 5507 1991 5558 subito

434 5578 622 5641 erupit.
661 5578 760 5629 Per
804 5581 942 5645 quod
993 5579 1058 5630 ab
1108 5576 1469 5643 omnipotente
1514 5575 1622 5629 Deo
1656 5575 1816 5629 etiam
1868 5586 1991 5631 tunc

430 5646 633 5699 ultcttus
664 5646 885 5711 exstitit,
911 5648 1123 5718 quando
1146 5661 1205 5703 se
1228 5649 1274 5703 ei
1307 5648 1399 5718 per
1417 5647 1726 5703 munditiam
1748 5660 1989 5715 corpore

2019 4357 2067 4415 1)

2083 1714 2227 1787 quasi
2267 1715 2523 1787 dormiens
2556 1716 2607 1768 in
2639 1717 2825 1787 medio“
2855 1717 3034 1780 maris,
3083 1726 3129 1769 et
3164 1720 3308 1787 quasi
3337 1718 3533 1781 sapitus
3564 1736 3662 1784 gu-

2085 1785 2316 1837 bernator
2346 1786 2530 1837 amisso
2576 1787 2714 1837 clavo
2763 1785 3033 1854 (Provet'b.
3078 1785 3226 1851 χχιιι,
3261 1788 3371 1855 51).
3399 1789 3450 1839 In
3484 1790 3664 1841 medio

2085 1857 2225 1907 enim
2264 1859 2423 1908 utaris
2459 1855 2673 1925 dormit,
2699 1857 2809 1924 qui,
2843 1856 2893 1909 in
2929 1856 3227 1925 ltujnsmodt
3281 1859 3660 1918 tentatinnibus

2087 1926 2310 1990 positus,
2343 1924 2624 1989 providere
2655 1936 2830 1978 motus
2863 1924 3170 1980 irruentium
3203 1929 3469 1986 vitiorum,
3507 1930 3663 1992 quasi

2089 1995 2386 2068 imminenti
2420 1996 2581 2068 unda,
2610 2011 2863 2068 aquarum
2896 1997 3136 2051 cumulos
3168 1999 3401 2068 negligit,
3429 2011 3479 2051 et
3507 2000 3663 2064 quasi

2084 2066 2405 2133 gubernator
2430 2066 2637 2120 clavum
2688 2066 2907 2128 amittit,
2951 2068 3157 2133 quandi
3186 2066 3334 2123 mens
3371 2069 3433 2119 ad
3462 2084 3661 2133 regen-

2085 2138 2207 2187 dam
2242 2151 2429 2189 navetu
2460 2138 2722 2201 cet-poris,
2751 2138 2983 2191 studium
3020 2137 3384 2193 sollicitudinis
3408 2137 3661 2204 perdidtt.

2085 2204 2346 2271 Scriptum
2390 2216 2473 2260 est
2502 2222 2515 2257 :
2549 2207 2733 2259 Stellio
2763 2207 2992 2261 munibus
3025 2208 3224 2272 nititur,
3259 2219 3304 2262 et
3345 2220 3577 2260 moratur
3609 2210 3663 2260 in

2085 2276 2277 2329 a’dibus
2326 2277 2457 2346 regis
2506 2275 2776 2342 (Proverb.
2826 2292 2931 2331 xxx
2960 2318 2976 2345 ,
3020 2278 3132 2345 28).
3175 2278 3493 2345 Plerumque
3536 2293 3663 2331 aves

2086 2360 2218 2412 quas
2242 2348 2304 2398 ad
2337 2348 2620 2401 Volandum
2666 2362 2831 2414 penna
2863 2349 3123 2412 sublevat,
3166 2350 3216 2402 itt
3250 2351 3497 2416 vepribus
3527 2348 3664 2402 resi-

2086 2417 2246 2481 dent;
2278 2424 2333 2469 et
2362 2419 2560 2483 stellio,
2594 2421 2681 2486 qui
2724 2418 2787 2471 ad
2826 2419 3058 2472 volatum
3101 2434 3296 2486 pennas
3322 2436 3425 2472 non
3459 2422 3618 2471 habet
3645 2459 3661 2480 ,

2089 2488 2264 2540 nitens
2291 2489 2534 2543 manibus
2561 2489 2704 2553 regni
2735 2487 3014 2542 :cdilicium
3044 2498 3209 2542 tenet.
3242 2490 3373 2556 Quia
3408 2491 3661 2543 nimirum

2089 2572 2234 2629 smpe
2260 2559 2515 2626 ingeniosi
2540 2560 2735 2627 quique
2755 2560 2882 2612 dum
2906 2575 2997 2625 per
3021 2561 3393 2629 negligentiam
3428 2570 3659 2626 torpent,

2090 2627 2141 2698 in
2176 2630 2351 2695 pravis
2380 2628 2585 2682 actibus
2614 2638 2923 2691 remanent,
2954 2638 3007 2682 et
3029 2627 3320 2696 simplices,
3355 2646 3490 2698 quos
3514 2631 3661 2697 inge-

2089 2697 2377 2767 uiipenna
2410 2714 2513 2752 non
2564 2699 2806 2765 adjuvat,
2855 2700 2921 2751 ad
2965 2700 3247 2753 obtinenda
3278 2697 3461 2753 retenti
3507 2703 3652 2767 regni

2090 2770 2282 2840 inmitia
2327 2770 2492 2822 virtus
2543 2770 2868 2836 Opet'ationis
2912 2768 3051 2823 levat
3092 2768 3269 2839 (Taio,
3301 2786 3371 2835 tv,
3404 2770 3459 2837 3;
3504 2767 3658 2840 Greg.

2091 2838 2217 2909 lleg.
2243 2850 2374 2909 past.
2418 2855 2493 2903 tu,
2527 2840 2639 2909 51).

2242 2856 2700 2963 Ιίἶιέῖἶιζιιε
2728 2910 2929 2973 nititur,
2961 2909 3011 2963 in
3067 2912 3226 2980 regiis
3254 2910 3457 2965 aedituus
3484 2921 3663 2963 utnra-

2094 2987 2197 3043 tur,
2228 2980 2347 3049 quia
2379 2979 2469 3033 illo
2496 2982 2723 3047 simplex
2765 2996 2856 3046 per
2908 2979 3257 3035 intentionem
3306 2984 3434 3033 recti
3478 2980 3663 3049 operis

2094 3053 2355 3117 pervenit,
2390 3066 2494 3118 quo
2526 3051 2830 3120 ingeniosus
2861 3052 3075 3106 minime
3105 3052 3362 3106 ascendit.
3414 3049 3657 3116 Qua:on

2087 3121 2359 3174 sitboritur
2387 3136 2402 3175 :
2432 3120 2539 3174 Cur
2568 3123 2646 3173 vel
2698 3122 2984 3189 negligenti
3037 3123 3399 3190 intelligentia:
3452 3122 3657 3175 donum

2089 3192 2354 3253 tribuitur,
2388 3194 2467 3244 vel
2497 3191 2772 3245 studiosus
2794 3193 3019 3260 quisque
3050 3208 3238 3246 sensus
3282 3194 3363 3246 sui
3407 3193 3661 3248 tarditate

2090 3263 2449 3330 prtepeditnr'l
2481 3262 2557 3315 Ad
2582 3276 2737 3329 quam
2758 3263 2914 3315 citius
2943 3264 3312 3330 respondetur,
3336 3263 3459 3316 dmn
3495 3265 3663 3331 proti-

2089 3347 2187 3384 nus
2234 3346 2327 3399 per
2359 3332 2695 3387 Salomonem
2735 3332 2980 3385 subditur
3023 3350 3037 3387 :
3086 3332 3237 3385 Nihil
3275 3335 3329 3385 in
3380 3342 3515 3386 terra
3552 3336 3667 3386 sine

2087 3416 2244 3455 causa
2268 3402 2410 3472 (Job.
2443 3403 2586 3468 v,b’).
2621 3402 2822 3456 Idcirco
2844 3403 2983 3455 enim
3011 3417 3151 3468 saspe
3172 3415 3225 3456 et
3249 3403 3551 3457 desidiosus
3579 3407 3663 3456 iu-

2086 3474 2297 3540 genium
2318 3476 2526 3540 accipit,
2544 3476 2681 3525 unde
2696 3473 2968 3541 negligens
2988 3475 3145 3526 etiam
3172 3474 3367 3540 justius
3388 3474 3660 3541 puniatur,

2086 3546 2211 3610 quia
2240 3543 2377 3613 quod
2399 3544 2512 3595 sine
2532 3543 2718 3596 labore
2743 3544 2953 3608 assequi
2980 3546 3166 3612 potuit,
3189 3543 3349 3613 259
3370 3546 3506 3597 scire
3532 3558 3664 3595 con-

2091 3615 2296 3666 tentuit.
2344 3612 2407 3665 Et
2455 3614 2649 3666 idcirco
2682 3628 3061 3681 nonnunquam
3091 3612 3365 3667 studiosus
3412 3615 3665 3667 tarditate

2089 3684 2448 3752 intelligentia:
2466 3693 2739 3750 premitur.
2779 3692 2835 3735 ut
2860 3699 2927 3735 eo
2958 3683 3157 3751 majora
3188 3686 3402 3751 praemia
3432 3687 3665 3736 retribu-

2090 3756 2246 3807 tionis
2272 3756 2522 3816 inveniat,
2552 3769 2656 3821 quo
2680 3753 2878 3819 majora
2908 3753 2957 3806 in
2988 3754 3165 3806 Studio
3188 3755 3511 3807 inventionis
3531 3759 3661 3807 ela-

2090 3826 2273 3889 berat;
2316 3824 2443 3877 nihil
2476 3839 2602 3891 ergo
2628 3834 2710 3877 est
2739 3824 2791 3875 itt
2826 3833 2964 3875 terra
3000 3823 3113 3876 sine
3139 3837 3328 3884 causa,
3364 3825 3581 3891 quando
3612 3836 3665 3875 et

2086 3894 2325 3953 Studioso
2356 3895 2575 3946 tarditas
2605 3894 2669 3946 ad
2703 3896 2976 3960 prmmiutn
3010 3894 3258 3961 prolicit,
3304 3902 3358 3945 et
3385 3894 3662 3947 desidioso

2089 3964 2340 4017 velocitas
2364 3963 2429 4015 ad
2464 3963 2778 4032 supplicium
2812 3964 3022 4032 crescit.
3055 3962 3244 4016 Montis
3272 3963 3497 4025 desidia,
3528 3963 3663 4017 dum

2086 4048 2319 4101 Cottgrttt)
2350 4031 2555 4087 fervore
2604 4048 2708 4086 non
2762 4031 3088 4096 accenditur,
3145 4048 3173 4085 a
3209 4035 3468 4086 bonorum
3515 4034 3664 4085 dest-

2086 4105 2238 4157 derto
2279 4105 2512 4157 funditus
2534 4104 2967 4167 coitvalescente,
3003 4103 3184 4156 furtim
3218 4112 3433 4169 torpore
3459 4112 3664 4156 macta-

2089 4172 2396 4295 ἓιιτὼίζτεῃη
2432 4172 2622 4227 Moral.
2656 4189 2725 4238 vt,
2767 4173 2851 4239 11,
2880 4189 2934 4263 ιι.
2970 4174 3068 4239 15;
3124 4172 3254 4243 Reg.
3303 4185 3439 4242 past.
3479 4190 3533 4240 p.
3568 4186 3663 4238 ιιι,

2086 4259 2131 4295 0.
2172 4259 2279 4297 ιω.
2880 4260 2883 4263 ’

2206 4245 2231 4271 ,υ
2880 4260 2883 4263 ,

2325 4331 2503 4386 sum.
2544 4314 2616 4368 De
2644 4314 2870 4386 pigt'ilta.
2901 4342 2970 4353 α-
2994 4313 3041 4366 1.
3064 4314 3329 4386 Suadendi
3354 4325 3475 4366 sunt
3501 4311 3665 4386 pigri,

2096 4400 2161 4438 ne
2192 4385 2396 4451 agenda
2447 4386 2605 4446 bona,
2636 4389 2761 4437 dum
2809 4386 3079 4445 dill'erurit,
3127 4385 3392 4447 amittant,
3424 4395 3475 4437 et
3531 4385 3665 4436 dum

2094 4466 2392 4522 Opportune
2433 4471 2588 4523 agere
2635 4471 2750 4522 qua:
2803 4463 3024 4522 possunt
3071 4456 3275 4519 nolunt,
3326 4456 3480 4521 paulo
3521 4464 3666 4519 post,

2093 4541 2212 4579 cum
2270 4529 2487 4590 volunt,
2548 4540 2650 4578 non
2701 4525 2934 4578 valeant.
2979 4524 3297 4590 Plerumque
3352 4526 3498 4591 piger
3534 4525 3665 4575 dum

2095 4597 2392 4649 necessaria
2415 4611 2570 4662 agere
2610 4596 2844 4662 negligit,
2869 4596 3110 4663 quaedam
3144 4595 3243 4648 sibi
3272 4591 3509 4646 diflirilia
3552 4608 3666 4663 npf

2094 4667 2278 4733 ponit;
2306 4667 2546 4734 qumdam
2576 4680 2701 4718 vero
2720 4662 2931 4718 incaute
2963 4664 3245 4730 formidat,
3275 4674 3327 4717 et
3349 4666 3475 4716 dum
3504 4662 3662 4734 quasi

2094 4737 2289 4789 inVenit
2319 4733 2459 4804 quod
2498 4736 2640 4788 velut
2681 4734 2827 4803 juste
2867 4746 3087 4797 metuat,
3132 4735 3368 4804 ostendit
3418 4733 3559 4801 quod
3608 4734 3664 4784 in

2093 4812 2201 4859 otto
2230 4802 2377 4875 quasi
2426 4821 2528 4859 non
2576 4802 2772 4875 injuste
2816 4814 3099 4873 torpescat.
3129 4802 3287 4871 Pigro
3335 4805 3529 4856 etenim
3562 4817 3662 4869 per

2092 4872 2429 4930 Salomonem
2473 4877 2663 4928 dicitur
2693 4892 2706 4927 :
2740 4872 2954 4941 Propter
2982 4876 3141 4942 frigus
3197 4875 3338 4942 piger
3384 4889 3661 4942 ararenta-

2093 4950 2207 5007 luit,
2256 4947 2555 4999 mendicabit
2584 4960 2700 5013 ergo
2731 4954 2922 5007 (estate,
2973 4940 3018 4997 et
3050 4940 3161 4997 non
3200 4940 3403 4996 dabitur
3428 4946 3472 4995 εἰ
3500 4940 3668 5011 (Pro-

2094 5016 2227 5069 verb.
2256 5031 2345 5079 xx,
2377 5018 2452 5084 4).
2486 5015 2705 5079 Propter
2732 5017 2892 5083 frigus
2919 5019 3115 5082 quippe
3166 5018 3311 5082 piger
3365 5030 3468 5066 non
3521 5024 3661 5084 arat,

2091 5087 2239 5149 dum,
2279 5082 2546 5139 desidioso
2574 5088 2787 5151 to'rpore
2806 5082 3149 5149 constrictus,
3177 5097 3332 5152 agere
3360 5100 3478 5151 qua:
3498 5082 3665 5138 debet

2093 5156 2229 5209 bona
2254 5154 2575 5218 dissimulat,
2607 5164 2661 5206 et
2690 5161 2811 5205 dum
2846 5170 3002 5221 parva
3033 5170 3095 5207 ex
3126 5155 3348 5206 adverso
3381 5155 3517 5206 mala
3548 5168 3663 5205 me-

2095 5227 2223 5287 tuit,
2272 5226 2478 5293 operari
2527 5227 2753 5276 maxima
2814 5225 3188 5290 praetermittit.
3244 5224 3387 5277 Bene
3445 5224 3664 5293 quidem

2092 5292 2337 5349 subditur
2366 5312 2378 5346 :
2416 5293 2723 5347 Mendicabit
2759 5302 2949 5357 testate,
2974 5302 3020 5346 et
3066 5310 3167 5346 non
3214 5294 3414 5346 dabitur
3438 5295 3506 5345 ei.
3557 5292 3661 5358 Qui

2090 5365 2231 5418 enim
2260 5380 2397 5418 nunc
2428 5364 2479 5416 itt
2526 5364 2679 5419 bonis
2722 5365 2970 5431 operibus
3015 5379 3119 5416 non
3153 5364 3392 5429 exsudat,
3426 5379 3546 5418 cunt
3576 5363 3660 5416 sol

2089 5435 2275 5504 jlldlCli
2309 5436 2595 5488 ferventior
2622 5437 2948 5503 apparuerit,
2996 5434 3118 5501 quia
3170 5436 3362 5504 [rostra
3398 5438 3542 5501 regni
3572 5433 3661 5485 ad-

2094 5502 2224 5558 itum
2252 5508 2499 5571 postulat,
2526 5502 2665 5556 nihil
2685 5504 2949 5571 accipieus
2974 5514 3159 5557 testate
3190 5502 3473 5556 mendicat.
3514 5505 3659 5560 ldcut

2091 5577 2343 5631 Salomon
2393 5577 2497 5626 ait'
2533 5571 2634 5626 Per
2682 5589 2861 5643 agrum
2906 5574 3125 5625 hominis
3169 5574 3300 5640 pigri
3344 5577 3581 5637 transiri,
3615 5590 3664 5632 et

2093 5649 2285 5701 t'incam
2313 5645 2404 5699 viri
2440 5644 2601 5708 stulti,
2636 5655 2680 5698 cl
2725 5659 2834 5697 ecce
2866 5653 3021 5698 totum
3064 5646 3381 5715 repleverant
3447 5659 3653 5711 pii-ttae,
