4084 6160
567 294 703 349 N87

568 407 776 471 redeat,
807 414 862 461 et
886 402 1026 474 quod
1051 402 1116 458 de
1145 400 1340 474 divinis
1362 399 1575 474 judiciis
1596 397 2006 474 apprehendere
2033 414 2137 474 non

570 478 733 543 valet,
760 468 861 530 non
892 468 1159 542 requirat;
1190 486 1256 526 ne
1282 472 1325 523 si
1356 472 1553 524 divinre
1595 468 1690 522 ira:
1735 483 1892 522 causa
1921 468 2140 543 discuti-

571 556 676 612 tur,
719 541 950 610 amplius
975 541 1220 597 discussa
1269 550 1610 612 provocetur,
1641 548 1696 594 et
1720 554 1886 612 quam
1933 541 2149 606 placare

573 608 844 670 humilitas
886 623 1110 681 poterat,
1142 610 1645 681 inexstinguibiliter
1675 608 1921 681 superbia
1952 624 2147 664 accen-

570 688 680 741 dat.
706 685 805 738 Per
832 678 1129 755 aposwlum
1151 678 1599 755 Paulum'dicitur
1619 697 1642 755 Ξ
1658 678 1896 755 ΑῼΑήιζηιο
1915 720 1930 744 ,
1957 690 2008 755 tu
2036 680 2150 749 quis

570 774 644 822 es,
670 755 757 826 qui
788 748 1094 826 respondeas
1142 751 1247 805 Deo
1295 752 1584 826 (llom.__tx,
1615 749 1768 826 ειυς
1794 748 2147 826 $emetip5um

574 818 734 881 homo
776 818 1125 878 considerans
1167 818 1324 886 tacet,
1355 831 1409 875 et
1455 820 1631 873 divina
1658 818 1854 888 judicia
1886 818 2152 873 discutere

578 897 789 958 metuit,
816 895 938 962 quia
969 908 1090 946 esse
1113 908 1171 945 se
1199 897 1475 962 pulverem
1503 891 1747 958 agnoscit
1765 906 1797 962 ;7
1825 889 2151 962 reSpoudere

574 981 682 1021 non
706 960 866 1035 posse
894 963 1256 1035 convincitur,
1307 961 1432 1030 quia
1465 960 1628 1013 homo
1659 961 1982 1035 nominatur,
2029 961 2150 1028 quin

578 1050 674 1103 per
708 1028 830 1090 'hce
876 1033 1016 1103 quod
1064 1032 1131 1087 de
1176 1028 1337 1086 humo
1389 1040 1633 1103 sumptus
1668 1028 1870 1103 judicia
1924 1044 2151 1103 superna

575 1099 845 1160 discutere
873 1099 1069 1174 dignus
1115 1117 1221 1157 non
1261 1111 1344 1157 est
1381 1100 1597 1172 (Greg.,
1658 1099 1851 1154 Mai-al.
1906 1114 1989 1164 ιχ,
2045 1100 2150 1164 14,

573 1194 632 1232 u.
661 1175 722 1230 si
744 1176 785 1246 ).

651 1267 781 1320 Car.
816 1280 927 1321 ιιιι.
975 1263 1051 1317 De
1079 1264 1157 1316 his
1205 1263 1293 1332 qui
1331 1262 1535 1332 judicio
1572 1260 1664 1332 Dei
1718 1260 2057 1315 obdurantur.
2085 1291 2153 1332 ς-

578 1337 631 1391 1.
676 1336 828 1392 Sicut
878 1349 1035 1389 nemo
1083 1329 1288 1386 obstitit
1331 1329 1567 1401 largitati
1628 1330 2044 1401 Deiivocan‘tis.
2082 1329 2152 1385 ita

576 1408 755 1461 nullus
794 1406 975 1460 obviat
1019 1403 1242 1471 justitize
1272 1399 1650 1471 delinquentis.
1709 1400 1831 1471 Non
1868 1399 2009 1471 enim
2064 1416 2157 1454 cor

577 1477 849 1546 peccantis
878 1469 1033 1528 Deus
1050 1473 1301 1546 obdurat,
1344 1469 1447 1527 sed
1479 1471 1744 1546 obdurare
1782 1469 2153 1546 dicitur,‘cut_n

575 1539 646 1599 ab
673 1546 1025 1599 obduratione
1075 1558 1182 1596 non
1228 1543 1438 1595 liberat.
1475 1540 1754 1595 Obdurare
1784 1553 1843 1594 se
1880 1555 1973 1606 per
1996 1539 2159 1610 jttSti-

578 1617 706 1670 tiam
730 1616 947 1679 dicitur,
974 1615 1093 1681 quia
1144 1626 1242 1665 cor
1287 1611 1635 1679 reproborutu
1682 1625 1775 1678 per
1796 1612 2018 1681 gratiam
2050 1626 2155 1664 non

576 1686 802 1739 emollit.
850 1679 1149 1738 lict-ludere
1182 1682 1273 1735 Dei
1319 1690 1400 1733 est
1427 1681 1625 1735 clausis
1658 1695 1761 1734 non
1795 1679 2028 1748 aperire,
2059 1681 2152 1735 sed

575 1756 628 1810 in
671 1769 885 1808 suorum
916 1767 1137 1822 operum
1193 1749 1447 1822 tenebris,
1473 1760 1779 1822 peccatores
1822 1752 2147 1822 relinquere.
2188 1752 2230 1810 Β

575 1824 873 1879 Misericors
912 1819 1049 1876 Deus
1089 1829 1297 1891 tempus
1328 1821 1482 1874 nobis
1537 1820 1740 1874 relaxat
1769 1819 2145 1891 adposuimu-

577 1897 726 1954 tiam,
751 1894 845 1947 sed
864 1908 982 1947 cum
1006 1893 1121 1961 ejus
1145 1889 1327 1957 gratia:
1355 1893 1659 1959 patientiam
1685 1904 1782 1943 nos
1805 1889 1870 1943 ad
1901 1906 2153 1961 augmen-

578 1974 686 2019 tum
721 1965 975 2018 vertimus
1020 1966 1211 2028 culpae.
1262 1962 1373 2015 Hoc
1414 1962 1587 2028 ipsum
1644 1969 1875 2027 tempus,
1920 1963 2058 2027 quod
2086 1962 2154 2017 ad

577 2034 902 2103 parcendum
954 2033 1041 2103 pie
1078 2032 1359 2103 disposuit,
1391 2029 1692 2103 districtius
1738 2029 1830 2103 adg
1857 2030 2151 2103 feriendum

576 2099 753 2158 vertit.
798 2104 930 2158 Cum
954 2099 1162 2156 'reverti
1188 2104 1419 2170 quisque
1437 2100 1505 2154 ab
1526 2099 1724 2153 erroris
1750 2099 1833 2153 sui
1856 2102 2154 2156 tenebrosis

576 2173 879 2242 itineribus,
929 2174 1089 2228 etiam
1119 2174 1295 2241 spatio
1325 2170 1578 2238 temporis
1626 2177 1847 2238 accepto
1902 2170 2150 2242 noluerit,

579 2259 674 2311 per
704 2246 803 2298 hoc
831 2241 969 2297 mala
1001 2258 1095 2296 sua
1121 2244 1185 2295 ad
1220 2252 1422 2296 reatum
1451 2248 1641 2311 auget,
1680 2254 1774 2307 per
1814 2241 1956 2311 quod
1981 2256 2042 2311 ea
2069 2243 2154 2297 di-

578 2308 726 2370 luere
756 2314 945 2383 potuit,
968 2314 1011 2367 si
1035 2312 1277 2383 Congverti
1296 2308 1549 2383 voluisset
1576 2308 1729 2383 (Taio
1748 2350 1762 2375 ,
1785 2308 1841 2383 v,
1862 2309 1929 2377 5;
1972 2308 2151 2383 Greg.,

583 2368 773 2438 Horat:
803 2368 879 2450 ιιι,
928 2368 982 2449 9,
1014 2399 1068 2436 η.
1094 2381 1193 2448 l5;
1236 2397 1251 2436 ι
1282 2383 1334 2434 in
1362 2368 1761 2450 Ezech.,‘ltom.'
1783 2368 1843 2435 11
1865 2422 1881 2447 ,
1917 2368 1984 2436 ἠ.
2037 2368 2152 2454 9.3).

651 2474 781 2530 CAP.
818 2491 922 2529 Liv.
956 2473 1029 2527 De
1059 2475 1389 2543 reproborum
1418 2473 1772 2543 prosperitate.
1802 2497 1875 2514 α·-
1902 2473 1954 2529 1.
1986 2473 2085 2541 Qui
2125 2488 2155 2528 a

584 2546 692 2601 Deo
747 2544 1026 2610 avertitur,
1074 2556 1129 2598 et
1170 2553 1532 2613 prosperatur,
1568 2554 1714 2597 tanto
1769 2543 2055 2610 perditioni
2098 2544 2157 2599 tit

584 2616 896 2684 proxiinior,
926 2623 1126 2682 quanto
1156 2629 1184 2684 a
1207 2682 1211 2684 Α
1237 2616 1354 2668 zelo
1400 2613 1699 2682 disciplina:
1727 2613 1995 2668 invenitur
2019 2615 2155 2668 alie-

590 2682 710 2740 nus.
738 2682 983 2752 Plerique
1008 2682 1238 2753 reprobi,
1274 2685 1398 2736 dum
1425 2696 1763 2752 peccatorum
1792 2697 2011 2738 suorum
2040 2685 2157 2740 vin—

581 2755 719 2810 culis
765 2755 1067 2824 alligantur,
1114 2755 1181 2807 ad
1225 2753 1447 2821 justitiae
1500 2753 1767 2809 tramitem
1820 2767 2155 2824 nequaquam

581 2833 941 2889 revertuntur,
981 2822 1409 2889 pbreneticorum
1456 2824 1702 2878 videlicet
1739 2825 1984 2879 sensibus
2011 2822 2157 2879 simi-

583 2896 664 2950 les
688 2932 706 2962 ,
752 2893 844 2965 qui
874 2897 1130 2947 insaniam
1180 2895 1613 2965 quaprazvalent
1659 2892 1915 2965 virtutem
1948 2903 2155 2962 putant,

582 2966 675 3035 qui
705 2963 783 3020 ex
804 2965 989 3018 morbo
1016 2977 1135 3035 esse
1163 2964 1413 3035 nesciunt
1444 2964 1547 3018 hoc
1587 2963 1729 3033 quod
1756 2963 1987 3033 amplius
2011 2967 2158 3020 sanis

583 3032 824 3104 possunt,
856 3045 909 3088 et
937 3034 1086 3103 quasi
1117 3034 1348 3089 crevisse
1370 3032 1570 3090 viribus
1608 3032 1900 3101 mstiman't,
1925 3035 2053 3089 dum
2088 3034 2155 3091 ad

584 3098 707 3161 vita:
751 3098 1032 3183 terminum
1095 3119 1188 3171 per
1221 3114 1503 3183 augmenta
1544 3098 2158 3183 languo_ris_ap_propiu-_
2185 3098 2231 3161 C

584 3185 770 3244 quant.
795 3176 1182 3241 Nonnunquam
1211 3173 1423 3241 reprobi
1454 3173 1779 3245 phreneticis
1807 3173 2160 3245 similes,‘qui

589 3243 819 3300 rationis
849 3259 1000 3298 usum
1031 3259 1135 3298 nou
1161 3245 1378 3307 habent,
1410 3245 1561 3308 ﬂent,
1585 3254 1642 3300 et
1670 3243 1877 3309 rident;
1928 3256 1983 3299 et
2013 3243 2161 3302 tanto

586 3317 642 3370 in
666 3330 854 3386 magna
883 3314 1317 3386 exsultatiOnese
1340 3314 1580 3379 dilatant,
1613 3326 1811 3386 quanto
1839 3323 1894 3368 et
1924 3315 2163 3372 insensi-

588 3386 724 3441 biles
754 3384 949 3439 t'ualum
980 3385 1119 3453 quod
1151 3384 1418 3454 patiuntur
1448 3387 1710 3454 ignorant.
1742 3385 1794 3438 In
1825 3386 2163 3443 Ecclesiastze

590 3457 739 3510 libris
770 3456 1025 3521 scriptum
1052 3465 1175 3510 est:
1214 3453 1332 3509 Vidi
1353 3453 1521 3509 servos
1552 3458 1603 3509 in
1627 3457 1875 3525 equisLet
1904 3458 2164 3525 primipes

586 3527 928 3596 ambulantes,
955 3531 1099 3594 quasi
1136 3541 1302 3579 servos
1347 3540 1502 3593 super
1532 3523 1720 3579 terram
1762 3523 1958 3591 (Eccle.
1993 3543 2047 3593 ι,
2078 3523 2162 3596 7).

586 3597 775 3651 Omnis
817 3594 910 3662 qui
938 3603 1123 3664 peccat
1149 3610 1337 3649 servus
1367 3605 1470 3649 est.
1504 3596 1656 3667 servi
1680 3609 1909 3665 namque
1937 3597 1990 3650 iu
2013 3594 2167 3667 equis

589 3676 731 3730 sunt,
776 3678 899 3717 cum
948 3673 1256 3733 peccatores
1310 3664 1590 3732 prmsentis
1640 3670 1762 3719 vita:
1820 3664 2167 3735 dignitatibus

585 3736 910 3799 ederuntur;
963 3735 1231 3803 principes
1261 3749 1388 3787 vero
1415 3775 1430 3800 ,
1484 3736 1635 3803 quasi
1675 3735 1814 3789 servi
1866 3738 2164 3803 ambulant,

589 3822 710 3860 cum
741 3805 937 3859 inultos
965 3804 1220 3873 dignitate
1262 3804 1513 3859 virtutqu
1561 3806 1748 3873 plenos
1779 3807 1959 3861 nullus
1996 3810 2170 3863 honor

589 3876 785 3945 erigit,
836 3875 931 3930 sed
986 3889 1193 3947 summa
1240 3875 1327 3929 hic
1377 3877 1671 3947 adgersitas
1700 3875 1868 3947 _velut
1922 3876 2169 3947 indignos

588 3942 837 4016 deorsum
872 3946 1062 4013 premit
1090 3942 1344 4016 (Great!
1366 3947 1421 3999 in
1446 3943 1658 4011 Esca/1.,
1686 3944 1828 4016 liam.
1863 3947 1953 4011 12,
1979 3942 2128 4002 ηἶ18
2152 3965 2168 4012 ;

592 4014 784 4155 Mog-gs.
814 4030 886 4083 vi,
924 4017 1017 4083 16,
1047 4014 1107 4068 ii.
1153 4014 1257 4081 26';
1307 4014 1453 4082 Taio,
1481 4030 1534 4083 v,
1581 4016 1635 4081 7;
1669 4014 1865 4072 Moral.
1898 4032 2043 4083 xxxi,
2075 4018 2169 4085 24,

592 4102 645 4142 ii.
771 4125 787 4139 .

588 4102 645 4142 is.
674 4088 787 4142 45).

663 4179 800 4248 CAP.
825 4192 910 4231 ιν.
941 4176 1176 4241 Qualiter
1193 4177 1326 4246 lapsi
1354 4185 1464 4244 post
1493 4177 1697 4231 ruinam
1718 4192 1928 4248 surgere
1960 4191 2167 4245 queunt.

593 4277 666 4288 —-
695 4249 746 4302 1.
782 4246 1003 4301 Peccata
1045 4248 1250 4317 experti
1281 4251 1471 4302 saltem
1514 4261 1630 4316 post
1665 4246 1994 4317 naufragium
2025 4264 2172 4304 male

593 4327 855 4381 metuant,
884 4327 937 4370 et
968 4316 1279 4383 perditionis
1329 4332 1441 4370 sua:
1469 4317 1776 4372 discrimina
1825 4316 1908 4372 vel
1957 4322 2170 4388 cognita

593 4389 1028 4457 perhorrescant,
1060 4402 1125 4441 ne
1154 4392 1242 4452 qui
1286 4388 1372 4454 pie
1411 4396 1531 4455 post
1577 4398 1778 4456 patrata
1811 4388 1947 4441 mala
1994 4390 2164 4443 sanati

591 4470 741 4520 sunt,
764 4458 1007 4525 improbe
1036 4457 1326 4526 repetendo
1340 4458 1653 4512 moriantur.
1674 4459 1918 4513 Peccanti
1951 4458 2164 4523 anitum,

595 4540 650 4583 et
672 4543 943 4597 nunquam
976 4543 1004 4578 a
1038 4538 1257 4596 peccato
1275 4527 1558 4593 desinenti,
1587 4526 1779 4582 dicitur
1807 4545 1823 4581 :
1864 4528 2032 4581 Frons
2059 4545 2173 4582 mu-

594 4600 735 4654 lieris
771 4598 1049 4670 meretricis
1079 4601 1214 4665 facta
1252 4607 1326 4670 est
1354 4597 1465 4659 tibi,
1498 4600 1708 4652 noluisti
1740 4599 2030 4653 erubescere
2060 4598 2172 4670 (Je-

592 4684 724 4722 rem.
758 4683 834 4732 iii,
867 4667 945 4736 5).
981 4668 1314 4722 Admouendi
1370 4678 1499 4721 sunt
1554 4670 1733 4738 itaque
1776 4671 1929 4738 lapsi,
1973 4678 2030 4721 ut
2060 4667 2172 4722 itu-

593 4740 1057 4805 deant,quateuus
1084 4747 1331 4807 suscepta
1355 4748 1560 4791 natura:
1584 4740 1718 4792 bona
1738 4740 1940 4808 integra
1955 4754 2172 4795 servare

600 4811 922 4873 noluerunt,
980 4808 1171 4861 saltem
1202 4822 1368 4862 scissa
1416 4809 1730 4865 resarciaiit.
1785 4811 1920 4874 Quid
1979 4810 2171 4864 dicturi

596 4878 758 4949 272
788 4889 909 4931 sunt
933 4887 1149 4951 peccata
1177 4880 1353 4932 carnis
1374 4880 1597 4946 experti,
1626 4880 1693 4942 si,
1722 4880 1843 4933 aliis
1865 4879 2172 4951 intr-gritate

598 4947 880 5014 stantibus,
930 4947 1028 5016 ipsi
1078 4962 1177 5002 nec
1229 4959 1346 5017 post
1391 4954 1583 5001 damna
1629 4947 2001 5018 resipiscant?’
2035 4950 2170 5015 Quid

598 5018 790 5072 dicturi
838 5028 997 5085 sunt,
1048 5018 1093 5072 si
1134 5035 1255 5071 eum
1304 5021 1500 5071 inultos
1548 5028 1602 5072 et
1653 5020 1788 5073 alios
1841 5034 2024 5073 secum
2077 5021 2173 5073 de—

599 5087 815 5151 ferunt,
875 5090 974 5159 hic
1012 5091 1342 5156 exspectanti
1409 5088 1636 5159 Domino
1693 5103 1792 5144 nec
1852 5090 2171 5159 semetipsos

598 5158 903 5213 reducunt!
960 5158 1250 5212 D.cendum
1309 5166 1391 5211 est
1437 5158 1605 5225 lapsis
1645 5169 1703 5212 ut
1754 5159 2016 5227 prmerita
2050 5158 2172 5212 ’ad-

600 5232 761 5282 missa
812 5227 1190 5291 considerent,
1258 5238 1419 5296 atque
1491 5228 1819 5283 imminentia
1893 5232 2169 5295 deviteut,

597 5312 860 5366 quatenus
918 5307 1210 5352 transactas
1257 5305 1443 5366 culpas
1509 5297 1576 5351 ad
1643 5301 1955 5353 memoriam
2010 5316 2170 5355 revo-

598 5379 752 5431 cent,
784 5377 840 5424 et
881 5369 1040 5437 pollui
1082 5368 1133 5422 in
1187 5367 1421 5423 fortuitis
1472 5368 1808 5423 erubescant.
1868 5373 1969 5423 I'er
2022 5371 2173 5425 Jere-

599 5440 760 5491 iniam
808 5441 1119 5508 prophetam
1174 5438 1429 5494 Dominus
1470 5437 1601 5492 dicit
1630 5439 1845 5509 (Jerem.
1874 5454 1953 5505 tit,
1978 5442 2071 5509 1);
2111 5440 2174 5496 Si

598 5510 847 5561 dimiserit
874 5509 949 5561 eis
990 5524 1199 5562 uxorem
1248 5524 1418 5574 suam,
1467 5518 1514 5561 et
1568 5510 1660 5563 illa
1698 5516 1933 5564 recedens
1970 5512 2173 5565 duxerit

598 5580 763 5651 visum
786 5578 1226 5651 alium,nuuquid
1265 5590 1538 5633 revertetur
1559 5582 1628 5631 ad
1659 5597 1772 5634 eam
1816 5582 1987 5634 ultra?
2016 5581 2066 5632 Ν
2076 5599 2173 5651 un-

598 5648 720 5714 quid
745 5663 847 5701 non
874 5649 1070 5716 polluta
1113 5648 1164 5701 et
1194 5656 1538 5703 contaminata
1569 5652 1668 5703 erit
1704 5651 1885 5704 mulier
1911 5652 2045 5705 illa?
2097 5650 2173 5706 Tu

597 5726 767 5771 autem
793 5718 1048 5786 fornicata
1087 5734 1139 5772 es
1167 5734 1284 5775 eum
1319 5721 1628 5776 amatoribus
1654 5724 1864 5789 multis;
1897 5730 2062 5779 tamen
2085 5737 2170 5778 re-

1341 290 1431 347 AD
1468 286 1531 345 S.
1570 282 1818 345 ISIDURI
1858 282 2303 342 [IISPALENSIS
2341 281 2571 337 OPERA
2613 277 3059 336 APPENDICES.

2170 402 2217 463 Α
2243 407 2432 451 vertere
2456 397 2525 447 ad
2550 410 2649 460 me,
2681 394 2803 448 dicit
2831 392 3080 446 Dominus
3106 388 3310 461 (Greg.,
3346 389 3471 461 Reg.
3507 400 3640 460 post.
3662 409 3715 462 p.
3741 407 3829 460 lil,

2201 4443 2251 4504 D
2280 4457 2380 4527 155
2425 4456 2581 4527 Greg.
2604 4498 2620 4522 ,

3685 274 3829 333 {£88

2249 467 2389 521 adm.
2415 465 2528 521 ‘29).

2324 484 2389 589 ξι..
2570 535 2637 588 de
2668 533 2965 587 fornicante
2996 541 3051 587 et
3075 531 3255 586 relicta
3288 530 3519 585 muliere
3548 546 3836 600 argumeu-

2252 618 2363 660 ium
2386 606 2607 674 justitia:
2634 605 2968 674 prOponitur,
2992 615 3044 657 et
3070 614 3243 674 tamen
3276 601 3430 674 nobis
3471 613 3586 674 post
3621 606 3833 672 lapsum

2252 672 2599 732 redeuntibus
2628 672 2731 727 non
2757 673 2981 743 justitia,
3013 673 3105 727 sed
3139 673 3306 743 pietas
3334 672 3643 727 exhibetur.
3698 674 3836 731 Hinc

2252 749 2437 815 utique
2487 741 2842 813 colligamus,
2898 744 3145 815 siruobis
3194 741 3632 815 delinquentibus
3686 753 3831 800 tanta

2256 811 2458 887 pieiate
2509 811 2766 887 parcitur,
2791 829 2817 865 a
2850 814 3002 887 nubis
3032 813 3111 866 sic
3161 820 3277 879 post
3309 811 3555 866 delictum
3605 818 3835 887 redeun-

2256 884 2397 944 tibus
2426 895 2624 955 quanta
2671 884 3015 955 improbitate
3046 896 3319 951 peccatur,
3371 892 3463 936 aut
3491 898 3613 951 qua:
3643 885 3712 937 ab
3742 886 3835 940 illo

2253 960 2356 1012 erit
2379 952 2637 1023 improbis
2662 954 2839 1019 venia,
2881 952 2968 1023 qui
2996 969 3101 1007 non
3133 963 3310 1023 cessat
3338 966 3527 1007 voeare
3554 963 3674 1023 post
3718 958 3833 1010 cul-

2254 1042 2397 1097 pam.
2445 1022 2606 1079 Isaias
2638 1022 3047 1094 pr0plieta'dicit
3081 1041 3094 1076 :
3128 1022 3288 1075 Erunt
3318 1023 3454 1097 oeuli
3483 1022 3834 1097 tuieidentes

2257 1093 2351 1164 pro
2366 1108 2616 1165 captarem
2646 1093 2819 1165 tuum,
2843 1100 2895 1165 et
2922 1109 3072 1146 aures
3098 1102 3199 1165 ture
3235 1093 3445 1165 audient
3484 1095 3688 1146 verbum
3721 1108 3835 1165 post

2254 1161 2451 1236 tergunt
2485 1166 2734 1236 monentis
2760 1161 2917 1234 (Isai.
2948 1178 3074 1236 xxx,
3115 1161 3231 1236 20).
3262 1164 3427 1236 Quasi
3457 1165 3598 1236 enim
3650 1161 3830 1220 coram

2256 1233 2459 1306 positus
2484 1235 2596 1289 Deo
2626 1233 2850 1302 quisque
2879 1234 3042 1306 verba
3088 1233 3539 1306 monitionisejus
3562 1248 3833 1305 prrccepta

2254 1302 2561 1376 cognOscit;
2615 1306 2787 1358 adhuc
2825 1304 2967 1376 enim
3012 1312 3136 1357 ante
3165 1304 3280 1373 ejus
3320 1302 3510 1376 faciem
3558 1316 3700 1360 stare
3744 1302 3830 1360 est

2258 1373 2487 1430 necdum
2531 1390 2651 1429 eum
2697 1374 2968 1439 peccando
3007 1383 3371 1427 centemnere.
3400 1373 3532 1428 Cum
3559 1389 3709 1439 vero,
3738 1377 3836 1429 de-

2256 1448 2443 1500 relicto
2488 1444 2629 1499 bono
2658 1442 3001 1516 innocentiae,
3048 1443 3384 1516 iniquitatem
3416 1445 3623 1516 eligens
3665 1462 3831 1515 appe-

2259 1516 2338 1578 tit,
2373 1525 2517 1584 terga
2545 1517 2651 1581 jam
2684 1515 2735 1566 in
2758 1528 2873 1581 ejus
2896 1513 3082 1567 faciem
3114 1513 3299 1567 mittit.

2327 1588 2381 1639 5.
2414 1587 2765 1654 Omnipotens
2821 1584 3073 1654 Dominus
3121 1585 3271 1652 quasi
3324 1592 3442 1651 post
3470 1590 3682 1653 tergum
3738 1601 3833 1641 nos

2259 1653 2591 1724 subsequens
2619 1664 2818 1719 monet,
2848 1653 2937 1723 qui
2971 1656 3129 1707 etiam
3163 1662 3281 1720 post
3306 1653 3515 1720 culpam
3548 1655 3615 1708 ad
3649 1671 3709 1711 se
3747 1673 3829 1709 re-

2257 1725 2373 1779 dire
2415 1725 2717 1793 persuadet.
2779 1729 3038 1777 Aversum
3090 1732 3324 1788 revocat,
3379 1726 3671 1779 commissa
3722 1744 3826 1778 non

2258 1794 2496 1865 respicit,
2529 1795 2817 1848 revertenti
2848 1795 3023 1847 sinum
3067 1794 3277 1865 pietatis
3320 1794 3595 1862 expandit.
3636 1796 3829 1850 Vacein

2254 1861 2382 1934 ergo
2413 1874 2533 1933 post
2556 1873 2761 1934 tergum
2794 1861 3352 1934 monentisaudiinus,
3375 1861 3416 1918 si
3436 1874 3573 1934 post
3614 1875 3830 1933 peccata

2254 1933 2445 1989 humili
2487 1945 2540 1988 et
2569 1933 2801 1988 contrito
2831 1934 2995 1988 corde
3035 1933 3374 1988 revertimur.
3430 1933 3699 1989 Debemus
3742 1937 3835 2004 igi-

2254 2012 2341 2059 tur
2381 2006 2627 2073 pietatem
2678 2005 2914 2058 vocantis
2941 2004 3282 2068 erubescere,
3324 2005 3367 2057 si
3396 2004 3661 2073 justitiam
3688 2007 3837 2061 volu-

2253 2089 2371 2129 mus
2404 2074 2711 2137 tormidare,
2745 2075 2868 2144 quia
2901 2082 3049 2127 tanto
3072 2075 3311 2143 graviori
3335 2074 3679 2140 improbitate
3705 2092 3831 2131 con-

2254 2147 2529 2210 temnitur,
2562 2143 2772 2214 quanto
2807 2154 2863 2197 et
2890 2154 3227 2213 contemptus
3275 2143 3451 2200 adhuc
3480 2158 3677 2201 vo:are
3730 2162 3833 2201 non

2254 2215 2590 2286 dedignatur.
2614 2215 2712 2268 l’er
2727 2214 3013 2286 Jereniiam
3048 2215 3362 2286 prophetam
3397 2214 3658 2270 Dominus
3675 2219 3831 2272 dicit:

2257 2284 2323 2339 Et
2352 2283 2517 2358 venies
2546 2300 2704 2358 usque
2725 2285 2793 2337 ad
2824 2283 3256 2358 Babylonein,‘ibi
3300 2285 3591 2339 liberaberis
3644 2286 3836 2358 (Mich.

2254 2350 2464 2425 iv,‘l0).
2489 2350 2721 2424 Babylon
2752 2350 2954 2424 quippe
2975 2354 3210 2426 confusio
3238 2350 3837 2426 interpretaturCSuspe

2256 2427 2401 2480 enim
2418 2426 2538 2494 quis
2571 2438 2849 2495 postquam
2881 2427 2931 2477 iu
2962 2425 3331 2480 confusionem
3365 2426 3607 2479 vitiorum
3623 2425 3839 2483 cecide-

2256 2496 2682 2559 rlt,erubesccns
2714 2496 2848 2549 mala
2867 2510 2986 2564 qua:
3005 2497 3346 2563 perpetravit,
3371 2496 3437 2549 ad
3466 2498 3835 2564 paenitentiam

2256 2568 2417 2639 redit,
2460 2580 2628 2634 seque
2673 2580 2703 2618 a
2754 2566 2867 2639 suis
2914 2565 3178 2639 lapsibus
3205 2566 3340 2639 bene
3382 2564 3610 2639 vivendo
3654 2570 3833 2639 erigit.

2257 2636 2393 2703 Quid
2437 2633 2564 2705 ergo
2617 2639 2716 2689 iste
2760 2634 2861 2688 nisi
2917 2650 3087 2703 usque
3113 2635 3180 2689 ad
3233 2633 3559 2704 Babylonem
3592 2633 3839 2703 venitIet

2258 2708 2330 2760 ibi
2372 2707 2633 2760 liberatus
2663 2708 2779 2759 est?
2810 2706 3202 2775 Nonnunquam
3232 2705 3457 2775 quisque
3508 2707 3836 2763 erubescens

2259 2777 2397 2830 mala
2426 2791 2546 2845 qua:
2572 2778 2715 2841 iecit,
2745 2789 2806 2846 se
2831 2784 3015 2846 contra
3040 2776 3300 2846 sererigit,
3322 2786 3378 2829 et
3398 2776 3533 2830 bene
3560 2778 3835 2846 Operaiido

2257 2846 2323 2917 ad
2379 2855 2579 2900 statum
2633 2845 2965 2917 rectitudinis
3000 2845 3180 2917 “redit.
3228 2845 3285 2899 In
3342 2845 3610 2917 Babylone
3657 2848 3841 2915 itaque

2260 2915 2512 2971 liberatus
2564 2916 2788 2987 θείη(ιυί
2836 2931 2929 2982 per
2971 2915 3209 2987 divinam
3246 2915 3474 2987 gratiam
3523 2918 3835 2972 ostenditur

2258 2989 2418 3041 etiam
2450 2987 2520 3041 de
2558 2985 2870 3040 confusione
2907 2986 3165 3039 salvatus.

2332 3059 2462 3110 Car.
2497 3072 2602 3111 Lvt.
2637 3054 2715 3108 De
2740 3057 2971 3126 appetitu
2990 3056 3157 3109 laudis
3185 3055 3443 3121 humanis,
3475 3056 3551 3110 uel
3578 3057 3842 3125 favoribus

2261 3127 2605 3180 adulantium.
2636 3153 2707 3166 -
2737 3128 2788 3180 1.
2810 3124 3005 3179 Omnis
3028 3127 3187 3180 homo
3225 3126 3314 3195 qui
3345 3142 3411 3180 ex
3437 3142 3504 3180 eo
3529 3124 3671 3196 quod
3703 3140 3837 3197 agit,

2264 3198 2524 3252 humanas
2550 3198 2733 3250 laudes
2753 3197 2973 3265 appetit,
2998 3203 3188 3249 testem
3223 3199 3272 3248 iu
3315 3204 3451 3250 terra
3493 3198 3707 3265 quaerit.
3739 3199 3839 3265 Qui

2259 3277 2437 3320 autem
2469 3268 2536 3321 de
2584 3266 2789 3320 actibus
2822 3265 2934 3319 suis
2969 3266 3319 3335 omnipotenti
3372 3267 3595 3319 Domino
3624 3271 3839 3334 placere

2263 3336 2497 3398 festinat,
2531 3346 2723 3392 testem
2753 3351 2810 3390 se
2841 3337 3036 3389 habere
3075 3336 3126 3389 in
3156 3338 3294 3391 coelo
3332 3338 3656 3391 considerat.
3705 3343 3837 3392 Cum

2264 3409 2413 3460 multi
2437 3407 2573 3461 mala
2600 3417 2746 3476 gesta
2770 3405 3014 3459 laudibus
3038 3407 3292 3469 exaltant,
3319 3407 3440 3460 inde
3472 3408 3527 3460 lit
3568 3418 3627 3460 ut
3658 3408 3839 3463 ineas-

2264 3486 2447 3531 santer
2466 3475 2675 3547 crescat
2696 3480 2851 3547 culpa
2874 3476 3141 3547 favoribus
3169 3477 3418 3530 enutrita.
3445 3475 3633 3531 Curari
3660 3489 3838 3531 autem

2265 3552 2458 3602 vulnus
2497 3545 2802 3616 negligitur,
2855 3548 2999 3615 quod
3055 3545 3271 3613 dignum
3306 3547 3535 3614 praemiis
3577 3550 3838 3616 laudeque

2265 3619 2493 3672 videtur.
2527 3620 2670 3672 Bene
2699 3619 2875 3685 itaque
2906 3631 3001 3685 per
3047 3616 3389 3671 Salomonem
3428 3617 3620 3670 dicitur
3660 3633 3677 3670 :
3728 3616 3839 3670 Fili

2266 3688 2357 3753 mi,
2380 3689 2423 3741 si
2445 3696 2490 3741 te
2511 3688 2805 3741 lactaverint
2826 3695 3136 3758 peccatores,
3156 3702 3219 3740 ne
3246 3686 3535 3755 acquiescas
3562 3686 3836 3809 spreuerit.

2267 3772 2316 3809 i.
2349 3758 2460 3809 illi.
2503 3757 2819 3809 Peccatores
2866 3757 3010 3809 enim
3054 3758 3271 3809 lactant.
3326 3772 3449 3809 cum
3503 3771 3568 3809 ve
3644 3772 3836 3809 uerne—

2267 3772 2316 3823 i,
2349 3758 2460 3829 10).
2503 3757 3026 3829 Ρθςοειιοιθσξ-ειιὶιιι
3054 3758 3271 3829 lactant,
3326 3772 3471 3829 cum
3503 3757 3587 3810 vel
3643 3772 3839 3826 pet-pe-

2270 3824 2457 3896 trauda
2501 3828 2639 3881 mala
2688 3825 3062 3881 blandimentis
3107 3824 3361 3890 inferunt,
3392 3826 3474 3879 vel
3528 3824 3836 3896 perpetrata

2268 3895 2539 3951 favoribus
2568 3897 2850 3953 extollunt.
2895 3898 3032 3963 Quid
3056 3898 3199 3950 enim
3230 3898 3370 3951 aliud
3417 3895 3639 3964 peccare
3673 3914 3836 3966 quam

2269 3968 2628 4023 occumbere?
2680 3967 2785 4022 Sed
2840 3980 2966 4037 quia
3019 3977 3325 4039 peccantem
3379 3966 3628 4039 laudibus
3677 3969 3842 4039 273

2273 4048 2681 4107 prosequuntur,
2713 4036 2875 4107 quasi
2893 4046 3213 4091 exstinctum
3246 4036 3347 4091 sub
3372 4037 3658 4091 verborum
3684 4036 3841 4091 '36.;—

2272 4123 2389 4161 rum
2434 4106 2624 4178 aggere
2651 4106 3064 4162 abscondantur.
3095 4108 3421 4178 Arundinem
3471 4120 3592 4178 mox
3624 4118 3683 4161 ut
3712 4122 3840 4163 aura

2276 4180 2522 4245 tetigerit,
2554 4180 2605 4232 in
2635 4187 2837 4245 partem
2860 4178 3080 4231 alteram
3104 4177 3290 4232 let-tur.
3316 4177 3383 4230 Et
3408 4177 3533 4246 quid
3558 4192 3653 4245 per
3674 4192 3841 4231 arun-

2274 4247 2451 4301 dinem
2474 4249 2574 4303 nisi
2604 4250 2834 4302 carnalis
2859 4247 3066 4317 anitnus
3106 4247 3431 4317 designatur,
3461 4248 3551 4315 qui
3583 4261 3709 4299 mox
3762 4247 3839 4300 ι..-

2275 4332 2404 4371 νυιθ
2434 4319 2513 4371 vel
2554 4318 2883 4371 detractione
2917 4316 3168 4385 tangitur,
3220 4316 3271 4371 in
3297 4326 3499 4385 partem
3547 4317 3851 4384 quamlibet

2277 4387 2602 4441 inclinatur?
2656 4386 2855 4456 (Greg.,
2891 4386 3079 4441 Horat.
3115 4403 3226 4449 xm,
3259 4388 3354 4453 21,
3388 4403 3439 4438 n.
3471 4387 3576 4452 ‘28;
3612 4385 3764 4454 Taio,
3798 4403 3849 4453 v,

2708 4455 2837 4512 eral.
2872 4455 3056 4520 Iv,28,
3086 4474 3138 4509 n.
3170 4458 3284 4527 51.)

2340 4525 2395 4580 2.
2428 4527 2484 4583 Si
2510 4525 2577 4582 ab
2605 4541 2701 4581 ore
2726 4534 3038 4594 cujusquam
3078 4543 3202 4581 aura
3244 4525 3441 4581 favoris
3485 4526 3715 4589 ﬂaverit,
3750 4541 3847 4594 ap-

2270 4598 2467 4666 petitus
2494 4597 2666 4651 laudts
2698 4598 2945 4651 humanae
2975 4597 3265 4652 hilarescit.
3307 4597 3610 4662 Extollitur,
3646 4608 3845 4649 totum-

2269 4682 2374 4736 que
2404 4681 2466 4722 se
2489 4670 2641 4733 quasi
2667 4668 2732 4720 ad
2765 4666 2987 4737 gratiam
3022 4668 3271 4735 inﬂectvt;
3301 4668 3395 4721 sed
3426 4670 3469 4719 si
3502 4667 3627 4722 inde
3655 4678 3849 4721 ventus

2271 4741 2617 4792 detractionis
2673 4741 2849 4806 erupit
2886 4737 3025 4791 unde
3066 4738 3235 4791 laudis
3262 4750 3391 4791 aura
3422 4737 3686 4797 veniebat,
3720 4752 3848 4791 mox

2276 4809 2416 4865 hunc
2443 4811 2592 4878 quasi
2621 4808 2673 4861 in
2708 4820 2910 4876 partem
2944 4810 3163 4862 alteram
3194 4809 3261 4863 ad
3287 4810 3391 4861 vim
3424 4809 3571 4861 furor
3601 4807 3849 4860 inclinat.

2269 4879 2347 4934 Ne
2382 4882 2636 4948 paulatim
2682 4890 2843 4946 atque
2874 4879 3039 4931 inulte
3067 4891 3312 4932 crescere
3351 4878 3544 4931 debeat
3567 4878 3850 4948 adulatio,

2268 4946 2448 5003 statim
2494 4960 2548 5003 et
2580 4950 2697 5002 sine
2725 4963 2877 5002 mora
2914 4956 2999 5002 est
3037 4950 3148 5002 oris
3175 4950 3349 5018 gladio
3378 4946 3639 5013 ierieuda,
3669 4959 3727 5002 et
3758 4962 3856 5015 per

2270 5020 2370 5072 zeli
2407 5019 2666 5089 justitiam
2713 5019 2945 5073 funditus
2991 5019 3407 5089 exstinguenda.
3450 5018 3505 5070 lu
3557 5018 3853 5089 Evangelia

2270 5087 2431 5143 fatuis
2458 5091 2753 5158 virginibus
2779 5104 2897 5143 cum
2928 5090 3291 5159 increpatione
3308 5088 3506 5142 dicitur
3530 5103 3552 5159 ξ
3574 5087 3656 5140 Ite
3679 5090 3854 5159 potius

2270 5160 2338 5211 ad
2364 5157 2650 5225 uendentes,
2682 5170 2728 5212 et
2758 5162 2902 5211 emite
2944 5157 3091 5212 vobis
3117 5157 3331 5229 (Matth.
3376 5172 3500 5225 xxv,
3530 5157 3624 5226 9);
3655 5157 3853 5229 vendi-

2273 5240 2418 5284 tores
2442 5229 2636 5299 quippe
2675 5231 2777 5283 olei
2824 5226 3135 5283 adulatores
3180 5240 3334 5294 sunt,
3362 5234 3614 5297 quoniam
3658 5226 3719 5299 in
3761 5241 3855 5279 ac—

2271 5309 2423 5369 cepta
2472 5301 2707 5369 qualibet
2753 5301 2924 5369 gratia
2974 5301 3125 5353 vanis
3171 5300 3285 5353 suis
3327 5299 3570 5369 laudibus
3616 5298 3851 5351 nitorem

2270 5367 2457 5439 glorize
2491 5367 2777 5435 oﬁ'erunt,
2815 5371 2966 5438 quasi
3012 5372 3187 5424 oleum
3238 5370 3492 5424 vendant.
3542 5367 3853 5439 Principale

2271 5438 2512 5509 corporis
2538 5445 2701 5493 nostri
2733 5450 2896 5509 caput
2921 5448 3023 5493 est.
3067 5441 3457 5509 Appellationis
3485 5446 3628 5509 enim
3658 5438 3854 5504 capitis

2272 5527 2332 5565 ea
2362 5508 2484 5580 qua
2515 5508 2844 5579 principatur
2869 5510 3081 5578 corpori
3106 5508 3256 5565 mens
3279 5518 3525 5564 vocatur.
3551 5508 3855 5577 lmpiuguat

2272 5597 2403 5649 ergo
2430 5592 2591 5650 caput
2619 5587 2795 5635 oleum
2827 5592 3141 5648 peccatoris,
3173 5595 3293 5635 cum
3320 5580 3587 5635 demulcet
3609 5590 3853 5650 mentem

2273 5645 2424 5705 favor
2452 5645 2742 5704 adulantis.
2772 5645 2839 5705 Si
2861 5650 3072 5705 favores
3114 5664 3238 5705 suos
3278 5650 3503 5719 quisque
3531 5648 3759 5719 audiens
3773 5645 3854 5719 ad

2271 5722 2493 5791 superni
2518 5720 2702 5793 judicii
2745 5722 3229 5780 considerationem
3261 5716 3434 5787 redit,
3459 5732 3522 5775 ac
3563 5732 3634 5775 ne
3671 5716 3741 5773 de
3770 5716 3853 5770 his
