4084 6160
376 242 510 295 “89

1259 239 1549 294 APPI‘ZND.
1594 239 1682 292 IX.
1727 268 1791 278 —-
1831 237 2368 299 SENTENTMRU“
2413 244 2610 298 LIBER
2656 244 2734 304 IV.

3493 248 3630 304 Ηῖὐ

371 355 507 422 apud
559 355 825 427 occultum
873 355 1147 427 arbitrium
1199 363 1470 427 gravetur,
1521 354 1728 427 metuit,
1760 354 1935 427 quasi
1975 357 2016 414 Α
2046 358 2242 422 gradus
2273 358 2599 425 septiformis
2630 357 2832 427 gratim,
2867 357 2937 408 ait
2966 372 2979 409 :
3017 355 3306 423 Requieer
3332 372 3483 424 super
3505 375 3619 410 eum

371 426 766 493 expurgationis
809 426 928 493 igne
973 425 1036 475 ad
1080 424 1496 492 magnitudinem
1542 423 1804 474 claritatis
1846 439 1940 475 ett-

372 497 558 555 creiit,
583 505 636 547 et
659 496 796 549 unde
822 495 1122 549 incendium
1147 493 1515 557 trepidationis
1541 495 1795 553 sustinet,
1821 494 1944 545 inde

369 566 564 634 clarius
595 565 754 634 fulget
795 564 1010 634 (στερη
1045 580 1060 615 ι
1101 565 1154 616 in
1196 563 1430 632 Evang.,
1461 561 1601 614 hom.
1649 561 1732 613 i2.
1781 578 1834 612 ιι.
1879 565 1940 626 5;

373 631 562 687 Moral.
589 631 774 695 “vin,
808 634 886 701 8).

439 705 568 759 CAP.
601 721 725 758 LVII.
762 700 991 771 Qualiter
1037 721 1182 758 sacra
1224 703 1496 769 Scriptura
1537 700 1794 752 maledicti
1826 718 1943 767 pro-

370 786 473 827 mat
503 777 821 829 sementium.
852 805 921 814 ——
951 777 1001 828 i.
1036 776 1168 828 Cum
1198 785 1342 827 certe
1385 773 1628 824 novimus
1659 773 1797 838 quod
1831 787 1942 823 ma-

371 847 618 898 ledictum
671 845 946 907 Scriptura
994 859 1144 898 sacra
1199 843 1478 909 p'ohibet,
1529 855 1624 892 cur
1670 851 1814 894 recte
1845 842 1941 892 ali-

368 917 582 979 quaudo
615 915 724 968 fieri
756 914 1003 974 dicimus,
1051 915 1190 981 quod
1234 915 1400 965 vitare
1428 909 1617 963 eodem
1647 926 1798 963 sacro
1828 912 1939 963 elo-

367 991 491 1048 quio
520 1000 624 1037 non
672 986 1009 1054 ignoramus?
1033 984 1137 1039 Sed
1179 981 1472 1054 sciendum
1501 981 1652 1032 nobis
1682 990 1764 1033 est
1799 982 1937 1048 quod

367 1055 638 1121 Scriptura
666 1050 816 1106 sacra
845 1055 1052 1106 duolms
1081 1053 1253 1106 modis
1287 1050 1624 1105 maledictum
1654 1061 1934 1121 memorat.

371 1120 545 1185 Aliud,
570 1123 838 1187 videlicet,
866 1124 1003 1191 qttod
1028 1124 1314 1191 approbat;
1342 1121 1502 1191 aliud,
1529 1120 1668 1187 quod
1693 1121 1932 1191 damnat.

369 1195 536 1246 Aliter
576 1195 716 1246 enim
761 1188 1110 1246 trial-dictum
1145 1196 1412 1259 profertur
1444 1188 1648 1256 judicio
1691 1190 1931 1255 justitim,

365 1263 521 1315 aliter
562 1264 726 1316 livore
770 1263 1032 1316 vindictas.
1081 1260 1420 1315 Maledictum
1462 1259 1662 1326 judicio
1694 1260 1934 1327 justitiar,

369 1336 487 1402 ipso
517 1334 688 1398 primo
721 1333 936 1387 homine
968 1341 1241 1399 peccante,
1273 1333 1538 1402 prolatum
1556 1340 1668 1402 est,
1697 1345 1816 1382 cum
1845 1345 1938 1402 au-

363 1397 536 1455 divit:
574 1402 847 1455 Maledicta
877 1397 1009 1455 terra
1037 1405 1088 1455 in
1127 1401 1361 1467 operibus
1392 1401 1488 1450 tuis
1523 1397 1672 1465 (Gen.
1707 1415 1781 1462 ιιι,
1821 1401 1930 1467 Π).

367 1474 705 1526 Maledictum
729 1473 948 1542 iustitiae
970 1472 1168 1537 judicio
1201 1470 1638 1542 profertur,geum
1667 1469 1730 1542 ad
1763 1470 1931 1542 Abra-

366 1542 485 1595 ham
539 1538 778 1596 dicitur:
827 1542 1134 1595 Maledicam
1181 1540 1592 1592 maledicentibus
1642 1539 1730 1591 tibi
1774 1538 1926 1606 (Gen.

365 1628 462 1675 xu,
497 1611 575 1678 5).
613 1613 831 1675 Rursus,
875 1615 994 1680 quia
1043 1612 1376 1664 maledictum
1423 1623 1525 1661 noo
1555 1610 1752 1680 judicio
1777 1611 1931 1680 pisti.

2046 427 2258 492 spiritus
2293 428 2524 487 Domini,
2558 428 2765 493 spiritus
2806 428 3072 487 sapientia:
3095 437 3142 478 et
3173 427 3472 490 intellectus,
3514 433 3624 493 spi-

2044 497 2171 548 ritus
2199 499 2398 550 consilii
2419 509 2466 550 et
2495 498 2831 564 fortitudinis,
2863 498 3069 565 spiritus
3099 497 3321 565 scientia;
3359 508 3403 547 et
3447 498 3620 565 pieta-

2047 566 2131 635 tis,
2157 575 2203 618 et
2226 566 2436 629 replebit
2457 563 2570 619 eum
2589 567 2798 634 spiritus
2821 567 3017 618 timoris
3043 563 3246 616 Domini
3272 563 3424 634 (lsui.
3448 563 3522 629 at,
3541 568 3619 635 εγ,

2044 634 2178 698 Quot
2209 637 2414 689 SCiliCt‘l
2458 641 2651 704 gradus
2693 638 2758 690 de
2798 636 3106 689 ctelostibus
3140 635 3356 702 loquens
3390 636 3620 689 descen-

2043 706 2218 756 dendo
2250 707 2418 774 magis
2449 721 2604 775 quam
2637 708 2974 758 ascendendo
3008 708 3326 758 numeravit.
3357 705 3620 762 Videlicet

2042 775 2341 836 sapientiam
2382 786 2426 828 et
2464 779 2805 839 intellectum,
2836 777 3104 827 consilium
3152 783 3197 826 et
3246 776 3616 840 fortitudinem,

2042 846 2326 911 scientiam,
2359 851 2595 912 pietatem
2623 857 2666 898 et
2697 847 2949 898 timorem.
2981 847 3043 898 Et
3068 860 3186 897 cum
3219 845 3473 913 scriptum
3501 849 3569 898 sit
3603 865 3616 899 :

2044 914 2258 968 Initium
2296 918 2560 982 sapientiae
2602 918 2751 968 timor
2803 916 3006 967 Domini
3054 914 3324 980 (Proverb.
3372 931 3460 979 ιιι,
3509 917 3618 982 10),

2042 995 2252 1038 consult
2281 989 2461 1052 procol
2500 987 2662 1039 dubio
2705 986 2828 1052 quia
2870 988 3060 1038 timore
3091 986 3152 1036 ad
3187 986 3504 1050 sapientiam
3534 1002 3620 1040 as-

2041 1056 2309 1118 t‘eudilttr,
2341 1073 2445 1109 non
2471 1069 2646 1110 autem
2678 1071 2704 1107 a
2737 1057 2995 1119 sapientia
3022 1056 3086 1106 ad
3117 1056 3356 1108 timorem
3391 1056 3612 1112 reditur.

2041 1122 2336 1196 Perfectam
2383 1129 2568 1191 procul
2613 1125 2773 1178 dubio
2803 1125 2963 1179 habet
2993 1124 3245 1191 sapientia
3274 1126 3612 1196 cbaritatem,

2039 1193 2179 1246 sicut
2207 1197 2460 1255 scriptum
2489 1207 2568 1249 est
2599 1212 2613 1250 :
2655 1196 2887 1260 Perfecta
2916 1197 3139 1247 cltaritas
3183 1196 3322 1262 [oras
3368 1196 3516 1248 mittit
3542 1193 3610 1248 ti;

2039 1279 2224 1314 morem
2259 1265 2304 1331 (Ι
2339 1264 2496 1318 Joan.
2529 1281 2600 1318 tv.
2646 1266 2754 1329 i8).
2799 1266 2957 1317 Isaias
3004 1280 3162 1327 ergo,
3195 1265 3318 1333 quia
3348 1266 3414 1317 de
3454 1268 3616 1319 crele-

2037 1333 2208 1386 sttbus
2235 1335 2298 1386 ad
2323 1335 2422 1387 ima
2452 1335 2785 1401 loquebatur,
2811 1335 2972 1400 C(Bpil
3004 1337 3167 1401 magis
3197 1354 3222 1384 a
3255 1337 3538 1398 sapientia,
3561 1347 3614 1389 et

2040 1401 2318 1456 descendit
2351 1405 2414 1457 ad
2459 1406 2725 1458 timorem.
2761 1406 2864 1456 Sed
2898 1418 3014 1462 nos,
3048 1406 3167 1470 quia
3215 1419 3244 1457 a
3278 1406 3504 1458 terrenis
3545 1406 3614 1458 ad

2036 1475 2276 1526 caelestia
2309 1475 2605 1539 tendimus,
2646 1475 2860 1526 eosdem
2894 1474 3089 1541 gradus
3132 1474 3470 1534 ascendendo
3519 1491 3617 1528 nu-

2037 1558 2325 1606 meremus,
2358 1554 2469 1597 uta
2504 1546 2696 1597 timore
2735 1545 2801 1596 ad
2843 1543 3158 1611 sapientiam
3205 1546 3480 1604 pervenire
3523 1561 3615 1596 va—

2036 1612 2256 1665 leamus.
2302 1617 2393 1668 Est
2427 1614 2584 1668 timor
2626 1613 2833 1667 Domini
2879 1614 2930 1666 in
2974 1624 3148 1667 mente
3193 1613 3460 1677 fidelium;
3517 1615 3610 1667 sed

363 1684 468 1746 tite,
494 1684 592 1759 sed
618 1683 792 1759 livore
822 1679 1063 1736 vindictae
1090 1683 1362 1759 promitur,
1393 1693 1524 1759 voce
1556 1679 1929 1759 Pauli‘przedi-
1967 1703 2007 1759 Β
2035 1685 2204 1759 qualis
2234 1685 2333 1759 iste
2375 1685 2532 1759 timor
2558 1694 2658 1759 Cal,
2689 1688 2731 1737 si
2766 1698 2884 1759 cum
2925 1700 2989 1736 eo
3019 1685 3185 1759 pietas
3219 1700 3323 1735 non
3357 1683 3475 1759 est?
3508 1685 3609 1748 Qui

363 1753 535 1805 cautis
563 1753 936 1818 admonemur,
967 1767 1066 1820 qua
1091 1753 1202 1804 ait:
1234 1750 1543 1820 Benedicite,
1570 1758 1615 1800 et
1640 1750 1793 1800 nolite
1823 1765 1930 1800 ιιιαι

360 1823 574 1874 (edicere
601 1823 777 1886 (Rom.
816 1839 884 1876 xu
905 1861 920 1884 ,
956 1817 1072 1887 ili);
1125 1831 1176 1873 et
1207 1835 1415 1873 rursum
1447 1835 1463 1873 :
1496 1817 1675 1886 Neque
1699 1820 1930 1870 maledici

359 1909 572 1962 regnum
604 1893 697 1945 Dei
724 1895 1048 1960 possidebunt
1076 1890 1129 1960 (1
1150 1889 1271 1944 Cor.
1291 1905 1362 1952 vt,
1394 1890 1504 1955 10).
1536 1889 1672 1962 Deus
1689 1893 1929 1962 omnipof

361 1958 480 2016 teiis
505 1958 824 2018 ntaledic‘eae
853 1965 1066 2026 dicitur,
1086 1958 1147 2016 'et
1173 1970 1347 2014 tamen
1377 1961 1696 2012 maledicere
1728 1958 1928 2011 homini

362 2033 636 2098 prohibet:
688 2035 810 2100 quia
861 2034 1002 2100 quod
1053 2037 1213 2086 homo
1259 2033 1366 2096 agit
1411 2028 1925 2100 malitia_viniti_ct-.e,

361 2096 499 2156 Deus
529 2118 633 2155 non
667 2096 790 2157 facit
818 2096 916 2156 nisi
947 2103 1191 2156 examine
1215 2110 1270 2154 et
1292 2104 1488 2153 virtute
1513 2096 1731 2165 iustitia:
1753 2096 1924 2164 (Taio,

358 2172 529 2242 III,A3;
571 2168 750 2242 στερη
785 2190 833 2226 tv
865 2172 1073 2234 Moral.,
1105 2171 1183 2240 6).

431 2240 484 2293 Ξ.
515 2244 645 2296 Cum
670 2238 836 2296 sancti
860 2243 958 2296 viri
989 2238 1372 2295 maledictionis
1402 2238 1718 2293 sententiam
1751 2239 1928 2305 profe-

358 2319 500 2373 runt,
533 2327 634 2364 non
677 2313 742 2366 ad
787 2315 922 2366 hanc
959 2328 1021 2366 ex
1057 2324 1180 2366 voto
1214 2309 1450 2371 ultionis,
1495 2310 1587 2361 sed
1630 2324 1692 2360 cx
1722 2309 1925 2375 iustitia

356 2382 616 2452 examinis
645 2392 947 2452 erumpunt.
983 2382 1127 2436 Intus
1154 2381 1293 2434 enim
1322 2379 1515 2452 subtile
1547 2378 1637 2432 Dei
1661 2377 1924 2452 judicium

359 2451 642 2518 aspiciunt,
669 2463 720 2506 et
749 2447 882 2506 inata
914 2451 1055 2506 foras
1086 2449 1455 2518 exsurgentia,
1479 2451 1606 2516 quin
1641 2447 1926 2503 maledicto

357 2521 578 2576 debeant
614 2523 790 2582 ferire,
819 2532 1182 2591 cognoscunt;
1225 2529 1278 2591 et
1317 2533 1381 2572 eo
1412 2521 1462 2571 in
1484 2518 1789 2591 _tnuledicto
1818 2535 1924 2572 non

359 2601 600 2658 peccant,
623 2595 742 2660 quia
774 2593 841 2645 ab
864 2587 1073 2645 interno
1098 2590 1299 2660 judicio
1331 2603 1433 2642 non
1465 2587 1790 2660 discordant.
1828 2591 1925 2643 l’e—

358 2657 468 2714 trus
496 2657 766 2724 apostolus
797 2664 846 2714 in
889 2657 1200 2715 offereniem
1231 2660 1330 2713 sibi
1377 2661 1624 2726 pecunias
1650 2657 1921 2726 Simonem

355 2732 671 2785 sententiam
719 2732 1102 2786 tnaledictionis
1143 2725 1387 2793 intorsit,
1431 2729 1658 2782 dicens:
1697 2725 1924 2781 Pecunia

355 2807 443 2853 tua
475 2798 635 2854 tecum
660 2804 720 2855 sit
752 2803 803 2855 in
834 2803 1163 2869 perditionem
1185 2802 1325 2869 (Act.
1360 2813 1475 2861 vttt,
1505 2796 1618 2865 20).
1649 2799 1746 2864 Qui
1781 2799 1921 2853 enim

357 2883 462 2924 non
482 2874 553 2924 ait
577 2883 670 2936 est,
697 2873 788 2925 sed
814 2868 897 2937 sit,
924 2889 1025 2925 nou
1053 2868 1359 2934 indicativo,
1387 2868 1479 2921 sed
1505 2875 1740 2934 optattvo
1764 2871 1923 2921 modo

354 2955 411 2994 se
443 2943 553 2996 haec
582 2943 779 2995 dixisse
809 2944 1054 3010 signaxit.
1090 2942 1232 2994 Elias
1261 2939 1490 3010 denique
1529 2937 1738 3010 duobus
1766 2940 1924 3010 quin-

355 3013 690 3081 quagenariis
729 3015 791 3065 ad
836 3006 894 3066 se
941 3013 1278 3066 venientibus
1323 3009 1503 3061 dixit:
1535 3006 1596 3060 Si
1645 3006 1792 3060 homo
1822 3007 1922 3081 Dei

355 3044 690 3081 ιιυσδωαηιο
729 3044 791 3065 ..υ
836 3044 894 3066 π
947 3044 1278 3066 vcluclluuua
1323 3044 1462 3061 ιιι...
1490 3046 1503 3060 .
1535 3044 1596 3060 υ.
1645 3044 1792 3060 ...μην
1827 3044 1918 3060 υ..
1950 3044 1994 3104 C

353 3098 494 3146 sum,
539 3084 806 3135 descendat
852 3083 982 3150 ignis
1016 3087 1078 3135 de
1115 3084 1268 3143 ctelo,
1316 3089 1361 3131 et
1407 3087 1671 3150 consumat
1702 3093 1786 3130 vos
1813 3076 1918 3147 (IV

355 3150 482 3221 Reg.
533 3168 570 3217 ι,
606 3151 717 3222 19).
751 3157 985 3218 Quorum
1032 3149 1681 3222 utrorumquesententia
1725 3160 1922 3216 quanta

356 3220 592 3276 veritatis
643 3220 850 3276 ratione
895 3221 1197 3284 convaluit,
1250 3220 1507 3273 terminus
1547 3231 1721 3270 eausa:
1767 3232 1920 3271 ιιιοιιο

356 3294 568 3346 stravit.
602 3293 732 3346 Nam
763 3303 815 3345 et
839 3294 1020 3346 Simon
1048 3292 1208 3345 etiam
1241 3289 1533 3358 perditione
1563 3287 1724 3357 274.
1762 3290 1918 3342 inter.

354 3363 437 3426 iit,
460 3373 512 3416 et
534 3364 672 3416 duos
693 3361 1172 3432 quinquagenarios
1202 3361 1433 3432 desuper
1468 3373 1687 3411 Vt‘lttetts
1709 3359 1919 3412 llamma

350 3429 895 3500 consmnpsit.'\'irtus
916 3435 1245 3501 subsequens
1270 3429 1580 3501 testificatur
1606 3442 1704 3501 qua
1744 3439 1922 3501 mente

350 3496 735 3556 tnaledicii-mis
755 3503 1020 3557 sententia
1049 3496 1324 3569 promitur.
1348 3498 1481 3553 Cum
1511 3509 1565 3552 et
1595 3496 1917 3569 maledicen-

350 3575 416 3626 tis
445 3572 741 3626 innocentia
789 3568 1079 3639 permanet,
1112 3581 1166 3625 et
1210 3582 1386 3624 tamen
1416 3584 1539 3639 eum
1576 3568 1664 3639 qui
1701 3569 1920 3621 maledi-

351 3643 486 3696 ci:or
538 3655 700 3710 usque
747 3638 813 3694 ad
862 3641 1134 3696 interitum
1183 3638 1492 3710 maledictio
1539 3638 1810 3702 absorbet,
1836 3654 1918 3710 ex

349 3707 631 3779 utriusque
650 3713 813 3779 partis
841 3713 943 3766 fine
983 3711 1249 3779 colligitur
1279 3709 1463 3780 (quod)
1505 3710 1575 3780 ab
1605 3723 1710 3780 uno
1739 3716 1794 3760 et
1834 3707 1916 3761 in-

347 3781 479 3834 timo
515 3776 693 3848 judice
733 3785 786 3835 in
833 3797 983 3836 reum
1016 3776 1518 3846 setiiettiia'sutitpta
1557 3776 1842 3848 iaculatur,
1873 3781 1918 3832 si

345 3846 612 3905 subtiliter
641 3853 778 3906 beati
822 3853 1256 3920 uniuscujusque,
1286 3849 1513 3918 qualiter
1550 3848 1603 3900 in
1625 3846 1920 3920 Scriptura

341 3930 529 3975 sancta
581 3925 846 3975 maledicti
895 3916 1101 3988 proritat
1149 3916 1491 3979 sententiam,
1526 3916 1686 3970 verba
1729 3931 1916 3988 pensa-

344 4007 481 4045 mus.
514 3991 626 4045 Non
672 3994 814 4045 enim
865 3987 983 4061 ejus
1032 3991 1336 4061 ma'edictio
1381 4003 1450 4061 ex
1499 3989 1697 4061 malitia
1751 3987 1918 4040 delin-

341 4064 588 4130 queritis,
618 4062 712 4116 sed
755 4077 818 4116 es
869 4057 1187 4116 rectitudine
1232 4059 1427 4128 judicis
1475 4057 1754 4130 procedit;
1809 4072 1914 4111 non

340 4128 485 4187 enim
518 4134 592 4184 ira
619 4133 901 4190 commoti,
928 4136 1024 4185 sed
1055 4132 1294 4184 doctrina
1322 4128 1610 4196 tranquilli.
1643 4129 1744 4192 Qui
1773 4130 1914 4181 enim

339 4203 448 4269 jam
475 4210 616 4255 tecta
642 4202 966 4256 maledicens
993 4203 1186 4264 intulit,
1213 4217 1316 4253 non
1343 4198 1758 4269 perturbationis
1789 4198 1915 4250 \‘itio

341 4268 640 4332 Succubuit,
671 4273 764 4324 sed
795 4273 1051 4325 doctrina:
1080 4268 1752 4340 magisteriumimpendit.

410 4341 540 4395 Car.
572 4355 714 4394 Lvtu.
751 4343 886 4406 Quid
915 4344 979 4394 sit
1001 4337 1244 4410 jubiluin.
1265 4369 1335 4378 ——
1359 4341 1408 4392 i.
1438 4338 1668 4410 Jubilum
1693 4337 1903 4402 dicitur,

339 4411 553 4480 quando
599 4411 864 4464 ineffabile
904 4407 1148 4478 gaudium
1197 4419 1372 4464 mente
1413 4407 1734 4476 concipitur,
1765 4411 1904 4476 quod

339 4496 438 4536 nec
465 4482 717 4536 abscondi
753 4483 945 4547 possit,
991 4496 1090 4533 nec
1119 4482 1455 4533 sermonibus
1482 4480 1705 4547 aperiri,
1738 4489 1792 4531 et
1833 4489 1910 4531 ta-

339 4569 461 4605 men
509 4552 823 4618 quibusdam
875 4551 1109 4604 motibus
1153 4551 1413 4618 proditur,
1461 4550 1702 4617 quamvis
1750 4549 1910 4602 nullis

339 4621 750 4689 pr0prietatibus
789 4635 1137 4688 exprnuatur.
1177 4620 1338 4673 David
1383 4622 1647 4687 Propheta
1696 4618 1909 4673 intuens

337 4693 627 4746 electorum
653 4693 856 4744 animos
888 4703 1090 4743 tantum
1120 4691 1369 4758 gaudium
1402 4699 1580 4742 mente
1601 4690 1901 4758 Concipere,

335 4770 590 4831 quantum
634 4776 880 4814 sermone
928 4778 1032 4815 non
1079 4756 1251 4831 valeat
1293 4761 1525 4827 aperire,
1565 4761 1641 4812 ait
1673 4756 1907 4831 :_Bea_tus

335 4829 555 4901 populus
581 4833 668 4902 qui
695 4835 788 4883 scit
807 4831 1166 4902 jubitationem
1190 4829 1361 4900 (Psal.
1379 4844 1638 4902 tuxvttt,
1656 4829 1766 4902 t6).
1792 4829 1904 4902 Non

335 4900 476 4956 enim
504 4905 573 4955 ait
593 4900 618 4955 'z
656 4903 755 4967 Qui
786 4904 1030 4968 loqu.tur,
1062 4901 1154 4955 sed
1197 4902 1284 4968 qui
1315 4901 1430 4964 scit,
1452 4900 1572 4968 quia
1621 4900 1744 4952 sciri
1791 4900 1909 4967 qui-

335 4974 456 5027 detn
503 4973 747 5040 jubtlatio
793 4974 1065 5027 intellectu
1114 4980 1316 5038 potest,
1360 4970 1453 5024 sed
1494 4971 1638 5025 dictu
1681 4970 1904 5032 exprimi

337 5058 441 5096 nou
477 5053 669 5112 potest.
701 5044 802 5096 Per
826 5044 1050 5111 jubilum
1081 5043 1304 5095 sentitur
1329 5042 1467 5110 quod
1510 5043 1646 5094 ultra
1687 5055 1904 5093 sensum

335 5125 436 5178 est,
462 5111 513 5165 et
535 5127 657 5165 cum
687 5116 770 5165 vis
794 5117 858 5166 ad
891 5112 1354 5180 contemplandum
1378 5112 1608 5165 sufficiat
1629 5111 1905 5164 conscien-

337 5185 404 5237 tia
454 5183 762 5246 sentientis,
812 5186 1076 5250 quomodo
1130 5184 1194 5235 ad
1249 5183 1656 5252 exprimendum
1706 5181 1906 5234 suflicit

337 5255 510 5322 lingua
555 5255 814 5307 dicentis?
844 5253 1012 5324 (Taio,
1045 5268 1120 5317 ιιι,
1155 5252 1251 5316 56;
1284 5251 1465 5322 Greg.,
1509 5251 1698 5305 Morel.
1750 5267 1900 5316 xxiv,

334 5325 388 5388 6,
417 5344 473 5377 ιι.
509 5325 617 5392 10).

403 5395 530 5448 (λιν.
561 5410 666 5450 th.
701 5393 777 5447 De
807 5395 1104 5448 discretione
1129 5394 1334 5462 spiritus
1363 5392 1817 5461 septilormis.—-i.
1847 5394 1901 5445 lu

333 5477 514 5518 tuente
555 5467 790 5519 tidelium
821 5466 1019 5532 primos
1047 5466 1371 5517 ascensionis
1397 5466 1596 5532 gradus
1625 5475 1707 5518 est
1747 5465 1903 5515 timor

335 5535 576 5604 Domini,
621 5537 884 5590 secundus
929 5537 1116 5600 pietas,
1155 5537 1342 5588 tertius
1387 5537 1632 5594 scientia,
1685 5543 1902 5602 quartus

333 5608 602 5676 fortitudo,
628 5607 845 5676 quintus
871 5605 1162 5666 consilium,
1192 5605 1712 5676 sextusintellectus,
1733 5606 1902 5671 septi-

333 5673 452 5741 iuus
479 5673 752 5749 sapientia.
786 5677 945 5733 Isaias
969 5676 1248 5746 propheta,
1275 5676 1326 5730 iu
1348 5673 1560 5731 Christo
1582 5689 1900 5732 enumerans

2036 1755 2178 1807 enim
2224 1755 2466 1809 misereri
2509 1755 2749 1821 proximo
2800 1753 3035 1822 ignorat,
3085 1752 3171 1818 qui
3221 1753 3451 1818 compati
3496 1757 3612 1822 ejus

2036 1825 2468 1878 tribulationibus
2516 1824 2849 1885 dissimulat,
2882 1823 3035 1889 hujus
3082 1822 3237 1875 timor
3279 1832 3404 1875 ante
3435 1825 3612 1876 omni-

2035 1895 2263 1960 potentis
2293 1893 2384 1946 Dei
2427 1895 2611 1947 oculos
2657 1894 2830 1946 nullus
2860 1903 2962 1956 est,
2995 1892 3036 1945 si
3069 1907 3172 1943 non
3201 1893 3506 1945 sublevatur
3544 1893 3610 1946 ad

2035 1966 2304 2031 pietatem.
2351 1963 2454 2017 Sed
2498 1979 2639 2030 saepe
2670 1963 2838 2032 pietas
2883 1978 2975 2030 per
3010 1962 3362 2015 inordinatam
3393 1962 3609 2016 miseri-

2031 2034 2265 2086 cordiam
2293 2049 2476 2088 errare
2517 2037 2670 2096 solet,
2705 2035 2748 2086 si
2793 2032 3018 2086 fortasse
3059 2032 3294 2099 pepercit
3337 2047 3454 2100 quce
3487 2047 3610 2099 par-

2031 2105 2200 2157 cenda
2231 2120 2333 2156 non
2371 2113 2511 2159 sunt.
2549 2104 2766 2157 Peccata
2807 2105 2948 2155 enim
2991 2117 3107 2170 qua:
3157 2102 3302 2155 teriri
3345 2105 3606 2170 geliennm

2032 2174 2239 2242 ignibus
2269 2183 2493 2240 possunt
2520 2174 2814 2236 όίςοιριὶιιω
2854 2183 2976 2226 sunt
3006 2171 3230 2224 verbere
3266 2174 3606 2240 Corrigenda.

2029 2246 2133 2297 Sed
2181 2245 2478 2297 inordinata
2529 2247 2698 2313 pietas
2740 2259 2858 2298 eum
2903 2243 3266 2313 temporaliter
3310 2244 3496 2313 parcit,
3541 2244 3606 2297 ad

2030 2325 2288 2369 aeternum
2327 2310 2645 2380 supplicium
2694 2314 2954 2383 pertralitt
2987 2310 3191 2380 (Greg.,
3241 2326 3276 2364 ιι
3305 2313 3357 2363 in
3391 2311 3604 2375 Ezeclt.,

2029 2383 2166 2437 liam.
2201 2385 2252 2446 7,
2286 2400 2338 2437 n.
2371 2384 2432 2448 7;
2464 2384 2614 2450 Taio,
2657 2382 2729 2448 ιιι,
2760 2382 2873 2450 25).

2098 2453 2151 2505 ‘2.
2190 2453 2257 2508 Ut
2301 2469 2423 2508 vera
2459 2464 2514 2508 et
2547 2455 2791 2508 ordinata
2838 2454 2907 2505 sit
2949 2452 3117 2520 pietas
3155 2451 3219 2505 ad
3263 2451 3483 2516 gradum
3518 2461 3602 2506 est

2028 2523 2186 2575 alium
2219 2523 2559 2577 sublevanda.
2591 2525 2641 2576 id
2668 2537 2768 2586 esr,
2794 2531 2851 2576 ιιι
2875 2524 3007 2576 sciat
3036 2523 3116 2574 vel
3147 2522 3270 2588 quit]
3299 2538 3360 2573 ex
3394 2524 3606 2575 miseri-

2026 2594 2204 2646 cordia
2227 2596 2425 2660 puniat,
2444 2595 2524 2648 vel
2548 2595 2672 2661 quid
2698 2609 2760 2647 ex
2792 2592 3154 2646 misericordia
3174 2593 3334 2662 2'75
3351 2592 3605 2645 dimittat.

2025 2662 2128 2718 Sed
2157 2667 2279 2731 qttid
2305 2666 2346 2716 τι
2370 2665 2500 2718 sciat
2535 2664 2660 2732 quid
2680 2679 2836 2730 agere
2865 2665 3086 2730 quisque
3115 2665 3322 2723 debeat,
3350 2663 3601 2716 virtutem

2025 2748 2152 2786 vero
2178 2733 2362 2800 agendi
2399 2750 2500 2788 non
2530 2736 2753 2788 habeat?
2775 2734 3005 2787 Scientia
3033 2747 3161 2798 ergo
3188 2741 3368 2785 nostra
3393 2744 3602 2785 crescat

2025 2803 2090 2856 ad
2141 2803 2522 2868 lortitudinetn,
2579 2816 2632 2857 ut
2674 2819 2794 2856 cum
2839 2802 2982 2856 videt
3022 2803 3144 2870 quid
3193 2803 3456 2870 agendum
3508 2801 3599 2864 sit,

2025 2888 2183 2942 agere
2213 2889 2305 2941 per
2333 2877 2528 2928 mentis
2557 2875 2919 2927 fortitudinem
2954 2873 3142 2940 possit,
3178 2888 3244 2925 ne
3272 2873 3460 2925 timore
3495 2881 3603 2942 trc-

2025 2946 2189 3011 pidet,
2221 2953 2274 2995 et
2298 2959 2492 3010 pavore
2519 2945 2749 3010 collapsa
2783 2958 2887 2996 non
2921 2945 3095 2995 valeat
3140 2944 3274 2994 bona
3317 2941 3602 3011 defendere

2028 3009 2145 3079 quae
2173 3009 2348 3066 sentit.
2389 3016 2542 3082 Srepe
2586 3009 2858 3079 fortitudo,
2891 3013 2934 3066 si
2979 3011 3273 3080 improvida
3324 3009 3514 3075 fuerit,
3550 3021 3606 3064 et

2029 3084 2203 3135 minus
2249 3093 2432 3138 contra
2479 3084 2603 3138 vitia
2645 3086 3048 3150 circumspecta,
3083 3083 3192 3148 ipsa
3225 3082 3303 3133 siti
3349 3097 3606 3148 praesum-

2026 3153 2206 3219 ptione
2255 3153 2308 3206 in
2347 3169 2529 3208 casum
2564 3158 2686 3208 ruit.
2720 3155 2987 3208 Ascendat
3027 3166 3154 3222 ergo
3193 3155 3258 3204 ad
3299 3154 3605 3215 consilium,

2024 3230 2086 3275 ut
2117 3224 2452 3288 praevidendo
2480 3229 2793 3292 praetnuniat
2822 3239 2980 3277 otnne
3020 3223 3161 3290 quod
3200 3237 3358 3288 agere
3397 3223 3607 3275 fortiter

2027 3301 2219 3356 potest.
2273 3294 2406 3349 Esse
2454 3297 2740 3348 consilium
2793 3309 2898 3346 non
2950 3300 3152 3358 p0test,
3205 3293 3248 3343 si
3301 3293 3599 3345 intellectus

2024 3365 2194 3416 deest.
2227 3363 2356 3430 Quia
2406 3365 2495 3432 qui
2539 3379 2643 3416 non
2690 3362 2930 3426 intelligit
2960 3362 3156 3432 malum
3185 3360 3323 3426 quod
3355 3369 3601 3427 agentem

2020 3443 2227 3498 gravat,
2260 3431 2529 3499 quomodo
2571 3445 2744 3500 potest
2786 3433 2980 3484 bonum
3013 3431 3246 3484 solidare
3274 3433 3413 3496 quod
3445 3433 3599 3498 adju-

2022 3502 2148 3553 vat?
2181 3503 2358 3568 Itaque
2395 3518 2423 3554 a
2465 3504 2690 3556 consilio
2733 3500 3087 3554 ascendamus
3131 3501 3194 3552 ad
3243 3502 3596 3555 intellectum.

2023 3573 2076 3624 Si
2115 3571 2411 3642 intellectus
2443 3588 2634 3642 magno
2664 3575 2876 3640 quidem
2918 3572 3160 3625 acumine
3191 3571 3335 3642 viget
3357 3611 3372 3633 ,
3400 3581 3454 3624 et
3484 3588 3598 3625 mo-

2021 3641 2199 3695 derari
2227 3657 2284 3695 se
2312 3643 2514 3696 nesciat
2539 3641 2642 3711 per
2669 3643 3052 3701 maturitatem.
3077 3643 3144 3694 ab
3170 3641 3439 3711 intellecm
3469 3657 3597 3710 ergo

2020 3715 2340 3781 ascendatur
2377 3713 2442 3766 ad
2487 3710 2829 3779 sapientiam,
2860 3719 2918 3764 ιιι
2949 3712 3048 3764 hoc
3074 3710 3216 3781 quod
3246 3720 3400 3766 acute
3441 3712 3596 3764 intel-

2021 3780 2189 3835 lectus
2238 3782 2438 3852 invenit
2485 3783 2760 3850 sapientia:
2803 3780 3106 3835 maturitate
3151 3781 3285 3852 [.4t.,
3327 3781 3586 3852 sapientia

2021 3851 2246 3923 mature]
2278 3853 2545 3920 disponat.
2576 3853 2713 3919 Quia
2753 3853 2912 3921 igitur
2954 3866 3046 3923 per
3082 3851 3326 3923 timorem
3348 3851 3595 3923 surgitur

2019 3925 2082 3974 ad
2134 3921 2414 3991 pietatem,
2457 3937 2552 3991 per
2602 3925 2849 3988 pietatem
2899 3921 2966 3973 ad
3010 3922 3286 3976 scientiam
3328 3921 3594 3991 ducimur,

2020 4007 2113 4058 per
2136 3989 2414 4046 amentiam
2447 3989 2511 4045 ad
2547 3993 2910 4046 fortitudinem
2945 3993 3282 4054 robor-amur,
3315 4005 3405 4058 per
3435 3989 3592 4044 forti-

2018 4063 2256 4115 tudinem
2305 4062 2370 4116 ad
2409 4063 2694 4116 consilium
2729 4063 3027 4126 tendimus,
3066 4078 3159 4130 per
3202 4062 3481 4114 consilium
3525 4064 3591 4114 ad

2019 4133 2349 4187 intellectum
2381 4136 2790 4200 proﬁciscimur,
2824 4147 2916 4200 per
2957 4133 3280 4186 intellectum
3320 4132 3387 4183 ad
3420 4147 3592 4184 mam-

2017 4200 2224 4255 ritatem
2252 4204 2530 4270 sapientiae
2554 4204 2818 4256 venimus.
2847 4205 3061 4266 Septem
3090 4202 3339 4271 gradibus
3365 4203 3435 4255 ad
3460 4219 3596 4268 por-

2017 4282 2122 4324 tam
2147 4271 2485 4327 ascendimus
2507 4288 2602 4342 per
2623 4287 2783 4342 quam
2815 4273 2969 4326 nobis
2999 4277 3175 4326 aditus
3200 4272 3318 4326 vita:
3341 4273 3594 4340 spirituao

2018 4342 2081 4396 lis
2106 4345 2360 4410 aperitur.

2081 4415 2206 4466 ιὶιιρ.
2249 4429 2338 4466 ω.
2381 4412 2457 4466 De
2477 4413 2632 4466 variis
2651 4414 3058 4482 percussionibus
3084 4413 3282 4466 mundi.
3311 4440 3381 4452 —
3407 4412 3457 4465 -Ι,
3490 4413 3593 4479 Qui

2011 4482 2178 4537 Deum
2226 4485 2456 4552 diligunt
2508 4485 2560 4536 in
2600 4481 2781 4537 mundi
2816 4483 2920 4536 fine
2955 4483 3040 4537 vel
3071 4481 3418 4549 percussione
3465 4498 3598 4550 gau-

2008 4554 2138 4608 dere
2178 4563 2334 4622 atque
2365 4553 2684 4607 liilarescere
2710 4554 2988 4620 jubentur,
3018 4555 3141 4621 quia
3173 4552 3424 4604 videlicet
3469 4570 3598 4606 eum

2008 4639 2165 4691 quem
2197 4635 2381 4677 amant
2402 4640 2522 4678 mox
2551 4624 2844 4688 inveniunt,
2870 4625 2998 4674 dum
3023 4623 3212 4674 transit
3236 4625 3279 4674 is
3305 4638 3460 4687 quem
3487 4639 3598 4676 non

2009 4704 2341 4751 amaverunt.
2392 4695 2544 4747 Absit
2603 4709 2669 4747 ne
2719 4693 2887 4747 fidelis
2939 4694 3166 4759 quisque
3211 4693 3374 4745 Deum
3408 4693 3594 4747 videre

2007 4779 2113 4816 non
2161 4764 2452 4827 desideret,
2481 4774 2535 4816 et
2567 4764 2632 4817 de
2680 4765 2858 4815 mundi
2908 4763 3340 4829 percussionibus
3386 4764 3589 4831 lugeat,

2008 4849 2166 4901 quem
2204 4835 2339 4889 liniri
2372 4834 2559 4887 iisdem
2591 4834 2723 4901 ipsis
2754 4834 3188 4901 percuss'ionibus
3219 4848 3323 4885 non
3357 4834 3587 4901 ignorat.

2010 4908 2084 4958 Ex
2116 4907 2294 4958 mundi
2323 4905 2690 4958 destructione
2721 4905 2900 4970 lugere
2935 4918 3122 4956 eorum
3150 4912 3233 4956 est
3258 4903 3345 4968 qui
3380 4905 3593 4958 radices

2006 4977 2182 5028 cordis
2217 4977 2266 5027 in
2295 4975 2412 5042 ejus
2459 4987 2642 5026 amore
2693 4972 3086 5041 plantaverunt,
3138 4973 3226 5041 qui
3271 4985 3594 5039 sequentem

2009 5047 2171 5098 vitam
2206 5060 2308 5099 non
2348 5053 2614 5112 qimrunt,
2640 5045 2727 5110 qui
2764 5044 2902 5096 illam
2935 5058 3111 5110 neque
3141 5057 3260 5096 esse
3297 5046 3580 5111 saepican—

2006 5124 2114 5170 tur.
2156 5115 2280 5180 Nos,
2329 5114 2417 5184 qui
2451 5115 2536 5167 illa
2567 5114 2801 5168 caelestis
2832 5115 3018 5179 patriae
3041 5115 3230 5182 gaudia
3269 5123 3466 5184 aeterna
3498 5128 3590 5166 eo-

2004 5189 2306 5254 gnovimns,
2351 5183 2603 5238 festinare
2660 5186 2724 5237 ad
2776 5201 2890 5238 eam
2945 5186 3260 5251 quantocius
3301 5183 3584 5238 debemus.

2004 5257 2302 5324 Optandum
2337 5257 2488 5308 nobis
2517 5263 2600 5308 est
2627 5255 2784 5308 citius
2814 5269 3058 5324 pergere,
3101 5267 3260 5324 atque
3316 5254 3381 5306 ad
3439 5254 3581 5306 illam

2006 5323 2164 5378 vitim
2219 5326 2471 5378 felicitate
2515 5335 2822 5393 perpetuam
2882 5323 3160 5393 pervenire
3190 5323 3364 5393 (Taio,
3395 5338 3447 5388 v,
3477 5325 3583 5390 ‘24;

2004 5395 2186 5465 Greg..
2216 5412 2227 5448 t
2255 5397 2309 5447 in
2340 5395 2562 5465 Evang.,
2592 5396 2731 5449 hom.
2768 5396 2820 5460 l,
2852 5413 2902 5448 n.
2930 5393 3010 5460 5).

2072 5464 2202 5519 (λιιι.
2245 5481 2350 5519 ut.
2396 5467 2470 5518 De
2489 5464 2695 5519 Iudaici
2717 5467 2892 5532 populi
2917 5467 3057 5518 circa
3084 5464 3261 5516 niundi
3283 5464 3438 5532 ﬁnem
3459 5479 3584 5516 con.

2001 5536 2247 5589 versione.
2266 5563 2336 5576 —
2359 5538 2402 5590 Ι.
2431 5535 2623 5591 Sancta
2665 5534 2922 5600 Ecclesia,
2949 5539 3002 5588 in
3029 5536 3276 5604 primitiis
3308 5536 3419 5588 suis
3448 5537 3585 5588 mulo

2005 5609 2225 5660 titudine
2255 5610 2487 5674 gentium
2523 5607 2924 5667 lecundata,vix
2953 5607 3003 5658 in
3034 5606 3215 5659 mundi
3241 5607 3344 5658 line
3366 5604 3586 5658 Judatos

2001 5692 2136 5747 quos
2185 5679 2446 5734 invenerit
2490 5677 2771 5747 suscipiet.
2815 5685 2871 5732 et
2903 5687 3143 5734 extrema
3173 5677 3450 5747 colligens,
3483 5691 3585 5731 eos-
