4084 6160
369 334 504 390 “93

1246 332 1535 389 APPEND.
1581 334 1673 389 IX.
1715 362 1787 376 --
1826 332 2363 390 SENTENTIARUM
2405 333 2604 388 LIBER
2651 334 2733 386 IV.

3484 338 3611 394 ιιιιι

364 442 690 524 paenitentia:
719 442 933 524 vulnera
963 440 1173 524 infligit.
1210 442 1935 524 In‘proverhiij‘Salomonis
1967 448 2008 504 Α
2043 445 2247 524 cautela
2283 454 2461 497 nostra
2512 445 2725 524 gravius
2771 460 3030 499 erramus.
3070 448 3378 524 lniquorum
3426 453 3619 519 gloria,

364 512 617 581 Scriptum
648 521 728 564 est
754 530 768 567 :
800 512 947 565 Livor
976 513 1198 566 vulneris
1229 514 1466 584 abstfrgit
1496 515 1658 584 278
1690 516 1855 576 mala,
1886 524 1935 584 et

363 584 530 653 plaga:
572 584 623 635 in
668 584 1014 653 secretioribus
1062 584 1247 635 ventris
1293 582 1475 642 (Prov.
1502 582 1755 650 ἱοὶῖδιι).
1799 583 1933 637 Mala

364 651 503 707 enim
535 654 666 706 livor
697 651 927 705 vulneris
958 653 1235 719 ahstergit,
1263 654 1384 721 quia
1418 654 1749 721 ﬂagellorum
1781 653 1937 705 dolor

364 725 444 777 vel
492 723 749 787 Cogitatas
781 724 858 775 vel
904 731 1231 789 perpetratas
1282 724 1543 789 teequitias
1588 724 1767 777 diluit.
1802 724 1933 777 Cum

364 794 600 847 exterius
631 794 976 859 percutiatur,
1007 792 1072 845 ad
1106 800 1445 861 peccatorum
1480 802 1787 846 nostrorum
1824 809 1935 845 me-

365 865 585 921 moriam
612 862 754 915 taciti
790 863 1078 932 alﬂictique
1105 877 1439 928 revocamur,
1467 872 1630 932 atque
1653 872 1777 917 ante
1804 878 1935 916 ocu-

365 935 443 985 los
480 944 691 987 nostros
719 941 910 986 cuncta
941 949 1058 999 qua:
1085 947 1112 984 a
1146 932 1297 986 nobis
1328 944 1449 985 sunt
1483 935 1623 986 male
1654 943 1802 1001 gesta
1837 949 1935 989 re-

365 1003 637 1064 ducimus;
661 1012 716 1056 et
740 1017 833 1069 per
857 1002 956 1054 hoc
983 1003 1122 1070 quod
1153 1002 1294 1055 foras
1319 1006 1569 1069 patimur,
1598 1004 1767 1071 magis
1793 1002 1936 1058 intus

366 1072 505 1140 quod
536 1072 755 1127 fecimus
786 1072 1045 1126 dolemus.
1080 1071 1230 1127 Unde
1259 1072 1315 1124 lit.
1344 1081 1401 1125 ιιι
1434 1073 1570 1127 inter
1598 1082 1780 1140 aperta
1814 1075 1935 1126 vul-

366 1159 492 1198 nera
525 1144 764 1210 corporis
788 1143 1011 1209 amplius
1046 1157 1144 1195 nos
1181 1143 1360 1195 abluat
1391 1143 1540 1211 plaga
1571 1151 1774 1196 secreta
1808 1159 1936 1197 ven-

368 1214 482 1273 tris,
508 1213 629 1279 quia
665 1221 816 1267 sanat
849 1212 1110 1281 nequitias
1143 1214 1288 1280 pravi
1314 1213 1490 1279 operis
1520 1213 1785 1266 occultum
1820 1216 1935 1267 vul-

366 1298 465 1337 nus
490 1283 711 1337 doloris.
738 1281 1067 1335 Admonendi
1089 1292 1211 1336 sunt
1232 1284 1360 1349 αιςτί
1383 1291 1645 1351 quatenus
1670 1283 1937 1348 patientia:

365 1356 615 1407 virtutem
660 1361 905 1417 servent,
938 1362 993 1404 ut
1023 1351 1353 1406 incessanter
1384 1364 1576 1421 quanta
1611 1352 1938 1420 Redemptor

364 1424 432 1477 ab
462 1424 545 1476 his
574 1438 707 1491 quos
728 1430 1002 1476 creaverat
1034 1422 1245 1487 pertulit
1272 1423 1406 1475 mala
1437 1421 1800 1476 considerent.
1826 1424 1937 1477 Cur

364 1493 543 1561 itaque
571 1508 820 1560 asperum
862 1492 1098 1545 creditur
1128 1502 1238 1545 uta
1274 1493 1382 1547 Deo
1416 1495 1574 1545 homo
1619 1495 1810 1546 toleret
1840 1494 1936 1547 lia-

365 1564 501 1631 gella
549 1577 645 1629 pro
686 1562 861 1624 malis,
889 1562 931 1614 si
982 1562 1118 1615 licus
1157 1562 1223 1615 ab
1254 1563 1499 1614 omnibus
1530 1572 1675 1615 tanta
1720 1565 1937 1626 pertulit

366 1635 503 1686 mala
543 1647 639 1700 pro
672 1632 859 1686 bonis?
894 1634 994 1684 Aut
1020 1632 1138 1698 quis
1166 1648 1290 1684 sana
1331 1632 1685 1699 intelligentia
1716 1633 1782 1686 de
1815 1648 1935 1701 per-

368 1704 610 1756 cussione
633 1717 725 1756 sua
751 1703 986 1773 ingratus
1008 1712 1201 1765 exstet,
1227 1704 1271 1755 si
1304 1703 1416 1769 ipse
1441 1703 1564 1757 hinc
1590 1702 1705 1758 sine
1727 1703 1934 1773 ﬂagello

368 1789 469 1826 non
500 1773 659 1838 exiit,
684 1773 770 1842 qui
804 1771 922 1825 sine
954 1781 1172 1837 Deccato
1199 1773 1369 1825 vixit?

433 1844 559 1896 Car.
588 1859 706 1895 Litv.
741 1842 816 1894 De
846 1844 1105 1904 brevitate,
1141 1843 1216 1895 rel
1258 1842 1462 1896 miseria
1492 1842 1608 1894 vita:
1652 1844 1938 1909 prwsentis.

369 1913 508 1965 --I.
541 1912 676 1976 Quid
725 1922 849 1965 sunt
899 1913 1142 1965 nationes
1191 1913 1244 1965 in
1296 1913 1513 1974 mundo,
1546 1914 1647 1967 nisi
1696 1915 1856 1967 liores
1886 1914 1938 1967 iit

367 1983 922 2050 rampo‘t'l‘endamus
953 1984 1137 2036 oculos
1184 1982 1358 2035 cordis
1406 1982 1457 2035 in
1514 1982 1610 2035 hac
1663 1983 1941 2039 latitudine

366 2055 894 2123 mundiipraesentis,
936 2064 986 2105 et
1026 2066 1151 2105 ecce
1198 2054 1350 2119 quasi
1396 2062 1472 2106 tot
1521 2052 1771 2115 tioribus,
1813 2063 1943 2123 quot

365 2122 693 2185 hominibus,
723 2124 914 2190 plenus
948 2132 1049 2176 est.
1087 2122 1197 2175 \‘ita
1231 2124 1410 2189 itaque
1451 2124 1505 2177 in
1552 2137 1714 2177 carne
1742 2122 1839 2177 llos
1886 2124 1939 2178 itt

365 2195 487 2248 l'eno
514 2203 618 2249 est.
651 2192 801 2247 [inde
831 2192 970 2247 bene
1000 2208 1092 2257 per
1118 2192 1452 2246 Psalmistam
1482 2192 1711 2246 dicitur:
1748 2193 1935 2259 Homo,

364 2267 490 2317 sicut
520 2266 697 2330 [unum
736 2264 864 2333 dies,
890 2263 1021 2331 ejus,
1057 2270 1101 2315 et
1131 2262 1259 2315 sicut
1308 2264 1405 2331 [los
1452 2264 1593 2333 agri,
1616 2263 1698 2333 ita
1742 2266 1940 2333 ﬂorebit

362 2335 539 2401 (Psat.
566 2349 662 2399 ctt,
692 2334 804 2401 15).
828 2332 1016 2387 Carnis
1050 2347 1146 2384 nos
1173 2334 1413 2386 viritlitas
1437 2332 1690 2396 ostendit,
1720 2332 1811 2386 sed
1837 2335 1937 2387 ari-

361 2400 501 2460 ditas
532 2404 865 2475 pulverisab
896 2404 1201 2470 aspectibus
1250 2403 1509 2475 retrahit.
1526 2404 1689 2469 Quasi
1722 2405 1819 2456 llos
1851 2418 1945 2471 ap-

366 2472 664 2545 paruimtts,
694 2473 783 2535 qui
836 2488 939 2527 non
993 2488 1238 2545 eramus;
1279 2474 1427 2538 quasi
1482 2472 1579 2545 llos
1628 2475 1940 2539 arescimus,

362 2542 452 2613 qui
487 2546 855 2612 temporaliter
876 2544 1296 2611 appareltamus;
1327 2552 1380 2595 et
1406 2542 1526 2609 quia
1560 2558 1654 2610 per
1678 2556 1945 2598 momenta

366 2617 528 2670 homo
559 2614 797 2685 quotidie
843 2614 1187 2685 contieliit‘u‘r
1216 2614 1279 2685 ad
1325 2623 1586 2685 mortem,
1607 2625 1750 2667 recte
1797 2613 1851 2666 in
1886 2615 1946 2666 li-

364 2686 461 2740 bro
490 2678 630 2740 beati
670 2684 771 2739 .Iob
813 2678 1049 2738 dicitur:
1082 2681 1279 2752 E/I'ugit
1314 2683 1450 2752 velut
1482 2683 1689 2752 umbra,
1728 2696 1772 2735 et
1812 2700 1947 2736 mm-

362 2773 515 2824 quam
545 2758 596 2809 in
618 2757 792 2809 eodem
818 2764 957 2808 statu
986 2763 1242 2823 permanet
1273 2751 1393 2824 (Job
1420 2751 1633 2824 xiv,2).
1668 2752 1836 2806 lIomo
1857 2752 1947 2807 hic

363 2823 576 2881 vivendi
610 2825 749 2880 vires
778 2825 843 2879 ad
887 2824 1153 2878 modicum
1183 2823 1408 2891 accipit,
1436 2829 1494 2875 ut
1533 2823 1585 2875 in
1630 2833 1943 2890 perpetuum

366 2906 633 2960 transeat,
667 2895 755 2950 ubi
800 2896 918 2962 eius
966 2896 1131 2948 vitam
1168 2897 1445 2962 terminus
1491 2908 1597 2946 non
1641 2894 1943 2949 concludat.

366 2966 474 3021 Sed
527 2970 577 3020 in
630 2965 729 3019 hac
778 2964 1079 3023 brevitate.
1128 2961 1213 3015 ubi
1264 2964 1546 3017 roboratus
1586 2972 1699 3024 est,
1744 2964 1950 3031 colligit

364 3037 509 3092 unde
540 3038 592 3090 in
638 3032 993 3105 perpetuitate
1035 3033 1305 3097 inveniat,
1336 3034 1422 3087 vel
1465 3041 1522 3085 ut
1564 3048 1949 3105 sempcr__gau-

364 3108 509 3172 deat,
540 3103 711 3161 velut
742 3103 995 3173 'suscepta
1045 3105 1309 3173 supplicia
1362 3118 1466 3156 non
1518 3103 1727 3173 evadat.
1771 3103 1943 3158 Omne

364 3177 510 3246 quod
558 3178 750 3231 transit
790 3172 953 3230 breve
982 3172 1298 3246 est,etiam
1330 3173 1377 3227 si
1428 3172 1627 3226 tardius
1669 3177 1941 3228 terminari

364 3244 629 3301 videatur.
663 3248 717 3299 In
747 3246 935 3299 mortis
961 3253 1139 3299 autem
1168 3244 1383 3303 semita,
1410 3257 1506 3312 per
1539 3259 1695 3310 quam
1730 3260 1833 3298 nun
1862 3260 1948 3299 re-

364 3331 658 3381 vertemur,
685 3316 1040 3377 ambulamus,
1068 3332 1169 3369 non
1195 3314 1340 3382 quod
1367 3317 1432 3367 ad
1460 3316 1619 3368 vitam
1644 3315 1821 3369 carnis
1849 3314 1948 3368 tui~

367 3388 513 3465 ninte
555 3387 890 3465 resurgendo
937 3383 1388 3465 reduci-tnurhsed
1430 3384 1570 3465 quod
1618 3384 1685 3465 ad
1737 3386 1945 3465 labores

376 3457 539 3527 hujus
583 3453 1021 3521 vitas'mortalis,
1056 3456 1196 3509 velut
1225 3453 1292 3527 a‘d
1342 3453 1702 3527 Conquirentla
1754 3456 1946 3527 labori-

365 3521 466 3580 bus
497 3529 737 3596 pnrmia,
769 3529 957 3581 iterum
996 3525 1378 3596 non_venimus
1426 3521 1603 3596 (Greg.
1630 3524 1943 3596 digl'al.}l,

365 3595 454 3659 50,
496 3593 548 3650 ιι.
575 3598 665 3662 b7;
687 3596 847 3660 Taio,
872 3611 952 3659 Ill,
983 3596 1048 3657 5;
1080 3593 1233 3664 Greg.
1268 3593 1459 3645 Μαι-ιιι.
1495 3609 1607 3661 xm,
1638 3593 1727 3655 9.7,
1753 3612 1807 3645 ιι.
1831 3593 1943 3660 5t).

435 3665 492 3720 2.
525 3668 623 3731 Qui
672 3669 974 3722 considerat
1003 3667 1174 3735 qualis
1202 3666 1303 3718 erit
1334 3664 1386 3717 in
1420 3678 1860 3735 morte,_semper
1892 3667 1948 3717 lit

368 3736 585 3791 timidus
615 3738 665 3790 in
697 3731 1043 3805 operatione;
1076 3746 1235 3804 atque
1265 3735 1405 3786 ttnde
1436 3731 1487 3786 in
1519 3733 1817 3805 oculissuis
1837 3736 1944 3797 jam

367 3808 518 3876 quasi
566 3823 669 3860 non
704 3803 868 3869 vivit,
900 3806 1023 3873 inde
1055 3803 1316 3859 veraciter
1347 3807 1401 3858 in
1434 3803 1600 3876 oculis
1629 3804 1709 3857 sui
1740 3805 1947 3876 condi-

371 3872 501 3931 toris
531 3878 680 3931 vivil.
712 3876 852 3930 Nihil
876 3872 1016 3943 quod
1051 3884 1287 3929 transeat
1310 3876 1537 3943 appetit.
1564 3872 1781 3926 Cunctis
1814 3889 1945 3939 prie-

368 3948 537 4002 sentis
564 3948 685 4001 vita:
714 3945 995 4001 desideriis
1039 3946 1385 4008 contradicit;
1421 3956 1478 3998 et
1510 3958 1643 4010 pene
1673 3951 1944 3997 mortuum

370 4031 433 4071 se
462 4019 797 4083 considerat,
830 4017 951 4083 quia
982 4028 1042 4069 se
1090 4016 1399 4069 moriturum
1452 4013 1673 4068 minime
1715 4013 1944 4080 ignorat.

371 4087 614 4142 Perfecta
643 4090 750 4141 vita
782 4096 864 4139 est
894 4086 1080 4139 mortis
1106 4086 1413 4150 meditatio;
1445 4097 1605 4153 quam
1649 4084 1775 4136 dum
1814 4083 1944 4149 juSti

370 4160 603 4212 sollicite
636 4165 913 4225 peragunt,
944 4159 1220 4221 culparum
1256 4152 1473 4219 laqueos
1504 4152 1761 4207 evadunt.
1796 4153 1946 4208 Unde

371 4228 624 4295 scriptum
650 4237 770 4282 est:
801 4225 825 4277 1
834 4244 863 4276 ιι
896 4227 1126 4277 omnibus
1155 4226 1385 4294 apertbus
1415 4225 1515 4277 tuis
1544 4239 1829 4295 memorare
1860 4239 1947 4276 no-

372 4293 575 4350 vissima
604 4305 694 4348 tua
714 4338 728 4358 ,
756 4306 806 4349 ει
833 4297 886 4348 in
916 4306 1163 4348 retentum
1189 4293 1296 4347 non
1349 4296 1573 4360 peccabis
1620 4293 1811 4359 (Eccli.
1840 4308 1942 4357 vn,

372 4368 491 4434 40).
520 4369 927 4432 Quantumlibet
972 4366 1184 4434 longum
1233 4368 1390 4417 luerit
1419 4376 1626 4432 tempus
1665 4364 1943 4431 praesentis

373 4437 520 4506 vitas,
547 4453 610 4491 eo
643 4441 756 4506 ipso
788 4438 947 4490 breve
975 4447 1089 4500 est,
1121 4436 1260 4503 quod
1310 4450 1629 4506 permanens
1688 4452 1791 4487 non
1833 4444 1937 4506 est.

374 4501 555 4577 Neque
582 4501 724 4561 enim
753 4508 967 4575 dignum
987 4515 1081 4577 est
1113 4501 1171 4558 ut
1192 4501 1458 4577 diutinum
1492 4504 1763 4577 judicetur
1792 4505 1945 4570 quid-

372 4574 503 4645 quid
534 4577 635 4631 line
665 4574 1149 4631 circumscribitur.
1185 4575 1241 4629 Si
1270 4578 1411 4628 enim
1456 4574 1730 4629 subtiliter
1768 4578 1948 4628 consi-

374 4650 595 4701 deretur
623 4664 781 4701 omne
820 4646 963 4715 quod
1017 4645 1099 4698 hic
1147 4646 1340 4713 agitur,
1376 4659 1532 4712 poena
1572 4645 1803 4697 misetiae
1841 4653 1945 4697 est.

377 4720 480 4785 Ipsi
510 4718 706 4773 etenim
732 4716 1055 4786 corruptioni
1082 4717 1259 4769 carnis
1290 4716 1493 4769 servire
1531 4715 1607 4786 ad
1645 4717 1948 4768 necessaria

376 4784 538 4856 atque
568 4803 844 4844 concessa.
877 4784 1091 4841 miseria
1125 4795 1238 4847 est,
1275 4795 1330 4838 ιιι
1357 4798 1540 4838 contra
1586 4784 1749 4852 frigus
1784 4794 1951 4835 vesti-

377 4868 583 4922 menta,
610 4869 795 4912 contra
824 4856 1019 4911 famem
1066 4856 1353 4923 alimenta,
1386 4865 1571 4909 contra
1618 4868 1809 4908 atstutzt
1862 4856 1952 4906 frt-

384 4944 410 5000 ζ
453 4946 505 4981 ra
541 4928 895 5000 requirantur.

452 5000 504 5052 5.
558 4993 719 5051 multa
769 4997 976 5052 cautela
1014 4995 1315 5051 custoditur
1361 4993 1507 5047 salus
1554 4999 1819 5062 corporis,
1856 4994 1952 5049 sed

380 5070 695 5137 plerumque
739 5069 899 5121 etiam
947 5066 1204 5121 custodita
1237 5064 1396 5135 279
1438 5064 1720 5128 amittitur,
1754 5065 1953 5118 atttissa

376 5154 501 5191 cum
534 5140 683 5206 gravi
727 5139 907 5192 labore
934 5146 1294 5205 comparatur,
1325 5144 1416 5187 aut
1454 5144 1752 5201 reparatur,
1783 5146 1840 5189 et
1872 5142 1955 5188 ta-

382 5224 508 5262 tnen
552 5216 793 5277 reparata
824 5222 1036 5276 semper
1083 5209 1131 5260 in
1162 5206 1324 5260 dubio
1352 5215 1647 5277 permanet.
1686 5206 1822 5271 Quid
1853 5212 1957 5259 hoc

385 5277 533 5332 aliud
560 5293 717 5347 quam
747 5282 985 5332 mortalis
1008 5279 1131 5331 vita:
1161 5277 1371 5329 miseria
1396 5276 1510 5330 est?
1542 5277 1794 5347 Amemus
1820 5291 1958 5333 amt-

383 5363 501 5420 cos,
530 5344 761 5420 suspecti
798 5364 865 5403 ne
910 5346 1156 5420 [Al.,qt_ti
1205 5344 1567 5416 suspectione]
1615 5347 1809 5420 ollendi
1858 5362 1957 5399 va-

386 5419 552 5473 leant.
582 5417 950 5473 Formidamtis
979 5417 1245 5481 inimicos,
1271 5427 1428 5484 atque
1455 5418 1629 5472 securi
1650 5419 1718 5471 de
1740 5417 1818 5471 eis
1848 5431 1952 5469 non

382 5503 593 5555 sumus,
613 5491 794 5556 utique
820 5503 954 5556 quos
976 5486 1341 5542 formidamus.
1370 5488 1692 5556 Plerumque
1722 5486 1955 5541 inimicis

383 5562 466 5613 sic
510 5559 841 5614 conﬁdenter
883 5561 1032 5625 quasi
1080 5556 1266 5611 amicis
1296 5559 1580 5627 loquimur.
1615 5560 1681 5611 Et
1712 5571 1957 5610 nonnun-

383 5647 548 5699 quam
580 5646 712 5700 pura
751 5630 911 5686 verba
941 5632 1331 5697 proximorum.
1367 5641 1421 5688 et
1447 5634 1674 5688 multum
1718 5646 1818 5686 nos
1848 5630 1958 5682 l'or-

392 5713 538 5755 tasse
565 5700 928 5772 diligentiam,
957 5705 1111 5770 quasi
1140 5703 1301 5756 verba
1349 5703 1673 5772 suscipimus
1707 5700 1956 5757 inimico-

391 5787 531 5825 rum.
575 5770 637 5826 Et
666 5772 755 5839 qui
796 5770 903 5825 falli
939 5786 1216 5840 nunquam
1253 5772 1334 5827 vel
1372 5770 1557 5829 fallere
1596 5772 1864 5834 volumus,
1894 5785 1956 5823 ex

668 5865 934 5925 ΡΑτιιοῐ..
977 5865 1309 5929 LXXXIII.

1972 3133 2020 3197 C

1974 4481 2021 4541 D

2040 528 2160 586 cum
2198 515 2507 581 plerumque
2558 515 2607 565 iu
2652 530 2920 586 annorum
2974 519 3317 572 multitudine
3360 515 3617 586 tenditur,

2039 584 2109 637 ab
2138 585 2465 656 inﬁrmorum
2498 584 2919 656 mentibus-esse
2950 587 3127 656 longa,
3163 597 3214 639 et
3262 593 3414 656 quasi
3449 584 3618 644 stulti;

2044 655 2107 706 lis
2152 653 2468 708 a'stimatur.
2501 654 2605 709 Sed
2636 670 2755 707 cum
2787 653 3095 720 repentinus
3130 653 3421 712 hanc'ﬁnis
3458 664 3485 713 i;
3515 672 3622 713 ιρι·-

2040 724 2432 795 (ίρίινῃιιυνριη
2458 725 2640 791 procul
2666 725 2827 779 dubio
2852 726 3019 780 fIIISSt‘.
3046 728 3337 795 redarguit.
3368 734 3618 795 tl'"mium

2042 794 2161 868 lin's
2183 794 2545 868 delet-minatis
2571 796 2857 850 innotescit
2884 800 3004 865 quia
3037 800 3177 867 quod
3216 794 3493 867 prseterire
3528 818 3609 868 ιιυο

2044 866 2140 915 ιιιίι
2176 864 2439 917 modicum
2473 864 2589 917 fuit.

2109 933 2236 988 CAP.
2273 949 2413 988 LXVI.
2466 933 2541 990 De
2584 946 2746 990 morte
2790 937 3039 1003 corporis.
3075 939 3221 990 νυνι.
3257 936 3464 992 Prmlixi
3510 944 3626 997 dies

2040 1004 2108 1075 ab
2132 1004 2361 1075 interna
2390 1004 2480 1057 Dei
2535 1009 2864 1071 prmscirntia
2901 1021 2999 1060 nec
3039 1012 3216 1075 augeri
3254 1021 3496 1073 possunt,
3527 1030 3624 1067 nec

2040 1074 2229 1145 minui,
2266 1072 2362 1127 nisi
2395 1075 2659 1142 contingat
2688 1086 2742 1128 ιιι
2770 1079 2838 1129 ita
2873 1072 3239 1145 prtesciatitur,
3286 1088 3344 1131 ιιι
3381 1095 3468 1131 aut
3498 1097 3619 1135 eum

2039 1144 2259 1215 optimis
2290 1145 2541 1215 operibus
2592 1144 2883 1215 longiores
2914 1148 3039 1209 sint,
3073 1157 3166 1201 aut
3205 1164 3323 1200 cum
3379 1164 3500 1215 pe~s
3525 1155 3624 1204 mis

2040 1213 2338 1287 breviores.
2366 1213 2517 1287 Sicut
2541 1213 2797 1270 Ezechias
2825 1227 3166 1287 augmentum
3196 1213 3405 1273 dierum
3432 1232 3626 1276 ntermt

2041 1283 2374 1350 impensio‘ne
2397 1283 2782 1354 lacrymarum,
2812 1299 2866 1340 et
2899 1283 3045 1340 'sicnt
3070 1288 3138 1341 de
3185 1291 3449 1354 perversis
3489 1297 3621 1343 scri-

2040 1366 2186 1419 ptum
2223 1362 2306 1427 est
2336 1370 2348 1405 ε
2383 1350 2796 1420 Iudiiciplinutis
2847 1358 3012 1409 obviat
3060 1350 3216 1411 mors.
3252 1360 3441 1423 Omne,
3480 1364 3621 1427 quod

2038 1423 2335 1496 secundum
2383 1439 2620 1496 prmsetts
2656 1426 2936 1481 stecnlmn
2964 1428 3288 1487 laboramus.
3326 1432 3409 1483 vix
3457 1423 3625 1496 usque

2036 1493 2102 1545 ad
2135 1504 2362 1547 mortem
2405 1494 2622 1549 sufficit.
2672 1497 2812 1550 Mors
2845 1511 3072 1563 namque
3114 1499 3476 1553 ἱιιιιιινμιιὶθιιδ
3509 1493 3622 1553 ἤδη·

2036 1572 2179 1636 ctum
2212 1563 2379 1636 nostri
2409 1564 2607 1636 laboris
2654 1566 2899 1620 abscidit.
2933 1568 3084 1630 Quod
3129 1584 3255 1622 vero
3288 1584 3385 1636 pio
3424 1582 3622 1624 ιιιιιιινιιιι

2039 1632 2143 1686 vita
2173 1633 2367 1707 agitur,
2397 1634 2559 1707 etiam
2590 1646 2707 1707 post
2736 1645 2960 1689 mortem
2986 1647 3262 1701 servatur;
3289 1632 3344 1692 et
3377 1649 3501 1691 tunc
3531 1658 3626 1707 ap-

2040 1717 2229 1778 parere
2261 1703 2465 1778 incipit,
2489 1720 2607 1778 cum
2639 1705 2877 1778 lahormu
2902 1708 3195 1761 carnalium
3223 1709 3423 1762 l‘rttctus
3448 1703 3627 1778 cmpe-

1970 1788 2016 1847 Β
2044 1772 2114 1847 rit
2158 1788 2262 1827 non
2296 1774 2487 1847 videri.
2521 1774 2593 1847 lbi
2635 1791 2765 1844 ergo
2815 1777 2905 1847 illa
2939 1778 3222 1831 retributio
3269 1780 3502 1844 inchoat,
3536 1772 3625 1834 ubi

2042 1844 2141 1896 ista
2179 1844 2513 1896 terminatur.
2551 1846 2744 1899 Horam
2788 1846 2941 1899 nobis
2972 1848 3211 1901 ultimam
3252 1849 3503 1903 Domiutts
3533 1868 3630 1903 nn-

2042 1920 2155 1967 ster
2176 1913 2375 1984 idcirco
2398 1914 2562 1967 voluit
2592 1931 2711 1970 esse
2742 1917 3063 1983 incognitam
3093 1959 3107 1980 ,
3141 1929 3196 1972 ut
3228 1934 3443 1984 semper
3476 1937 3626 1975 tuens

2042 1983 2212 2050 possit
2263 1998 2380 2038 esse
2428 1993 2699 2055 suspecta,
2731 1994 2782 2038 et
2823 1986 2949 2038 dum
2989 1988 3128 2040 illam
3185 1991 3475 2055 pratvidere
3521 2006 3625 2043 non

2045 2068 2350 2121 possumus,
2384 2053 2449 2107 ad
2486 2053 2630 2107 illam
2663 2055 2781 2108 sine
2813 2057 3154 2110 intermissio!
3177 2053 3208 2111 e
3248 2074 3622 2123 [Ira-paremur,

2042 2125 2165 2191 quia
2198 2131 2439 2195 venturae
2468 2127 2657 2181 mortis
2685 2134 2893 2192 tempus
2920 2126 3246 2194 ignoramus,
3270 2138 3322 2180 et
3347 2138 3464 2195 post
3487 2146 3627 2182 titur-

2046 2201 2150 2247 tem
2172 2194 2384 2259 operari
2411 2208 2515 2247 non
2544 2209 2860 2262 possumus;
2886 2206 3135 2262 superest
3158 2206 3213 2250 ut
3246 2194 3368 2252 ante
3400 2210 3625 2252 mortem
3676 2218 3689 2225 ·

2046 2272 2285 2332 tempora
2320 2264 2519 2317 indulta
2567 2267 2855 2332 rapiamus.
2907 2267 2997 2321 Sic
3040 2268 3184 2320 enim
3206 2306 3221 2331 ,
3250 2270 3328 2321 sic
3356 2284 3498 2322 mors
3528 2270 3628 2323 ista

2044 2347 2165 2405 cum
2199 2335 2406 2387 venerit
2431 2333 2681 2399 vincitur,
2710 2336 2752 2389 si
2787 2338 3095 2405 priusquam
3125 2340 3327 2391 venerit
3357 2339 3623 2393 timeatur.

2045 2402 2375 2469 Redemptor
2397 2413 2585 2474 noster
2626 2402 2861 2474 suscepit
2891 2402 3141 2473 martem,
3173 2422 3241 2461 ne
3267 2410 3403 2462 mori
3436 2410 3628 2462 timea-

2046 2490 2186 2548 mus_.
2207 2473 2452 2548 Ostendit
2466 2473 2944 2548 resurrectionem,
2965 2487 3020 2530 ut
3042 2492 3139 2531 nos
3168 2492 3448 2548 resurgere
3470 2495 3629 2546 P0353

2045 2541 2380 2613 Conﬁdamus
2427 2544 2609 2613 (Greg.
2660 2545 2850 2600 Horat.
2882 2562 2977 2612 xit,
3003 2547 3093 2608 52.
3133 2565 3186 2600 η.
3228 2541 3349 2613 ὃὸξ
3368 2541 3516 2613 Ταὶὸ.
3546 2566 3627 2610 ιιι.

2047 2612 2148 2690 Si;
2179 2612 2359 2690 διες..
2394 2614 2511 2690 Itin
2554 2612 2779 2690 ζςυαιιῃη
2810 2617 3067 2690 Itoni.27,
3099 2618 3223 2690 n._5;
3255 2632 3270 2671 I
3310 2619 3366 2671 in
3403 2619 3627 2690 lavangq

2047 2681 2186 2736 hom.
2224 2682 2305 2744 l5,
2340 2700 2393 2736 ιι.
2430 2682 2521 2749 l6;
2558 2681 2748 2738 Mardi.
2780 2702 2868 2751 xv,
2894 2688 2989 2751 55,
3025 2703 3082 2739 tt.
3115 2681 3229 2751 68).

2122 2751 2177 2805 ‘2.
2211 2751 2364 2807 Unde
2392 2764 2446 2808 et
2475 2755 2719 2809 eamdem
2748 2767 2973 2810 mortem
2998 2772 3101 2812 non
3127 2760 3404 2825 plusquam
3436 2757 3631 2813 tridua-

2050 2837 2171 2893 nam
2201 2838 2321 2893 esse
2353 2825 2542 2890 voluit,
2576 2840 2642 2878 ne
2669 2827 2713 2879 si
2741 2826 2793 2879 in
2823 2827 2916 2881 illo
2946 2827 3274 2882 resurrectio
3298 2827 3627 2893 tlili‘erretur,

2050 2891 2104 2945 in
2134 2890 2287 2947 nobis
2309 2896 2530 2964 omnino
2552 2894 2948 2964 desperaretur.
2983 2898 3152 2951 Exuta
3181 2912 3363 2959 carne,
3397 2890 3628 2952 animam

2052 2963 2512 3036 nequaquamjam
2539 2963 2684 3019 visus
2706 2966 2936 3019 hominis
2959 2967 3170 3033 aSpicit,
3200 2970 3319 3036 quia
3346 2977 3465 3033 post
3487 2985 3628 3021 mor-

2054 3041 2161 3086 tem
2190 3048 2297 3087 uon
2326 3032 2534 3107 liberat.
2565 3044 2866 3107 quemante
2890 3032 3113 3107 mortem
3140 3032 3305 3107 gratia
3328 3032 3391 3090 ad
3424 3040 3627 3091 veniam

2053 3118 2159 3156 non
2190 3107 2463 3158 reformat.
2488 3104 2681 3158 Beatus
2706 3105 2865 3159 David
2888 3106 2963 3159 ait
2971 3124 2999 3177 ε
3024 3104 3172 3160 Exiet
3199 3110 3409 3177 spiritus
3430 3124 3625 3171 eorum,

2049 3182 2095 3226 et
2119 3183 2395 3245 revertetur
2434 3177 2501 3227 ad
2532 3184 2719 3228 terram
2743 3192 2890 3229 suam
2921 3176 2939 3245 (
2966 3173 3107 3230 Psal.
3143 3173 3303 3241 extr,
3339 3177 3371 3228 4
3396 3179 3437 3244 ).
3482 3180 3631 3232 'l‘utc

2046 3244 2270 3312 Spiritus
2310 3259 2405 3312 per
2432 3245 2792 3313 cognitionem
2834 3244 3012 3300 reatus
3040 3248 3120 3300 sui
3162 3250 3224 3297 ait
3258 3259 3448 3300 terram
3494 3264 3627 3301 eon-

2047 3318 2325 3382 mernitur,
2363 3330 2483 3368 cum
2525 3330 2681 3378 caro,
2714 3330 2872 3381 quam
2909 3318 3069 3368 vitam
3116 3332 3263 3367 suam
3311 3315 3504 3380 cretlit,
3540 3334 3627 3368 re.

2048 3383 2166 3438 dire
2192 3384 2258 3437 ad
2288 3384 2557 3452 pulverem
2582 3393 2820 3452 urgetur.
2854 3386 3129 3437 Paululum
3155 3387 3206 3437 in
3242 3389 3487 3448 praesenti
3520 3390 3625 3439 vita

2049 3454 2328 3507 roboratus
2350 3461 2431 3506 est
2457 3455 2643 3515 homo,
2677 3454 2795 3517 quia
2832 3452 2919 3506 hic
2948 3455 3156 3507 vivendi
3190 3455 3328 3507 vires
3360 3454 3426 3508 ad
3458 3458 3631 3508 modi-

2048 3536 2170 3575 cum
2197 3522 2424 3587 accepit.
2452 3531 2510 3575 ut
2539 3524 2591 3575 in
2631 3532 2943 3591 perpetuum
2972 3530 3240 3584 transeat,
3274 3524 3359 3576 ubi
3404 3525 3521 3592 ejus
3549 3528 3625 3578 vi-
3684 3570 3705 3583 .

2051 3601 2157 3646 tam
2192 3594 2449 3646 terminus
2489 3607 2593 3646 non
2643 3594 2969 3659 concludat;
3011 3594 3104 3647 sed
3152 3595 3203 3646 in
3238 3594 3337 3646 hac
3368 3594 3627 3648 brevitate

2050 3662 2136 3716 ubi
2171 3662 2452 3716 roboratus
2479 3671 2563 3716 est
2588 3663 2821 3731 colligit,
2853 3665 2993 3718 unde
3018 3667 3066 3717 in
3094 3664 3446 3730 perpetuitate
3473 3665 3628 3715 inve-

2049 3734 2183 3795 niat,
2210 3734 2295 3786 vel
2323 3740 2380 3787 ut
2408 3747 2622 3802 semper
2651 3733 2901 3801 gaudeat,
2935 3734 3015 3787 vel
3058 3746 3114 3785 ut
3144 3743 3392 3800 suscepta
3420 3736 3629 3802 suppli-

2045 3802 2129 3856 cia
2180 3817 2284 3855 non
2320 3801 2529 3856 evadat.
2571 3804 2723 3858 Sicut
2763 3805 2813 3855 lti
2862 3804 2950 3872 qui
2995 3803 3169 3872 adhuc
3215 3803 3455 3856 viventes
3493 3801 3629 3857 sunt

2048 3881 2383 3925 mortuorum
2414 3872 2620 3925 animas
2649 3887 2756 3941 quo
2785 3871 2903 3927 loco
2932 3871 3229 3926 habeantur
3257 3874 3526 3940 ignorant,
3560 3876 3629 3928 ita

2048 3942 2245 3995 mortui
2289 3942 2449 3994 vitam
2482 3943 2535 3997 in
2579 3956 2741 3997 carne
2788 3943 3078 3997 viventium
3111 3952 3230 4009 post
3269 3957 3363 3994 eos
3403 3944 3631 4009 qualiter

2048 4012 2367 4079 disponatur
2399 4012 2663 4075 nesciunt,
2705 4014 2827 4081 quia
2875 4023 2929 4066 et
2964 4014 3069 4066 vita
3099 4012 3317 4081 spiritus
3367 4013 3519 4080 longe
3546 4024 3631 4068 est

2049 4095 2079 4134 a
2105 4091 2210 4135 vna
2232 4084 2429 4134 carnis.
2462 4081 2531 4136 Et
2553 4083 2689 4137 sicut
2711 4097 2971 4151 corporea
2999 4097 3050 4136 et
3076 4084 3392 4149 incorporea
3417 4084 3627 4137 diversa

2049 4164 2171 4204 sunt
2214 4153 2550 4223 genere,it.i
2602 4155 2763 4207 etiam
2814 4153 3069 4208 distincta
3115 4153 3443 4223 cognitione.
3477 4154 3628 4220 Quod

2052 4229 2226 4274 tamen
2277 4221 2344 4274 de
2383 4222 2663 4277 attimabus
2708 4227 2909 4278 sanctis
2956 4221 3294 4279 sentientium
3346 4237 3450 4275 non
3511 4235 3626 4283 est.

2050 4293 2214 4360 280
2239 4292 2369 4363 quia
2411 4308 2547 4363 quasi
2578 4293 2719 4346 inttts
2759 4295 3143 4363 omnipotentis
3189 4293 3280 4347 Dei
3327 4294 3626 4348 claritatem

2050 4366 2249 4433 Vident,
2284 4362 2591 4415 nullomodo
2624 4362 2953 4433 credendum
2984 4375 3065 4418 est
3103 4366 3243 4433 quod
3273 4364 3341 4415 sit
3374 4364 3500 4417 l'oris
3530 4364 3630 4417 ali-

2049 4430 2175 4500 quid
2194 4433 2338 4503 quod
2372 4435 2612 4501 ignorent
2658 4432 2838 4503 (Greg.
2888 4433 3078 4487 Miral.
3122 4430 3368 4500 3111,15.
3423 4450 3476 4485 ιι.
3526 4433 3626 4497 ;ο;

2052 4516 2148 4564 ιιι,
2184 4502 2271 4565 19,
2300 4518 2353 4554 ιι.
2385 4505 2487 4565 24;
2521 4517 2617 4567 ιιι,
2651 4502 2741 4568 τευ,
2771 4521 2823 4558 ιι.
2854 4504 2971 4571 25).

2123 4575 2176 4627 5.
2226 4572 2577 4640 Omnipotens
2628 4574 2881 4627 Dominus
2928 4574 3051 4628 ideo
3099 4574 3267 4627 latere
3315 4587 3412 4624 nos
3462 4571 3630 4627 voluit

2052 4644 2212 4697 linem
2241 4652 2505 4706 nostrum,
2530 4653 2584 4694 ut
2606 4644 2730 4697 dum
2764 4645 2950 4698 incerti
2982 4658 3167 4697 sumus
3195 4643 3403 4709 quando
3431 4645 3627 4695 moria-

2054 4730 2194 4779 tnur,
2238 4727 2454 4781 semper
2480 4714 2545 4765 ad
2578 4724 2800 4766 mortem
2849 4713 3017 4779 parati
3064 4711 3286 4764 inveniri
3315 4713 3624 4766 debeamus.

2053 4784 2158 4837 Cur
2205 4783 2362 4852 igitur
2411 4784 2562 4850 quasi
2608 4784 2676 4836 de
2713 4792 2859 4835 certo
2899 4781 3171 4836 extollitur
3217 4781 3375 4852 cujus
3398 4784 3499 4833 vita
3528 4785 3629 4836 sub

2057 4850 2636 4921 ptena'incertitudiuis
2682 4854 2927 4905 tenetur?
2959 4853 3108 4906 Sicut
3155 4853 3297 4905 enim
3331 4850 3417 4921 vir
3454 4852 3628 4914 tortis,

2054 4920 2173 4977 cum
2225 4926 2399 4980 vicino
2438 4922 2547 4991 jam
2592 4922 2713 4976 belli
2767 4924 3061 4975 certamine
3104 4924 3266 4973 armis
3313 4920 3629 4989 accingitur,

2059 4995 2277 5062 palpitat
2306 5004 2359 5047 et
2390 4992 2626 5055 festinat,
2652 4993 2831 5045 tremit
2852 5003 2905 5045 et
2936 4991 3109 5055 satvit,
3135 4991 3281 5058 quasi
3318 5005 3509 5055 pavere
3538 5007 3634 5058 per

2062 5067 2317 5132 pallorem
2360 5064 2619 5126 cernitur,
2652 5063 2746 5115 sed
2782 5077 2873 5125 per
2911 5062 3043 5116 iram
3094 5063 3437 5113 vehementer
3470 5077 3625 5127 ttrge~

2059 5145 2163 5195 tur,
2194 5134 2264 5186 ita
2288 5132 2366 5186 vir
2391 5141 2631 5196 sanctus,
2660 5147 2779 5185 cum
2807 5133 3039 5202 passioui
3065 5143 3251 5185 mortis
3275 5132 3633 5199 propinquave

2057 5220 2118 5259 se
2147 5202 2430 5271 conspicit,
2464 5218 2490 5253 a
2516 5210 2721 5256 naturai
2748 5219 2860 5256 sua:
2893 5203 3200 5256 tulirmitate
3229 5210 3552 5264 concutitur,
3581 5216 3636 5253 et

2059 5276 2169 5341 Spei
2192 5289 2301 5327 suae
2323 5272 2594 5326 solzditate
2617 5278 2913 5326 roboratur.
2943 5274 3016 5327 De
3037 5272 3204 5325 vicina
3228 5271 3441 5342 quidem
3463 5286 3636 5342 tuorle

2062 5344 2319 5412 trepidat,
2366 5355 2420 5396 et
2475 5351 2652 5396 tamen
2706 5343 2846 5410 quod
2889 5343 3165 5396 moriendo
3212 5344 3392 5396 verius
3454 5341 3635 5401 vivat,

2060 5416 2312 5467 exsultat.
2358 5413 2734 5480 Unusquisque
2786 5417 2863 5467 vir
2902 5425 3119 5467 sanctus
3165 5413 3228 5463 ad
3262 5427 3480 5481 regnum
3531 5428 3634 5464 non

2065 5495 2260 5551 potest,
2305 5483 2406 5537 nisi
2461 5485 2773 5553 Iltlel'pmila
2826 5496 3020 5545 morte,
3070 5482 3331 5553 transire;
3361 5490 3413 5533 et
3439 5483 3640 5535 idcirco

2063 5554 2383 5608 conﬁdendo
2430 5554 2580 5622 quasi
2607 5551 2829 5622 atubtgit
2850 5595 2863 5617 ,
2901 5562 2958 5607 et
2982 5551 3134 5619 quasi
3162 5552 3479 5618 atiiblgettdn
3509 5568 3639 5607 con-

2072 5628 2225 5691 ﬁdit;
2276 5640 2331 5682 et
2383 5634 2624 5698 gaudens
2662 5631 2872 5692 metuit,
2912 5637 2967 5681 et
3001 5637 3243 5681 metuens
3270 5628 3485 5691 gaudet,
3514 5630 3636 5691 quia

2069 5700 2170 5751 st-it
2192 5700 2332 5764 Quod
2361 5701 2425 5751 ad
2456 5699 2700 5755 brevium
2725 5700 2924 5766 quietis
2953 5713 3055 5753 non
3085 5700 3383 5767 perveniat,
3410 5698 3509 5752 nisi
3539 5699 3639 5752 hoc

2068 5770 2207 5839 quod
2241 5768 2520 5836 intcrjacct
2546 5783 2668 5826 cum
2706 5768 2894 5827 labore
2930 5770 3302 5827 transcendat.
3328 5770 3461 5823 Cum
3500 5786 3642 5823 ιιιυι-

3101 5933 3139 5947 ιο
