4084 6160
487 247 628 302 1195

1275 249 1366 304 AD
1404 252 1458 306 S.
1504 250 1746 308 lSlDORl
1791 252 2224 310 IIISPALENSIS
2261 256 2486 314 OPERA
2531 262 2968 320 APPENDICES.

3606 268 3628 324 1
3647 273 3664 327 1
3683 276 3744 326 πει

477 369 586 423 λ1νιοδ
613 375 889 431 acorpore
928 362 1402 443 iinstromepellcre
1439 364 1922 450 ‘cupiuiusptristes
1943 364 2059 447 qui:
2088 365 2135 424 Α
2163 368 2708 450 QSS‘embstinentiam
2763 375 2880 429 sine
2925 378 3209 450 concordia
3260 379 3579 450 de5tgnans,
3620 385 3743 440 ait:

485 441 607 494 dem
640 430 878 489 amarum
930 430 1256 500 purgationis
1298 434 1545 498 poculum
1594 437 1890 500 sumimus,
1925 430 2058 490 certi

485 518 664 563 autem
707 504 773 558 de
803 503 1146 570 subscqtieuti
1173 502 1343 556 salute
1390 504 1707 572 gaudemus.
1754 506 1884 572 Quia
1916 506 2057 559 enim

478 576 766 648 pervenire
787 587 981 648 corpus
1012 572 1169 648 aliter
1191 572 1256 648 ad
1289 573 1515 628 salutein
1543 590 1644 628 non
1668 577 1829 648 valet,
1857 577 1907 628 in
1931 586 2058 644 potu

483 642 644 704 etiam
677 646 800 698 libet
832 643 970 707 quod
1005 643 1184 698 ta-det.
1218 642 1458 711 Cumque
1497 647 1837 701 amaritiitliiii
1884 642 2060 702 iii—esse

485 723 644 772 vitam
671 715 879 768 animus
925 714 1207 776 consnicit,
1243 729 1478 769 mterorc
1509 717 1753 771 turbatus
1784 719 2060 772 bilarescit

482 783 887 860 (Greg._illoi'al.
923 799 1070 850 χχχι,
1104 801 1149 860 _c.
1187 785 1300 852 53).

550 856 624 913 4f
651 858 783 912 Cum
827 865 1036 920 tempus
1068 856 1189 907 vitie
1226 871 1254 906 a
1303 856 1479 910 divina
1515 856 1666 909 nobis
1717 860 2054 924 przescientia

479 931 549 984 sit
580 927 765 998 procul
813 925 976 979 dubio
1025 926 1340 998 prailixum,
1368 932 1724 998 iqtiaareiidum
1777 936 1853 979 val
1898 945 1928 982 e
1976 941 2059 983 est

477 996 593 1070 qua
622 997 828 1053 ratione
861 1011 1000 1049 nunc
1030 996 1159 1047 dicit
1192 999 1330 1070 quod
1365 997 1539 1070 iniqui
1567 1014 1628 1049 ex
1662 1002 1908 1070 prafsenti
1959 1018 2058 1054 stt:-

469 1068 600 1124 (5ulo
623 1078 748 1122 ante
783 1081 992 1132 tempus
1025 1068 1295 1134 proprium
1341 1068 1765 1122 subtrahuntur?
1798 1070 2055 1139 Omnipo-

473 1151 594 1196 tens
627 1141 786 1204 Deus,
820 1139 920 1191 etsi
955 1140 1266 1205 plerumque
1309 1147 1478 1191 mutat
1508 1141 1847 1201 sententiam,
1880 1145 2058 1195 consi-

474 1211 604 1265 lium
631 1224 923 1278 ntmqtiam.
958 1207 1034 1262 Eo
1064 1223 1191 1277 ergo
1222 1217 1458 1274 tempore
1488 1225 1550 1263 ex
1581 1211 1676 1263 hac
1701 1210 1803 1262 vita
1834 1215 2058 1279 quisque

473 1281 829 1352 subtrahitur,
852 1292 958 1352 quo
979 1295 1042 1352 ex
1074 1279 1250 1332 divitia
1277 1281 1508 1352 potentia
1533 1292 1654 1335 ante
1680 1290 1888 1352 tempus
1926 1299 2058 1352 pra:-

469 1357 658 1408 βείω...
690 1350 793 1405 sed
834 1348 1106 1402 sciendum
1155 1350 1295 1417 quod
1335 1365 1526 1404 creatis
1567 1362 1619 1404 ct
1659 1348 2058 1410 ordinans'uos

471 1423 812 1478 omnii-olens
837 1419 1000 1480 Deus,
1021 1419 1165 1484 juxta
1188 1420 1520 1491 singulorum
1544 1422 1728 1474 merita
1751 1423 1983 1491 disponit
2005 1435 2058 1480 et

473 1494 780 1556 terminum,
813 1491 979 1542 tit-vel
1005 1491 1176 1542 malus
1202 1489 1290 1542 ille
1321 1490 1554 1546 breviter
1585 1491 1748 1555 vivat,
1781 1489 1850 1547 ne
1879 1496 2058 1551 multis

473 1566 608 1618 bene
635 1562 913 1629 agentibus
940 1569 1148 1618 noceat.
1187 1563 1262 1613 vel
1293 1561 1464 1616 bonus
1507 1563 1608 1616 iste
1645 1563 1845 1616 diutius
1875 1564 1925 1616 in
1960 1567 2058 1622 hac

471 1637 577 1688 vita
610 1633 973 1703 subsistat,iit
1001 1631 1182 1703 multis
1212 1631 1553 1703 lioni_operis
1598 1634 1812 1698 atljutor
1840 1633 2053 1703 existat,

2164 433 2394 522 {nudate
2420 456 2537 521 eum
2577 444 2630 495 iit
2670 452 2912 522 tympano
2957 455 3005 500 et
3033 449 3188 501 choro
3231 433 3409 522 (l’sai‘:

2165 512 2417 575 tympano
2446 511 2589 565 enim
2621 511 2824 566 corium
2860 515 3057 569 siccum
3090 511 3325 582 resonat,
3357 521 3409 572 in
3452 511 3622 575 choro'
3647 511 3743 578 au;

2165 583 2268 629 tem
2302 595 2470 661 voces.
2490 583 2830 661 concorditer
2848 594 3094 661 Δ(κληῑληῑ.
3121 589 3258 661 Quid
3301 605 3430 658 ergo
3461 606 3554 659 per
3600 603 3744 661 tym-

2163 651 2521 726 paiiu_iii,.nisi
2571 652 2930 726 abstinentia;
2962 651 3168 724 etquid
3217 674 3309 724 per
3360 651 3742 726 Eho-ruinfiiiSi

2160 716 2434 797 cliaritatis
2463 722 2751 775 concordia
2784 716 3126 797 designatur?
3147 716 3246 794 Qui
3272 730 3450 797 itaque
3473 737 3550 786 sic
3578 716 3745 787 absti;

2160 791 2394 870 tientiaiii
2429 800 2592 856 tenet,
2623 801 2678 844 ut
2699 795 3038 870 concordiam
3070 791 3302 861 deserat,
3330 791 3504 854 laudat
3528 805 3742 870 quidem

2163 855 2328 930 [lcum
2359 861 2409 913 in
2440 869 2712 930 tympano,
2733 865 2823 916 sed
2850 880 2951 918 non
2983 867 3154 920 laudat
3187 870 3237 922 iii
3267 855 3452 923 choro.
3479 855 3570 926 Sic
3598 855 3741 927 enim

2159 927 2571 1010 abstiperefvel:
2589 933 2834 1010 jejunare
2855 946 3083 1010 oportet,
3112 949 3166 990 ut
3194 955 3295 992 non
3321 955 3420 992 nos
3440 941 3740 1010 jejunand',

2161 999 2573 1078 vetahstiitendi
2596 999 2905 1078 necessitati
2938 1008 3252 1071 siihdaiiius,
3286 1026 3351 1062 ne
3380 999 3620 1078 no'n'jam
3651 999 3745 1066 de:

2162 1068 2291 1131 voti,
2324 1073 2425 1123 sed
2459 1073 2609 1124 inviti
2646 1088 2754 1127 rem
2789 1075 3141 1131 voluntariam
3185 1068 3460 1133 faciamus.
3511 1068 3570 1136 Si
3600 1087 3742 1137 enim

2158 1140 2428 1218 qutisliliet
2475 1142 2839 1218 advenientes,
2889 1147 3093 1212 jejunio
3141 1150 3478 1215 intermisso,
3532 1154 3736 1218 reﬁcio,

2160 1222 2264 1262 non
2297 1211 2446 1264 solvo
2467 1211 2751 1280 jejunium,
2796 1217 2889 1267 sed
2939 1211 3131 1280 iinp'co
3177 1211 3739 1276 cliaritaiis‘ofticium.

2160 1280 2421 1357 pfeterum
2453 1283 2499 1336 si
2537 1296 2752 1357 p_r0ptcr
2781 1285 3156 1357 abstinentiam
3186 1290 3491 1357 spirituales
3541 1294 3746 1347 fructus

2159 1346 2340 1426 [Forte
2371 1346 2604 1426 fratres].
2639 1346 2776 1426 quos
2807 1355 2927 1409 novi
2959 1371 3075 1410 mea
3119 1346 3431 1414 remissione
3460 1346 3743 1426 delectari,

2158 1422 2436 1496 contristo,
2460 1422 2782 1496 abstinentia
2809 1440 2924 1479 mea
2944 1441 3047 1479 non
3071 1439 3149 1479 est
3180 1428 3346 1484 virtus
3379 1432 3627 1496 dicenda,
3650 1422 3744 1487 sed

2161 1491 2381 1568 vitium,
2427 1494 2550 1561 quia
2600 1495 2941 1568 abstinentia:
2982 1502 3349 1568 continuatio,
3403 1502 3504 1555 nisi
3560 1491 3741 1568 fuerit,

2158 1562 2371 1628 quando
2413 1579 2500 1617 res
2529 1565 2704 1638 exigit
2724 1567 3106 1638 praetermissa,
3137 1581 3189 1622 et
3233 1585 3316 1622 me
3335 1562 3516 1638 'iiillat,
3551 1585 3607 1626 et
3637 1562 3743 1626 ira;

2161 1642 2294 1706 trem
2325 1649 2528 1706 meum,
2551 1636 2632 1687 cui
2661 1635 2892 1706 cbaritas
2917 1635 3088 1704 juvet,
3141 1641 3444 1706 contristat,
3491 1635 3569 1696 vel
3599 1657 3745 1699 certe

470 1718 528 1759 ut
569 1719 777 1758 rursum
811 1702 983 1754 maliis
1014 1700 1219 1767 longius
1259 1701 1541 1756 diii‘eratur
1569 1703 1620 1756 iii
1649 1705 1776 1770 vita,
1808 1716 1864 1756 ut
1895 1700 2055 1771 prava
2089 1711 2134 1771 Β
2162 1702 2289 1771 nihil
2321 1705 2448 1754 mihi
2481 1705 2656 1757 inesse
2682 1700 2932 1760 fraternai
2962 1707 3237 1762 charitatis
3267 1700 3621 1766 demonstrat.

471 1775 646 1830 adhuc
685 1781 1089 1846 operaaugeat.
1132 1772 1207 1846 bis
1241 1789 1475 1846 quorum
1507 1774 1804 1846 teiitatioae
1847 1780 2048 1846 purgati

467 1846 592 1919 justi
621 1841 1032 1919 verius‘vivant;
1063 1841 1148 1919 vel
1175 1843 1352 1919 lienus
1391 1845 1548 1919 citius
1579 1841 2050 1919 subtraliattirfiie

465 1911 510 1970 si
535 1919 620 1970 hic
649 1917 740 1969 diu
773 1912 984 1974 vixerit,
1027 1911 1142 1980 ejus
1174 1913 1532 1967 innocentiam
1581 1917 1777 1966 malitia
1805 1931 2049 1972 cntriim-

465 1998 578 2054 pat.
610 1985 866 2053 Quamvis
891 1982 1230 2050 omnipotens
1275 1984 1415 2037 Deus
1449 1987 1573 2037 illud
1607 1998 1814 2050 tempus
1863 1991 2050 2042 unius-

459 2057 722 2126 cujusque
753 2055 818 2108 ad
847 2063 1072 2106 mortem
1103 2056 1366 2120 prtrsciat,
1395 2072 1500 2123 quo
1520 2055 1634 2122 ejus
1657 2058 1761 2108 vita
1795 2064 2050 2112 termina-

461 2141 572 2191 tur,
607 2142 705 2181 nec
733 2126 840 2180 alio
866 2126 916 2178 in
947 2135 1185 2190 tempore
1214 2126 1492 2192 quisquam
1546 2128 1680 2178 mori
1716 2136 1912 2192 potest,
1948 2127 2047 2182 nisi

460 2199 581 2263 ipso
607 2214 712 2266 quo
745 2199 986 2249 moritur.
1017 2196 1146 2247 Nam
1179 2197 1220 2247 si
1253 2195 1494 2250 Ezechize
1519 2195 1643 2250 atiiii
1676 2198 1838 2249 additi
1871 2200 1933 2251 ad
1966 2201 2046 2251 vi-

467 2281 570 2322 tam
595 2267 895 2329 quindecim
922 2273 1306 2328 memorantur,
1333 2276 1542 2335 tempus
1562 2267 1774 2335 quidem
1795 2269 2050 2323 vitaicre-

467 2340 534 2393 vit
569 2339 638 2394 ab
670 2340 760 2391 illo
799 2337 1029 2392 termino
1077 2351 1182 2402 quo
1220 2338 1354 2390 mori
1403 2338 1517 2404 ipse
1559 2338 1882 2392 merebatur.
1917 2339 2045 2394 Nam

459 2407 954 2476 divinadispositio
979 2407 1095 2475 ejus
1119 2415 1328 2474 tempus
1357 2417 1483 2461 tunc
1507 2409 1757 2474 praesciit,
1777 2425 1882 2477 quo
1909 2411 2049 2466 hunc

473 2479 808 2548 postmodum
837 2493 900 2532 ex
937 2477 1188 2548 praisenti
1221 2481 1322 2548 vita
1353 2479 1634 2532 subtraxit.
1668 2478 1798 2532 Cum
1825 2495 1952 2547 ergo
1977 2493 2044 2535 ιιι

469 2547 559 2618 sit,
587 2549 973 2617 tltlid'eSlqllUtl
997 2547 1212 2618 dicitur,
1236 2547 1354 2615 quia
1381 2548 1541 2616 iniqui
1564 2549 1756 2602 Sublati
1780 2561 1904 2603 sunt
1923 2559 2049 2606 ante

469 2617 678 2689 tempus
704 2633 883 2682 suum,
912 2617 1182 2689 nisiquod
1212 2622 1386 2689 omnis
1413 2620 1500 2687 qui
1535 2629 1850 2686 praesentem
1885 2622 2046 2674 vitam

416 2691 422 2695 ’
454 2687 636 2751 diligit
667 2689 902 2758 longiora
933 2688 1034 2740 sibi
1081 2687 1321 2753 ejusdem
1350 2690 1472 2742 vitae
1499 2689 1666 2757 spatia
1699 2690 2048 2756 promittunt?

462 2762 566 2815 Sed
598 2775 717 2814 cum
743 2774 838 2813 eos
869 2773 1014 2812 mors
1042 2759 1425 2826 superveniens
1448 2773 1479 2811 a
1513 2761 1758 2825 praesenti
1793 2760 1900 2814 vita
1923 2762 2049 2815 sub-

455 2831 648 2897 traxit,
681 2845 866 2883 eorum
892 2831 1016 2882 vitae
1044 2829 1238 2896 spatia,
1270 2845 1388 2897 quae
1415 2829 1515 2882 sibi
1549 2831 1783 2896 longiora
1815 2833 1964 2900 quasi
1995 2833 2048 2886 in

461 2902 782 2972 cogitatione
811 2900 1032 2972 tendere
1059 2910 1470 2967 consueverant,
1500 2900 1789 2972 intercidit.

530 2969 774 3037 Capitula
806 2970 924 3042 alia
957 2969 1358 3025 Sententiarum.
1389 2997 1459 3010 --
1495 2972 1542 3024 Ι.
1578 2970 1729 3036 Quid
1775 2980 1856 3026 est
1901 2974 2045 3042 quod

461 3055 644 3098 sancta
674 3041 914 3096 Ecclesia
967 3042 1208 3094 linstibus
1252 3043 1398 3102 suis,
1451 3051 1504 3094 ut
1550 3051 1847 3094 castrorum
1876 3049 2042 3110 acies,

459 3127 540 3169 est
567 3112 836 3167 timenda?
866 3112 981 3165 Non
1010 3112 1150 3164 cnitn
1179 3125 1206 3162 a
1238 3127 1431 3180 magno
1463 3112 1730 3164 intellectu
1766 3125 1918 3166 vacat
1941 3114 2041 3171 ista

447 3178 810 3252 't-nmparatio,
857 3193 910 3235 et
943 3181 1140 3236 idcirco
1170 3178 1442 3251 23113.4
1469 3181 1736 3236 subtiliter
1766 3182 2037 3240 intuenda.

462 3257 693 3316 Scimus,
725 3263 779 3306 et
810 3262 1040 3314 constat,
1075 3254 1196 3317 quia
1227 3266 1525 3305 castrorum
1553 3253 1695 3306 acies
1726 3262 1849 3306 tunc
1873 3255 2042 3309 hosti-

462 3328 559 3379 lius
589 3325 700 3379 suis
733 3323 986 3377 tei'riliitis
1014 3323 1335 3386 oStenditnr,
1370 3322 1581 3388 quando
1629 3325 1696 3375 ita
1732 3323 1887 3376 fuerit
1911 3343 2041 3380 cuti-

457 3401 672 3464 stipata,
703 3405 860 3458 atque
889 3395 1145 3455 densata,
1193 3403 1249 3446 nt
1280 3394 1330 3446 in
1383 3395 1530 3445 ti.l|o
1581 3394 1695 3446 loco
1743 3395 2037 3464 interrupta

460 3469 722 3520 vidratur.
757 3466 887 3517 Nam
910 3466 954 3518 si
986 3464 1055 3516 ita
1087 3464 1403 3531 disponitur,
1431 3464 1664 3517 utlocus
1694 3477 1914 3530 vacuus,
1947 3483 2040 3534 per

458 3553 614 3601 quem
650 3535 817 3588 hostis
850 3534 1015 3600 possit
1044 3535 1283 3606 ingredi,
1305 3534 1624 3606 diiiiittatnr,
1661 3533 1901 3601 pi'ol'ccw
1922 3533 2034 3606 jain

456 3610 568 3661 suis
620 3607 861 3658 hostibus
910 3603 1160 3658 terribilis
1201 3619 1306 3657 non
1355 3613 1457 3657 est.
1509 3605 1573 3657 Et
1604 3619 1699 3657 nos
1730 3620 1878 3673 ergo,
1913 3603 2034 3662 dum

456 3687 644 3732 contra
700 3675 957 3744 malignos
1003 3675 1220 3741 spiritus
1275 3674 1672 3740 in.spiritualis
1720 3679 2037 3733 certaminis

453 3749 626 3802 aciein
655 3748 920 3814 punimur,
950 3760 1288 3813 summopere
1329 3759 1548 3798 necesse
1577 3754 1658 3798 e~t
1692 3754 1746 3797 ut
1781 3761 1872 3812 per
1899 3749 2037 3801 cha-

455 3817 667 3871 ritatem
690 3831 900 3885 semper
929 3814 1097 3879 uniti,
1148 3826 1305 3884 atque
1345 3816 1639 3881 constricti,
1679 3825 1734 3869 et
1764 3833 2034 3885 nunquam

456 3889 736 3953 interrupti
765 3903 856 3955 per
893 3885 1208 3940 discordiam
1241 3887 1592 3940 inveniamur.
1623 3887 1754 3950 Quia
1783 3891 2036 3954 quotlibet

448 3961 591 4015 bona
624 3959 674 4012 in
708 3958 860 4012 nobis
905 3973 1066 4024 opera
1117 3956 1331 4019 fuerint,
1382 3957 1424 4011 si
1455 3959 1688 4009 cbantas
1736 3959 1894 4022 deSit,
1943 3977 2036 4025 per

451 4032 652 4084 malum
685 4028 964 4081 discordite
989 4027 1136 4080 locus
1185 4029 1420 4095 aperitur
1447 4026 1500 4081 in
1529 4027 1663 4090 acie,
1697 4029 1836 4080 unde
1861 4031 1926 4082 ad
1957 4031 2034 4084 le-

454 4101 670 4154 i-ieinlos
703 4113 798 4152 nos-
847 4099 1021 4151 vaicat
1044 4101 1210 4152 IiOSliS
1241 4099 1459 4152 intrare.
1491 4100 1752 4162 Antiquos
1781 4114 1906 4152 vero
1938 4101 2034 4155 iiii-

458 4172 628 4224 miciis
669 4173 966 4221 eastitateiii
1015 4169 1064 4220 in
1096 4168 1266 4232 nobis,
1297 4169 1343 4220 si
1383 4169 1498 4223 sine
1546 4175 1807 4223 cliaritate
1847 4169 2031 4234 fuerit,

454 4256 562 4294 non
597 4240 768 4301 timet,
791 4254 912 4311 quia
945 4239 1057 4302 ipse
1099 4254 1196 4311 nec
1229 4253 1397 4311 carne
1439 4244 1714 4305 premitur.
1750 4252 1805 4294 tit
1830 4243 1880 4293 iii
1918 4244 2034 4311 ejus

458 4312 661 4365 luxuria
712 4309 1050 4380 dissolvatur.
1107 4309 1492 4380 Abstinendum
1549 4325 1652 4362 non
1705 4311 1874 4374 timet,
1907 4309 2032 4380 quia

448 4398 569 4450 "me
597 4382 718 4435 cibo
749 4395 851 4431 non
882 4379 1063 4440 utitur,
1092 4379 1181 4447 qui
1211 4379 1523 4432 neci-ssitate
1548 4384 1784 4447 corporis
1813 4379 2030 4435 nonfur-

2231 1769 2282 1824 5.
2313 1775 2570 1841 Superbia
2592 1788 2673 1829 est
2698 1777 2900 1850 iiiitiuin
2923 1780 3096 1850 omnis
3120 1781 3345 1846 peccati;
3362 1788 3744 1850 concupiscen-

2155 1839 2223 1893 lia
2254 1839 2561 1916 vei'opwtia
2589 1849 2821 1913 peccati;
2844 1857 2897 1900 et
2929 1848 3044 1902 ideo
3084 1839 3188 1902 non
3223 1839 3396 1916 potest
3422 1839 3582 1907 aliter
3607 1855 3743 1908 vitici

2153 1915 2578 1988 concupiscentia
2607 1916 2814 1982 vitiosa,
2841 1917 2936 1970 nisi
2958 1921 3104 1984 prius
3131 1915 3381 1975 caveatur
3410 1938 3502 1988 per
3532 1925 3745 1977 Immiti-

2153 1988 2275 2063 tatis
2299 1985 2545 2063 virtutem
2568 1988 2841 2063 superbia,
2865 2003 2982 2056 quae
3005 1990 3121 2056 eju~‘
3141 2003 3221 2045 est
3239 1985 3474 2063 inimica.
3498 1994 3741 2063 Superba

2153 2053 2404 2126 voluntas
2425 2056 2553 2107 facit
2579 2053 2668 2108 Dei
2706 2053 2972 2126 pi'mcepta
2995 2053 3287 2123 contemni,
3319 2053 3596 2117 humilitas
3619 2081 3744 2119 vero

2151 2125 2429 2200 custodiri.
2455 2126 2723 2200 Superbia
2751 2125 2910 2198 282
2949 2144 3014 2182 ex
3053 2133 3258 2196 angelis
3288 2134 3559 2190 daemones
3591 2137 3740 2200 fecit,

2151 2191 2929 2269 humilitashominessimis
2958 2191 3163 2269 angelis
3185 2203 3387 2255 similes
3417 2207 3616 2258 reddit.
3646 2191 3740 2260 Illa

2153 2265 2381 2317 rebetles
2407 2265 2622 2319 diabolo
2646 2266 2888 2321 subditos
2921 2265 3066 2334 laeti,
3103 2271 3216 2324 huic
3253 2272 3480 2325 humiles
3525 2276 3743 2330 Christo

2150 2335 2449 2408 Conjungit.
2485 2336 2720 2408 Superbi
2755 2339 2975 2404 cupiunt
3015 2342 3156 2394 inse
3201 2342 3342 2408 quod
3388 2359 3491 2396 non
3537 2345 3743 2400 faciunt

2151 2404 2725 2481 praidicari,_|iu_i_i_iiles_
2758 2409 3027 2481 refugiunt
3057 2404 3311 2479 quidquid
3347 2414 3467 2467 bent
3506 2428 3743 2481 cperan-

2151 2483 2235 2550 tur
2258 2477 2496 2542 agnosci.
2528 2477 2606 2550 illi
2633 2478 2760 2550 vitia
2803 2480 3012 2547 propria
3043 2477 3160 2534 a‘se
3189 2477 3473 2536 alienaiido
3515 2477 3734 2550 perver-

2150 2547 2310 2598 sttate
2341 2559 2452 2598 sua:
2477 2549 2764 2601 voluntatis
2802 2563 3077 2613 excusant,
3107 2560 3161 2604 et
3182 2551 3316 2604 bona
3343 2566 3436 2606 sua
3463 2547 3575 2608 suis
3607 2557 3739 2609 viri-

2150 2613 2249 2667 bus
2286 2615 2593 2682 deputando
2639 2619 2959 2686 semetipsos
3006 2622 3230 2688 turpiter
3271 2622 3504 2690 jactaiit,
3557 2627 3644 2678 isti
3689 2627 3736 2680 si

2149 2700 2251 2753 qua
2286 2696 2500 2752 peccata
2549 2689 2746 2740 commi
2777 2689 2940 2752 erint,
2975 2689 3280 2746 voluntarie
3319 2696 3624 2748 coiitiiendo
3651 2711 3738 2750 se—

2150 2769 2408 2824 metipsos
2433 2767 2709 2822 accusant,
2740 2767 2793 2812 et
2822 2763 3000 2812 omnia
3041 2761 3178 2814 bona
3204 2777 3296 2816 sua
3319 2764 3502 2816 divino
3527 2768 3735 2821 muneri

2149 2825 2486 2902 deputatido,
2545 2828 2724 2902 Deum
2759 2831 2957 2902 jugiter
3013 2831 3246 2885 laudant.
3299 2831 3638 2902 Quapropter
3683 2838 3732 2889 si

2149 2896 2315 2970 virtus
2347 2912 2450 2951 non
2484 2898 2684 2970 habitat
2715 2896 2767 2952 iii
2797 2896 2978 2952 animo
3011 2902 3227 2968 vitioso,
3256 2896 3738 2970 superbia'tiumi-

2152 2965 2317 3021 litatis
2341 2983 2447 3040 non
2475 2969 2885 3040 ceditimperio,
2918 2974 3039 3040 quia
3079 2986 3182 3025 llOtl
3214 2965 3409 3040 poterit
3453 2991 3606 3028 metis
3642 2992 3732 3029 re-

2152 3050 2313 3110 gnum
2339 3037 2536 3110 habere
2584 3037 2856 3100 virtutum,
2899 3039 3002 3092 nisi
3037 3037 3230 3110 juguui
3253 3045 3554 3098 excusserit
3589 3049 3737 3110 prius

2153 3108 2422 3180 vitiorum.
2453 3109 2601 3163 Tunc
2633 3110 2779 3164 enim
2812 3110 2935 3164 vitia
2969 3108 3196 3164 title-liter
3221 3128 3285 3167 ex
3317 3123 3533 3180 pectore
3558 3108 3736 3170 disce-

2143 3177 2295 3240 dunt,
2340 3181 2384 3231 si
2419 3179 2702 3251 virtutibus
2731 3182 2956 3239 cedant;
2989 3184 3224 3251 alioquin
3252 3177 3330 3237 vel
3359 3185 3643 3238 subsidunt
3665 3189 3734 3240 ad

2145 3254 2353 3315 tempus
2382 3247 2576 3316 ejecta,
2609 3252 2688 3304 vel
2719 3252 2961 3315 redeunt,
3006 3247 3360 3307 nisi'virttites
3392 3255 3440 3306 in
3486 3257 3619 3310 locis
3652 3258 3732 3311 vi-

2143 3317 2336 3398 tiorum
2365 3335 2490 3398 quae
2511 3317 2722 3398 luerunt
2741 3320 2960 3398 depulsa
2985 3326 3336 3398 successerint
3363 3323 3524 3394 (Vide
3553 3344 3731 3398 supra,

2141 3403 2188 3440 ο.
2216 3388 2308 3463 ξι),
2339 3401 2385 3442 et
2413 3386 2608 3443 [sideri
2636 3390 2674 3441 Ι.
2707 3405 2742 3443 tt
2778 3386 2954 3453 Sent”
2988 3407 3034 3444 ε.
3065 3394 3175 3463 58).

2211 3457 2265 3512 4.
2299 3463 2631 3527 Quapropter
2663 3465 2828 3527 pietas
2858 3463 2911 3514 iii
2946 3463 3094 3516 nobis
3133 3457 3436 3519 crudelitati
3487 3470 3728 3531 resistat,

2141 3528 2276 3582 iram
2320 3533 2570 3597 patientia
2600 3533 2818 3585 lundata
2868 3542 3136 3596 coerceat,
3170 3537 3420 3602 pudicitia
3455 3528 3728 3592 libidinem

2141 3603 2339 3663 vincat,
2373 3602 2772 3662 animositatem
2810 3603 3169 3671 tianquillitas
3215 3606 3382 3669 tollat,
3429 3610 3728 3661 verbesita-

2141 3678 2247 3723 tem
2275 3671 2608 3725 taciturnitas
2639 3674 2911 3725 moderata
2956 3683 3280 3740 compescat.
3313 3677 3585 3731 desideria
3615 3695 3732 3733 car-

2139 3740 2275 3793 nalia
2326 3742 2610 3794 delectatio
2663 3743 2954 3810 spiritualis
3011 3743 3327 3810 immineat,
3383 3752 3731 3803 abstinentiae

2138 3812 2281 3875 rigor
2339 3812 2554 3865 aculeos
2605 3816 2783 3865 carnis
2830 3816 3110 3875 obtundat,
3156 3816 3448 3870 curiositati
3493 3821 3728 3874 student

2134 3883 2412 3946 spirituale
2443 3885 2719 3946 succedat,
2762 3883 3038 3936 sobrietati
3083 3885 3238 3938 cedat
3265 3888 3520 3949 ebrietas,
3575 3907 3729 3941 mau-

2135 3953 2409 4006 suetudini
2458 3955 2772 4006 succumbat
2801 3956 3132 4019 immanitas,
3180 3957 3492 4011 dominetur
3523 3965 3727 4014 levitati

2135 4024 2437 4077 maturitas.
2467 4025 2558 4077 Dei
2589 4035 2642 4077 et
2665 4026 2888 4090 proximi
2913 4030 3174 4079 citaritate
3200 4039 3504 4094 crescente,
3533 4046 3728 4083 consu-

2137 4105 2310 4146 matur
2336 4097 2517 4146 mundi
2543 4094 2838 4160 copidttas;
2873 4096 3120 4148 excludat
3154 4098 3382 4163 parcitas
3405 4105 3543 4168 gula:
3575 4103 3728 4154 luxu-

2137 4167 2302 4229 riant,
2335 4166 2560 4234 castiget
2606 4167 2884 4218 industria:
2929 4168 3100 4217 virtus
3143 4166 3426 4236 ίςιιδνῧυιιί
3467 4174 3728 4230 reprimat

2137 4235 2408 4307 humilitas
2441 4251 2560 4287 vera
2592 4237 2907 4303 profundam
2936 4239 3268 4302 jactaiitiain,
3320 4240 3482 4304 pellat
3512 4243 3726 4307 simpli-

2134 4304 2267 4358 citas
2310 4319 2436 4370 pura
2466 4309 2794 4372 superbiam,
2831 4323 2935 4358 non
2980 4307 3236 4366 impediat
3283 4312 3514 4360 varietas
3549 4304 3723 4364 fucata

2135 4377 2510 4436 consumiiain,
2529 4377 2921 4430 emeiidatiores
2941 4378 3550 4446 augeantdisciptiuaiu;
3577 4378 3728 4434 fran-

452 4433 625 4521 gnat;
665 4433 1123 4521 bisti-ibunonejn'
1146 4457 1474 4503 terrettarutit
1513 4433 1687 4503 rentia
1718 4433 2027 4515 "minuat.
2060 4433 2111 4492 Ι)
2135 4455 2223 4514 gat
2263 4448 2607 4521 clerum-uiam
2640 4448 2888 4521 religiosa
2902 4433 3160 4521 saevitia;
3191 4460 3246 4500 et
3277 4449 3517 4521 funditus
3545 4454 3726 4504 eradi-

455 4519 499 4574 si
532 4524 703 4577 eidem
733 4521 878 4588 operi
910 4519 1145 4573 charitas
1185 4521 1342 4583 desit,
1372 4523 1494 4585 quia
1516 4521 1823 4574 divitiarum
1852 4524 2030 4576 subsi-

451 4594 557 4646 diis
587 4608 684 4645 nec
725 4590 839 4660 ipse
864 4600 982 4658 eget
1007 4589 1206 4660 (Greg.,
1246 4590 1315 4662 ini
1342 4588 1557 4651 Ezecln,
1595 4593 1738 4645 Item.
1775 4593 1828 4655 8,
1863 4609 1916 4646 tt.
1949 4593 2028 4662 6).

525 4663 580 4716 2.
614 4662 778 4716 Valde
807 4671 983 4714 autem
1016 4664 1067 4714 in
1094 4663 1245 4716 nobis
1273 4661 1587 4715 eharitateiu
1618 4676 1822 4727 veram,
1845 4663 1894 4715 id
1923 4674 2028 4730 est,

450 4748 690 4788 amorem
724 4731 997 4791 humilem,
1031 4746 1187 4800 quem
1214 4733 1366 4785 nobis
1394 4733 1625 4785 vicissim
1651 4734 2028 4799 impendimus,

457 4807 626 4870 timet,
655 4812 708 4855 et
737 4800 892 4854 nimis
920 4802 1222 4856 concordia:
1253 4811 1450 4857 nostra:
1485 4803 1704 4866 invidet,
1739 4805 1860 4870 quia
1894 4809 2029 4859 lianc

452 4890 555 4930 nos
577 4885 820 4929 tenemus
861 4873 912 4925 iii
944 4879 1107 4938 terra,
1137 4887 1295 4942 quam
1327 4874 1438 4941 ipse
1479 4883 1659 4926 tenere
1691 4877 1874 4926 nolens
1895 4875 2028 4928 ami-

452 4947 522 4999 sit
555 4945 604 4998 in
658 4944 818 4997 cmlo.
863 4942 1007 4996 Bene
1037 4958 1163 5010 ergo
1207 4958 1345 4996 nunc
1387 4943 1624 4996 dicitur:
1674 4943 1934 4997 Terribilis
1976 4953 2029 4996 ut

451 5025 732 5070 castrorum
755 5012 885 5066 acies
904 5013 1138 5066 ordinata
1167 5012 1341 5081 (Cant.
1372 5029 1446 5076 vi,
1476 5011 1555 5082 5).
1577 5013 1709 5080 Quia
1737 5015 2028 5071 electorum

452 5085 918 5155 multitudineseo
964 5083 1180 5153 maligni
1208 5085 1425 5148 spiritus
1461 5085 1870 5152 pertimescunt,
1921 5101 2027 5155 quo

451 5173 546 5211 eos
577 5171 670 5223 per
703 5153 978 5210 cliaritatis
1023 5155 1365 5208 concordiam
1395 5155 1626 5209 munitos
1660 5166 1845 5208 contra
1887 5153 2029 5210 seet

453 5227 823 5296 conglobatos,
849 5226 1131 5293 aspicmnt.
1167 5224 1373 5296 Quanta
1401 5235 1576 5278 autem
1606 5226 1675 5278 sit
1716 5227 2026 5296 concordia:

454 5295 621 5352 virtus
643 5295 962 5359 ostenditur,
995 5311 1116 5350 cum
1148 5309 1264 5348 sme
1297 5295 1384 5348 illa
1427 5297 1646 5364 reliqua:
1673 5295 1895 5351 virtutes
1918 5312 2022 5352 non

453 5385 572 5421 esse
593 5376 975 5421 monstrantur.
1001 5366 1184 5433 Magna
1209 5366 1348 5418 enim
1371 5380 1454 5420 est
1474 5367 1638 5421 virtus
1661 5367 2020 5434 abstinentiae;

452 5437 544 5490 sed
575 5437 620 5490 si
645 5438 762 5503 quia
806 5435 878 5490 ita
906 5435 978 5490 ab
1017 5437 1284 5490 alimentis
1313 5437 1584 5501 abstinet,
1621 5448 1677 5492 ut
1718 5449 1942 5494 caeteros
1967 5436 2022 5494 in

452 5510 574 5563 cibo
603 5508 885 5576 dijudicet.
911 5516 965 5562 et
994 5507 1252 5561 alimenta
1283 5511 1469 5562 cadent
1499 5524 1619 5577 quae
1651 5509 1790 5564 Deus
1817 5513 2025 5564 creavit

455 5578 520 5630 ad
566 5577 966 5646 percipiendum
1001 5593 1122 5630 cum
1173 5577 1472 5644 gratiarum
1534 5581 1749 5636 actione
1781 5581 2024 5638 ﬁdelibus

454 5648 616 5698 etiam
639 5649 876 5710 damnet,
900 5648 1026 5714 quid
1049 5647 1174 5701 huic
1197 5650 1368 5702 virttis
1394 5650 1734 5704 abstinentiae
1756 5651 1893 5705 facta
1917 5662 2020 5715 est,

457 5716 561 5768 nisi
591 5717 814 5781 laqueus
835 5717 1042 5784 culpte?
1075 5716 1226 5773 Unde
1259 5735 1474 5790 quoque
1509 5719 1792 5777 l’salmista
1822 5722 2022 5776 nullam

2133 4528 2219 4570 cet
2261 4517 2472 4570 bonitas
2498 4517 2757 4585 acquisita
2789 4518 3069 4579 malitiam,
3103 4530 3158 4571 ut
3202 4519 3520 4586 expulsioue
3562 4532 3722 4574 vitio-

2132 4601 2248 4640 rum
2280 4588 2580 4642 celebretur
2612 4588 2934 4641 iutroductio
2963 4588 3197 4655 gloriosa
3228 4592 3511 4642 virtutum.

2202 4659 2256 4711 5.
2305 4665 2374 4712 At
2425 4667 2694 4725 utcunque
2739 4657 2848 4726 jam
2901 4660 3065 4723 patuit
3112 4659 3340 4727 qualiter
3391 4661 3723 4726 intelligatur

2131 4730 2271 4797 quod
2303 4730 2573 4796 Scriptura
2603 4730 2731 4782 dicit
2763 4747 2776 4781 :
2811 4727 3024 4782 Initium
3047 4731 3210 4781 omnis
3240 4730 3437 4796 peccati
3474 4735 3722 4796 superbia

2132 4801 2150 4870 (
2180 4798 2344 4854 Eccti.
2380 4815 2432 4864 κ,
2469 4799 2533 4851 15
2561 4799 2603 4867 ),
2639 4801 2726 4853 hic
2774 4801 2933 4854 etiam
2985 4801 3257 4853 videamus
3308 4802 3452 4868 quod
3502 4813 3720 4854 sam-tus

2129 4874 2419 4940 Apostolus
2447 4871 2574 4923 dicit
2601 4886 2615 4924 :
2652 4871 2824 4923 Radix
2849 4870 3072 4923 omnium
3116 4871 3368 4923 malorum
3407 4881 3480 4923 est
3511 4874 3720 4940 cupidi-

2129 4949 2206 4994 tas
2242 4939 2292 5009 (Ι
2324 4939 2458 4994 Tim.
2485 4955 2554 5004 Vi,
2593 4939 2702 5010 10).
2731 4940 2866 4994 Cum
2906 4951 3124 4993 sanctus
3156 4943 3411 5006 Spiritus,
3444 4943 3537 5009 qui
3564 4939 3719 4996 locu-

2130 5019 2215 5065 tus
2245 5020 2327 5064 est
2375 5025 2468 5078 per
2499 5024 2836 5078 propnetaiu,
2874 5026 2968 5079 per
2997 5011 3317 5076 Apostolum
3341 5029 3559 5078 quoque
3607 5016 3720 5079 ipse

2128 5082 2337 5135 locutus
2364 5093 2454 5147 εει,
2486 5097 2554 5135 ne
2583 5084 2680 5135 sibi
2711 5083 2877 5148 possit
2899 5095 3018 5135 esse
3039 5083 3306 5148 diversus,
3336 5082 3571 5136 sollicite
3589 5098 3719 5136 con-

2125 5153 2367 5206 siderare
2411 5153 2670 5206 debemus
2719 5167 2882 5219 quare
2918 5152 3011 5204 ilie
3052 5153 3256 5204 initium
3298 5168 3477 5205 omnis
3509 5156 3715 5220 peccati

2126 5223 2434 5291 superbiam,
2468 5222 2557 5275 hic
2593 5225 2834 5276 omnium
2885 5225 3147 5275 malorum
3176 5224 3512 5289 cupiditatem
3541 5226 3715 5276 uomi-

2126 5308 2256 5347 nare
2284 5295 2531 5347 voluerit.
2565 5293 2644 5346 An
2665 5295 2804 5346 forte
2830 5308 3134 5346 sermonem
3169 5295 3542 5362 propheticum
3569 5295 3713 5347 Pau-

2124 5363 2206 5418 lus
2233 5367 2530 5433 apostolus,
2566 5375 2619 5417 ut
2649 5365 2809 5428 solet,
2835 5362 3102 5430 exposuit,
3135 5364 3569 5433 quandoquidem
3597 5377 3710 5419 sive

2124 5436 2331 5490 initium
2361 5435 2536 5490 omnis
2583 5442 2808 5502 peccati,
2847 5439 2959 5487 sive
3000 5435 3238 5487 radicem
3287 5439 3552 5489 malorum
3596 5452 3714 5488 oin-

2122 5508 2270 5560 nium
2301 5507 2469 5570 dicas,
2499 5521 2664 5558 unum
2694 5507 2940 5573 idemque
2983 5503 3271 5573 signiticas.
3306 5506 3472 5559 Porro
3503 5506 3710 5572 cupidi-

2125 5587 2226 5644 tas,
2259 5587 2418 5645 atqiie
2459 5578 2710 5643 superbia
2743 5577 2794 5628 in
2827 5585 3032 5629 tantum
3061 5591 3223 5629 unum
3269 5587 3356 5630 est
3398 5579 3625 5641 malum,
3654 5582 3709 5630 ut

2121 5663 2222 5701 nec
2244 5649 2491 5715 superbia
2531 5648 2649 5700 sine
2677 5648 2990 5714 cupiditate,
3022 5663 3120 5700 nec
3151 5650 3265 5698 sine
3297 5647 3551 5714 superbia
3589 5663 3709 5712 pos-

2120 5720 2191 5775 sit
2218 5721 2441 5788 cupidus
2472 5716 2718 5774 inVeiiiri.
2746 5719 3015 5786 Siquidem
3041 5726 3093 5771 et
3123 5716 3389 5784 diabolus,
3417 5722 3468 5772 in
3492 5733 3602 5788 quo
3630 5728 3706 5775 te-
