4084 6160
346 324 478 381 H'?

1228 320 1515 374 AI’I‘END.
1562 320 1646 375 IX.
1690 351 1755 361 -—
1798 319 2329 374 SENTliNTlAIlUM
2376 317 2571 372 LIBER
2613 320 2694 372 ιν.

3470 321 3606 376 ll‘JIl

344 452 434 494 ῃρι
455 436 697 501 superbia
726 430 1365 503 principatum,'propriaz
1399 437 1675 504 potestatis
1702 452 1763 490 ac
1797 452 1914 503 per-
1950 437 1989 491 Α
2025 434 2111 486 tiis
2140 434 2402 499 obiurgiti
2446 444 2537 485 aut
2568 434 2830 487 rebellant
2877 434 3191 495 insitlenter,
3221 442 3315 488 aut
3355 452 3602 492 murmu-

338 510 561 565 ditionis
585 508 829 559 humanae
870 505 1092 571 cupidus
1121 503 1235 557 fuit.
1272 506 1331 557 Et
1365 503 1478 570 ipse
1511 507 1669 557 homo
1697 523 1789 569 per
1819 522 1915 570 ap-

343 583 566 647 petitum
617 576 823 630 arboris
865 575 1160 647 interdicta:
1192 591 1254 627 ac
1301 575 1496 628 divinre
1546 577 1915 629 similitudinis

339 644 495 705 affect
515 649 732 701 «tionem
757 645 943 698 morbo
970 660 1030 698 se
1051 644 1298 698 affectum
1320 647 1626 711 cupiditatis
1654 646 1913 699 ostendit.

342 722 419 776 De
445 719 691 787 superbia
724 731 950 787 namque
982 724 1270 787 nascuntur
1319 717 1571 779 haereses,
1601 717 1912 779 schismata,

341 786 718 845 detractiones,
749 786 966 848 invidia,
1020 786 1337 846 verbositas,
1370 790 1645 849 jactautia,
1687 797 1913 840 cmiteu-

344 865 537 922 tiones,
587 857 979 915 animositates.
1014 857 1254 915 ambitio,
1307 856 1491 917 elatio,
1550 860 1911 923 praesumptio,

343 935 572 986 vanitas.
616 928 947 995 inquietudo,
980 928 1335 987 mendacium,
1368 927 1680 994 perjutium,
1723 938 1773 979 ct
1812 945 1914 980 ca:-

343 1013 453 1057 tera
489 1000 809 1065 hujusutodi.

413 1073 465 1126 6.
497 1071 599 1126 Sed
630 1069 745 1123 haec
774 1069 889 1137 quis
912 1067 1114 1121 dubitet
1144 1082 1205 1121 ex
1239 1066 1530 1133 cupiditate
1551 1082 1759 1134 quoque
1792 1083 1912 1133 pro-

338 1137 553 1204 cedere,
580 1156 700 1194 cum
734 1154 922 1193 omnes
953 1138 1041 1206 qui
1075 1139 1271 1190 fuerint
1308 1138 1410 1188 illis
1434 1138 1682 1189 omnibus
1712 1139 1911 1190 morbis

340 1229 476 1281 quos
505 1210 771 1281 nominavi
799 1209 1031 1275 corrupti
1068 1208 1363 1281 habeantur
1389 1216 1441 1258 et
1470 1208 1682 1281 ctqiidi?
1718 1208 1910 1260 lterum

339 1277 461 1337 cum
488 1284 722 1343 gulosus,
752 1280 1187 1345 intemperantes,
1218 1277 1487 1337 ehi-iosos,
1516 1278 1721 1343 avidos,
1754 1292 1911 1343 rapa-

340 1368 451 1415 ces,
480 1354 638 1422 283
680 1349 1345 1422 furuit-aries,adulteros,
1379 1358 1731 1422 stupratores,
1764 1350 1911 1401 ince.

340 1417 816 1488 stos,—ﬂ'a§itiosos
858 1419 1121 1487 Cupiditas
1156 1420 1375 1481 reddat,
1426 1417 1636 1484 quando
1688 1430 1911 1482 possunt

339 1494 456 1546 sine
503 1493 747 1558 superbia
790 1490 923 1543 tales
955 1490 1089 1551 lieri,
1119 1490 1234 1543 sine
1263 1504 1362 1555 qua
1406 1490 1623 1540 mntiino
1653 1506 1755 1539 non
1788 1504 1912 1555 pos-

334 1574 468 1618 sunt
500 1560 590 1615 Dei
620 1570 880 1628 princepta
911 1558 1201 1623 contemni,
1227 1558 1418 1624 quibus
1442 1559 1789 1628 prohibentur
1819 1559 1908 1612 illa

340 1636 514 1687 omnia
546 1632 677 1682 mala
718 1644 835 1696 quae
866 1628 1111 1697 superius
1161 1629 1582 1694 comprehendi?
1611 1627 1838 1698 Ideoque
1865 1630 1909 1684 si

340 1707 583 1756 voluntas
606 1714 982 1755 consummare
1010 1702 1175 1753 nostri
1208 1698 1515 1753 certaminis
1543 1713 1782 1765 cursum,
1814 1715 1904 1754 ca-

2022 512 2166 568 rattt;
2197 505 2264 557 de
2293 504 2411 557 loco
2439 506 2699 569 superiori
2731 505 3048 571 disceptant,
3083 504 3318 569 prmferri
3357 523 3415 561 se
3438 511 3600 563 etiam

2022 574 2332 647 melioribus
2363 574 2703 647 impudenter
2742 575 3013 647 affectant.
3046 577 3447 635 Simplicitatem
3489 582 3600 647 Spi-

2019 644 2287 715 ritualiunt
2358 643 2579 697 fratrum
2639 646 3002 706 imprudenter
3064 658 3407 715 evaggerant.
3463 643 3603 704 Stias

2017 714 2312 768 sententias
2345 715 2886 783 procaciti-rjactant.
2919 714 3187 781 Ultsequia
3236 718 3405 770 delata
3453 721 3603 774 fasti-

2018 785 2196 849 diunt;
2232 796 2418 850 negata
2464 786 2801 849 pertinaciter
2828 796 3090 853 qua-runt,
3122 787 3323 840 natales
3356 790 3596 846 moribus

2018 865 2369 922 anteponunt.
2411 855 2659 909 .luuiores
2692 871 2816 910 suos
2841 858 2962 908 elati
3000 856 3318 923 despiciunt.
3351 860 3599 915 Coul'erri

2017 925 2117 993 sibi
2150 928 2354 992 aliquos
2386 941 2544 993 posse
2578 943 2680 977 non
2708 928 2953 978 credunt.
2989 926 3211 993 {Equari
3258 944 3315 982 se
3362 931 3601 986 moribus

2015 992 2219 1066 [ἕξοι-ιθ,
2249 992 2567 1066 minoribus]
2608 997 2896 1057 dedignati,
2930 992 3089 1062 super
3118 1013 3211 1051 eos
3241 1013 3298 1051 se
3344 1002 3458 1053 solo
3488 1004 3603 1055 aui-

2017 1064 2087 1118 mi
2116 1075 2322 1119 tumore
2348 1064 2699 1137 constituunt.
2733 1066 2848 1119 Non
2879 1076 3097 1137 sternant
3128 1069 3179 1121 itt
3223 1070 3483 1137 obsequio
3512 1087 3603 1125 re-

2015 1137 2331 1200 verentizm,
2365 1136 2416 1188 in
2448 1152 2697 1188 sermone
2744 1136 3083 1201 modestiam,
3121 1138 3171 1191 in
3217 1140 3452 1194 motibus
3500 1142 3607 1195 dis-

2014 1206 2289 1271 ciplinam.
2362 1206 2568 1259 Habent
2633 1209 2683 1258 in
2749 1206 3043 1260 intentione
3117 1208 3481 1274 pertinaciam,
3550 1214 3600 1266 itt

2014 1278 2174 1328 conte
2220 1277 2511 1339 duritiam,
2561 1280 2610 1329 in
2656 1278 3103 1329 sermocinatione
3156 1277 3498 1346 iactantiam;
3550 1283 3603 1336 itt

2018 1346 2313 1400 humilitate
2358 1346 2590 1409 fallaces,
2631 1350 2680 1398 in
2716 1348 2982 1401 locutione
3033 1350 3332 1413 mordaces,
3370 1352 3421 1403 in
3474 1352 3599 1406 odio

2018 1418 2313 1481 perlinat-es
2344 1416 2689 1484 subjemionis
2730 1418 3083 1480 impatientes,
3121 1420 3372 1483 potentia.
3421 1433 3599 1477 secta-

2017 1494 2192 1557 tores,
2238 1488 2486 1541 omnibus
2556 1487 2705 1541 benis
2755 1487 3000 1541 odiailes.
3068 1490 3145 1540 Ad
3213 1503 3347 1557 opus
3405 1492 3601 1546 bonum

2016 1556 2169 1623 pigri,
2201 1558 2265 1610 ad
2298 1558 2725 1611 communionem
2758 1558 2877 1621 feri,
2910 1559 2972 1611 ad
3002 1556 3317 1623 obsequium
3368 1560 3509 1625 duri,
3533 1565 3600 1617 ad

2015 1625 2333 1694 loquendum
2353 1629 2491 1696 quod
2517 1631 2759 1682 nesciunt
2783 1629 3034 1696 prompti,
3060 1630 3126 1681 ad
3148 1630 3597 1698 supplautandum

2018 1700 2206 1763 parati,
2231 1698 2296 1751 ad
2320 1700 2494 1750 omnia
2518 1701 2709 1763 quibus
2729 1700 2967 1753 subsistit
3004 1699 3231 1751 fraterna
3256 1703 3486 1756 societas
3522 1707 3603 1756 itt—

338 1788 559 1843 veatnus
589 1772 848 1837 imprimis
876 1770 1427 1847 cupiditatem,_atque
1454 1770 1776 1836 superbiam,
1802 1787 1905 1824 non
1947 1788 1987 1847 Β
2021 1766 2259 1847 humani,
2311 1769 2580 1847 temerarii
2630 1772 2681 1847 i_n
2729 1770 2996 1847 audiendo
3021 1810 3063 1847 ,_
3088 1774 3491 1847 pnesutnptuosi
3522 1774 3597 1847 _iu

339 1846 444 1897 duo
474 1834 629 1901 mala,
654 1834 743 1895 sed
769 1834 959 1905 unum,
984 1856 1011 1892 a
1040 1856 1145 1907 quo
1171 1834 1386 1892 trahunt
1408 1834 1596 1893 omnes
1621 1844 1740 1893 tnali
1759 1851 1912 1895 actus

336 1916 568 1969 initium.
604 1912 733 1965 Nam
765 1913 883 1965 sine
910 1912 1157 1977 Stlpt'lbia
1203 1926 1319 1976 qute
1350 1920 1571 1973 possunt
1610 1911 1799 1964 saltem
1834 1913 1914 1965 in-

338 1985 521 2039 choari
572 1992 808 2047 peccata,
842 1997 963 2034 cum
995 1981 1188 2032 dicitur
1219 1997 1231 2032 :
1268 1977 1483 2032 Initium
1508 1982 1674 2033 omnis
1719 1983 1915 2050 peccati

340 2054 577 2124 superbia
593 2054 763 2124 ?77Aut
792 2057 907 2104 sine
934 2050 1223 2124 cupiditate
1250 2066 1366 2124 quae
1410 2061 1494 2124 est
1523 2051 1763 2124 omnium
1798 2068 1913 2105 mtt-

339 2120 512 2180 lorum
545 2123 713 2187 radix,
743 2138 859 2189 qua:
890 2131 1113 2190 possant
1154 2121 1263 2173 fieri
1317 2120 1477 2181 mala,
1508 2136 1629 2173 cum
1677 2123 1797 2173 sine
1831 2137 1914 2173 ra-

336 2196 458 2248 dice
482 2195 659 2249 omnia
688 2204 777 2245 attt
796 2192 935 2245 nulla
965 2200 1296 2258 reputentur,
1322 2197 1414 2242 aut
1435 2206 1538 2245 tuo:
1556 2192 1669 2243 tua?
1689 2191 1912 2256 Deinde,

343 2268 387 2318 si
418 2264 691 2333 quodlibet
723 2274 995 2328 peccatum
1041 2272 1346 2333 perpetrare
1391 2274 1494 2333 non
1528 2276 1741 2333 possunt
1766 2303 1780 2324 ,
1814 2264 1914 2317 nisi

339 2330 474 2389 mea:
521 2332 856 2387 delectationi
897 2332 1253 2392 consentiam,
1305 2330 1445 2398 quod
1495 2330 1803 2400 cupiditatis
1834 2346 1916 2387 (εει

340 2407 644 2475 proprium,
667 2412 719 2457 et
765 2402 858 2456 Dei
880 2410 1164 2475 praecepta
1192 2413 1574 2475 contetnnam,_
1594 2404 1732 2475 quod
1760 2413 1841 2457 est
1873 2408 1912 2470 ‘,

338 2469 403 2529 ex
434 2469 705 2543 superbia,
734 2488 852 2540 qua!
879 2469 1083 2525 initium
1112 2470 1286 2524 Omnis
1313 2469 1515 2538 peccati
1544 2471 1755 2538 d;citur,
1793 2469 1914 2542 pro-

338 2546 477 2599 cedit
505 2558 661 2597 omne
692 2552 985 2611 peccatum.

412 2617 465 2669 7.
498 2614 731 2677 Invidus,
760 2613 847 2678 qui
885 2614 1114 2665 alienum
1162 2611 1357 2666 bonum
1402 2626 1554 2666 suum
1602 2612 1747 2676 facit,
1780 2614 1915 2667 invi-

341 2686 517 2739 dendo
569 2684 968 2751 supplicium“,
1013 2684 1157 2736 nulla
1214 2683 1423 2735 videtur
1455 2685 1519 2736 ad
1570 2685 1913 2738 iuvidendmn

338 2754 763 2821 concupiscentia
790 2753 1088 2821 provocari,
1118 2757 1212 2806 sed
1244 2762 1446 2805 tantutn
1471 2754 1738 2822 superbia:
1770 2770 1915 2807 mor-

341 2826 410 2879 bo
445 2828 646 2880 vexari.
692 2824 797 2878 Sed
843 2824 886 2877 si
936 2824 1097 2876 animi
1149 2822 1264 2892 ejus
1310 2833 1533 2893 pestem,
1583 2840 1687 2893 qua
1729 2825 1917 2892 praeci-

340 2899 538 2963 pitatur
582 2896 849 2947 incensus.
882 2893 1398 2963 snbtiliterialteque
1442 2892 1731 2957 ritnemini,
1769 2895 1913 2947 inve-

341 2962 499 3020 nietis
521 2981 640 3019 eum
668 2974 723 3017 et
767 2963 1079 3031 perditionis
1127 2962 1245 3032 ejus
1289 2963 1561 3028 cupidum,
1589 2963 1739 3032 cujus
1768 2967 1915 3033 cupit

343 3037 645 3097 interitum,
673 3042 727 3087 et
766 3034 1029 3099 Sttpetbim
1056 3038 1192 3085 malo
1224 3034 1416 3096 teneri,
1447 3049 1551 3101 quo
1580 3035 1680 3088 sibi
1722 3036 1916 3102 jugiter

338 3106 639 3171 ingemiscit
679 3105 954 3157 meliorem
983 3106 1065 3157 cui
1100 3105 1333 3156 invideat
1368 3102 1642 3158 anteferri.
1677 3106 1803 3169 Quis
1835 3106 1910 3158 fac

337 3181 441 3229 cie
488 3181 664 3245 potest
703 3176 861 3242 quale
891 3174 958 3226 sit
1008 3175 1105 3245 hoc
1156 3175 1350 3225 malum
1383 3173 1559 3245 verbis
1588 3174 1908 3240 exprimere,

336 3242 724 3315 quod’invidus
751 3245 875 3298 odio
905 3242 1131 3297 hominis
1164 3244 1497 3315 persequitur
1518 3246 1753 3297 divinum
1784 3262 1912 3298 titti-

334 3313 437 3369 tius
489 3316 540 3368 in
592 3314 838 3375 homine,
890 3330 1009 3368 cum
1064 3314 1234 3380 potius
1285 3313 1448 3366 amari
1506 3316 1664 3367 homo
1721 3316 1913 3370 debeat

335 3387 494 3439 etiam
531 3400 625 3454 pro
655 3384 735 3437 sui
777 3384 953 3437 meriti
993 3383 1532 3437 sanctitate‘9'l‘antos
1572 3384 1781 3437 invidos
1820 3387 1911 3438 ha-

338 3459 420 3509 Itel
443 3454 585 3524 illata
620 3470 772 3522 poena
800 3463 1045 3517 tortores,
1080 3462 1309 3522 quantos
1343 3454 1632 3508 invidioSus
1666 3455 1909 3510 habuerit

338 3528 664 3579 laudatore~.
724 3525 998 3589 Siquidem
1052 3524 1366 3577 invidiosum
1423 3524 1547 3577 facit
1594 3526 1905 3579 excellentia

336 3596 540 3662 Itlt‘l‘ili,
588 3595 822 3647 invidum
876 3609 1024 3660 [uana
1078 3594 1301 3661 peccati.
1356 3592 1465 3647 Nec
1498 3595 1544 3647 ei
1588 3598 1653 3648 ab
1693 3596 1907 3653 homine

337 3675 514 3734 potest
542 3665 791 3734 adhiberi
809 3665 1122 3734 remedium,
1147 3662 1297 3730 Cujus
1319 3676 1403 3715 est
1431 3667 1619 3719 vulnus
1636 3670 1906 3721 occultum

338 3732 495 3805 (Vide
517 3752 670 3801 supra
696 3751 739 3786 c.
770 3733 861 3797 24,
892 3745 938 3785 et
964 3732 1118 3795 lsid.,
1143 3748 1197 3786 ιιι
1227 3734 1397 3797 Sent.,
1428 3750 1544 3805 cqp.
1567 3734 1678 3804 25).

405 3805 457 3857 8.
493 3806 608 3857 Jam
655 3821 794 3857 nunc
828 3806 1104 3856 Videamus
1146 3806 1336 3867 quibus
1379 3803 1585 3857 indiciis
1617 3806 1781 3871 possit
1817 3821 1877 3860 sn

336 3877 516 3944 perbia
559 3874 905 3941 deprehendi,
942 3884 992 3925 ut
1045 3876 1178 3926 sient
1226 3875 1275 3925 in
1319 3876 1683 3940 superioribus
1713 3878 1905 3931 claruit

333 3945 496 4012 (Vide
524 3946 611 3996 lib.
640 3960 696 3997 tu
723 3944 1056 4009 Seut.,c.‘25)
1082 3944 1282 3996 nullum
1311 3956 1583 4008 peccatum
1613 3960 1764 4012 posse
1789 3948 1906 4002 sine

333 4018 421 4069 illa
452 4014 736 4079 committi,
768 4016 836 4066 ita
871 4013 955 4067 hic
982 4018 1128 4083 signa
1160 4015 1275 4080 ejus
1301 4017 1562 4079 eluceaut,
1596 4017 1786 4082 quibus
1814 4034 1903 4070 ca-

332 4087 499 4140 venda
532 4084 713 4155 ροεθίι
737 4084 966 4138 ostendi.
1017 4085 1213 4155 Umitto
1264 4084 1382 4138 illos
1412 4099 1545 4153 quos
1586 4085 1745 4139 etiam
1792 4088 1903 4154 ipse

330 4153 545 4211 habitus
604 4166 657 4208 et
704 4153 942 4207 incessus
992 4154 1251 4219 superbos
1304 4157 1611 4208 ostendunt.
1668 4153 1901 4220 Quorum

324 4236 510 4282 erecta
541 4227 744 4289 cervix,
796 4226 956 4277 facies
1006 4236 1176 4289 torva,
1217 4236 1391 4279 truces
1437 4225 1595 4288 oeuli,
1624 4234 1678 4279 et
1724 4242 1902 4280 sermo

333 4296 583 4349 terribilis
630 4296 826 4347 nudam
871 4295 1175 4361 superbiam
1218 4296 1487 4348 damnant.
1523 4296 1642 4361 Qtti,
1680 4296 1902 4352 libidine

330 4366 638 4419 dotuinandi
673 4365 922 4433 possessi,
957 4381 1088 4431 quos
1123 4376 1340 4430 possunt
1371 4365 1629 4419 violenter
1657 4368 1756 4422 sbi
1780 4370 1901 4421 sub-

329 4439 539 4505 jiciunt,
582 4437 808 4488 humana
858 4435 1141 4502 divinaque
1180 4435 1297 4503 jura
1344 4436 1696 4504 confundunt,
1734 4440 1898 4491 hono-

330 4510 481 4561 ribus
538 4509 916 4561 iututnescunt.
975 4505 1179 4558 Passim
1229 4516 1417 4559 cuncta
1466 4506 1743 4573 ditipiunt,
1786 4510 1896 4563 suis

328 4578 645 4631 criminibus
687 4576 960 4647 gaudettt,_
988 4584 1042 4627 et
1089 4574 1294 4642 seipsos
1340 4577 1606 4643 superbia:
1660 4579 1894 4647 corrupti

330 4652 521 4703 morbo
545 4663 647 4701 non
665 4644 897 4713 capiunt.
921 4644 1025 4697 Hos
1048 4660 1175 4714 ergo
1205 4655 1485 4712 praetereo,
1510 4646 1560 4700 in
1583 4648 1774 4715 quibus
1802 4644 1894 4702 εὐ-

332 4718 514 4786 per’bia
564 4729 669 4771 tam
715 4726 898 4783 aperte
930 4724 1134 4784 regnat,
1176 4726 1232 4768 ut
1267 4730 1370 4786 nec
1397 4716 1679 4785 dignentur
1704 4733 1763 4772 se
1802 4734 1895 4773 oc-

327 4785 556 4850 cultare,
590 4804 688 4842 nec
734 4787 960 4840 valeant.
993 4790 1117 4839 Illos
1147 4785 1498 4853 perdolendos
1535 4788 1780 4854 ostendo,
1810 4798 1895 4841 at-

330 4874 436 4929 que
480 4873 665 4913 eorum
713 4858 957 4929 exempla
996 4855 1233 4929 cavenda
1261 4857 1567 4929 “denuntio,
1609 4873 1743 4924 quos
1785 4861 1895 4927 jam

329 4925 641 4991 conversos,
671 4935 723 4981 et
742 4925 1122 4994 aliquantulum
1155 4926 1493 4995 proﬁcientes
1530 4925 1898 4995 superbia‘oc-

329 5000 477 5051 culte
500 4999 751 5065 captiVat,
780 5011 912 5060 quos
934 4998 984 5048 in
1019 4996 1339 5063 profundum
1382 4997 1644 5052 malorum
1675 4996 1895 5053 trandu-

336 5071 477 5123 lenta
516 5072 857 5119 damnatione
904 5067 1231 5134 praecipitat,
1279 5076 1333 5119 et
1379 5081 1445 5137 ne
1494 5068 1616 5121 inde
1668 5084 1894 5137 unquam

330 5139 540 5207 possint
586 5152 881 5205 emergere,
922 5137 1118 5206 jugiter
1164 5138 1353 5190 calcat.
1398 5136 1510 5205 Ipsa
1554 5140 1604 5191 ιιι
1647 5136 1896 5195 cordibus

330 5209 517 5263 talium
550 5209 722 5262 locum
750 5207 1123 5260 diabolotacit.
1153 5207 1268 5274 Ipsa
1311 5207 1360 5260 ei
1391 5209 1692 5262 advenienti
1725 5212 1895 5263 muni-

328 5289 443 5334 tutu
487 5289 669 5348 pectus
697 5278 1020 5331 familiariter
1048 5276 1247 5348 pandit.
1282 5275 1395 5344 Ipsa
1428 5278 1783 5335 introeuntem
1807 5297 1895 5335 su-

325 5347 506 5419 scipit.
544 5350 657 5419 Ipsa
685 5350 853 5417 captis
877 5349 965 5415 jus
989 5347 1192 5413 perdite
1217 5348 1422 5401 vivendi
1451 5352 1745 5405 conatituit.
1780 5352 1893 5419 Ipsa

326 5421 580 5474 ontnibus
614 5420 765 5473 bonis
793 5426 1053 5481 exarmat,
1086 5431 1216 5484 quos
1247 5419 1413 5472 semel
1454 5420 1729 5475 invaserit.
1780 5423 1893 5488 Ipsa

328 5491 585 5559 quidquid
628 5491 680 5541 in
712 5490 787 5540 eis
814 5488 1125 5559 remanserit
1152 5489 1290 5554 quod
1337 5489 1479 5542 vitiis
1510 5492 1676 5555 possit
1705 5492 1891 5557 obniti,

331 5576 399 5614 ne
431 5558 613 5613 contra
645 5573 705 5611 se
734 5560 868 5610 forte
892 5558 1245 5621 convalescat,
1280 5559 1557 5613 interimit.

403 5634 456 5683 υ.
494 5632 616 5682 lude
644 5626 787 5681 enim
810 5635 967 5681 estut
993 5626 1043 5678 lti
1077 5641 1208 5692 quos
1237 5628 1481 5695 superbae
1522 5630 1715 5684 mentis
1745 5631 1894 5685 tabes

332 5702 613 5769 purulenta
644 5698 958 5766 corrumpit,
983 5702 1267 5769 scutorum
1306 5713 1522 5769 suorum
1567 5718 1669 5755 non
1709 5702 1893 5755 obser-

334 5766 462 5826 vant
492 5772 734 5841 imperia,
766 5774 857 5824 sed
880 5766 1137 5840 judicent.
1172 5767 1246 5823 De
1272 5768 1383 5822 suis
1416 5770 1581 5841 284
1618 5771 1888 5842 negligen-

2017 1834 2276 1900 docéudo,
2309 1838 2528 1893 clamosi
2555 1842 2603 1891 in
2634 1839 2918 1905 loquendo,
2946 1838 3205 1891 fastidiosi
3230 1839 3282 1892 in
3307 1834 3595 1906 audiendo,

2018 1906 2257 1962 etfreuatt
2287 1910 2599 1962 deformiter
2628 1913 2676 1961 in
2707 1909 2990 1974 cachinno,
3018 1913 3229 1963 onerosi
3272 1912 3479 1975 amicis,
3512 1913 3599 1966 itt-

2018 1976 2138 2031 festi
2190 1980 2402 2048 quietis,
2434 1979 2625 2050 ingrati
2673 1982 2863 2034 bcnetit
2883 1980 2966 2044 iis,
3010 1980 3175 2033 iuf'ta;i
3222 1981 3516 2050 obsequiis,
3546 1994 3601 2038 et

2020 2050 2291 2114 imperiosi
2324 2048 2600 2116 subjectis.

2091 2119 2175 2173 10.
2210 2120 2333 2195 ile
2349 2128 2485 2195 sunt
2529 2119 2791 2195 superbia}
2834 2121 3372 2195 grassantisindieia,
3405 2125 3598 2195 quibus

2022 2187 2160 2243 Deus
2187 2189 2495 2254 offenditur,
2528 2187 2930 2256 etrecedit,'ac
2959 2193 3186 2258 Superba
3228 2194 3389 2246 cut-da
3424 2187 3599 2249 ἐιυςιί-

2020 2258 2135 2311 tuit.
2186 2261 2277 2313 llis
2302 2260 2458 2314 malis
2486 2259 2730 2315 diabolus
2763 2272 2944 2328 pastus
2973 2258 3223 2322 ex~'ult:tt,
3255 2272 3310 2317 et
3342 2266 3598 2318 invitatur

2018 2339 2074 2381 ut
2101 2332 2293 2405 veniat.
2326 2331 2598 2405 superbas
2643 2341 2848 2405 mentes
2898 2333 3058 2405 intrat
3098 2340 3152 2383 ιιι
3204 2342 3402 2405 teneat,
3437 2337 3599 2405 erigit

2020 2400 2286 2471 utclidat,
2340 2401 2481 2453 fovet
2528 2412 2583 2453 tit
2639 2404 2845 2470 perdat.
2894 2402 2992 2465 Qui
3050 2404 3497 2471 inexplicabiliter
3524 2400 3595 2460 ile

2017 2468 2130 2536 ipsa
2179 2471 2503 2539 perditorum
2559 2468 2870 2536 captivitate
2924 2468 3192 2539 tripudiat,
3246 2485 3300 2526 ut
3353 2478 3594 2542 cap'ivos

2016 2553 2163 2614 suos,
2199 2556 2333 2609 quos
2363 2542 2625 2614 superbia:
2647 2541 2856 2610 juribus
2900 2543 2997 2596 sibi
3042 2544 3289 2614 siibiccit,
3318 2541 3440 2611 jure
3472 2562 3595 2614 pos-

2017 2611 2206 2682 sideat,
2245 2619 2299 2665 et
2320 2611 2496 2663 omnia
2530 2612 2618 2665 illa
2648 2613 2923 2680 malaque
2965 2613 3211 2682 superius
3242 2611 3598 2682 comprehen-

2017 2679 2066 2752 di
2092 2695 2193 2752 per
2224 2681 2344 2752 illos
2387 2690 2661 2736 exerceat.
2704 2679 2889 2735 Merile
2938 2679 3096 2750 igitur
3150 2679 3471 2752 υθνὶυείυιη
3502 2688 3596 2742 “ei

2014 2748 2269 2817 judicium
2312 2750 2633 2805 deseruntur
2659 2748 2982 2819 huiusmodi,
3014 2753 3223 2806 occulto
3248 2748 3595 2820 paedamuati

2017 2821 2320 2886 supplicio,
2378 2824 2629 2886 quoniam
2702 2839 2807 2876 non
2885 2822 3147 2877 violenter
3201 2824 3440 2893 addicti,
3499 2831 3595 2884 sed

2015 2900 2212 2957 sponte
2240 2893 2439 2944 cedunt
2469 2893 2730 2959 Superbiae
2759 2894 3075 2959 decipientis
3104 2894 3350 2961 imperio,
3374 2900 3459 2951 cui
3488 2899 3595 2953 uti-

2015 2974 2118 3031 que
2160 2965 2382 3028 possint,
2415 2963 2458 3015 si
2490 2966 2773 3029 \oluerint,
2807 2978 3104 3031 repugnare
3137 2964 3318 3019 libera:
3353 2969 3596 3022 volunta-

2020 3030 2085 3082 tis
2114 3033 2353 3098 at‘bttrio,
2407 3033 2628 3087 liberato
2679 3050 2768 3101 per
2815 3030 3011 3086 domitu
3062 3035 3227 3089 sancti
3281 3038 3510 3102 Spiritus
3539 3051 3595 3094 et

2019 3103 2242 3174 munito.
2282 3104 2656 3174 \lerumtamett
2688 3106 2847 3157 etiam
2880 3106 3012 3158 tales
3038 3104 3082 3157 si
3131 3106 3193 3157 ad
3229 3108 3590 3174 tecipieudattt

2016 3172 2240 3242 salutem
2284 3171 2538 3227 divinitus
2568 3174 2784 3227 animati
2830 3189 2978 3239 Spem
3012 3171 3357 3242 resipisceudi
3406 3183 3630 3234 cmtci-.

2015 3241 2180 3306 piant,
2204 3256 2300 3296 nec
2321 3259 2380 3297 se
2404 3246 2455 3296 in
2484 3244 2715 3311 peccatis
2737 3245 2846 3296 snis
2866 3245 3205 3314 desperando
3221 3256 3589 3314 contemnant,

2012 3321 2265 3377 poterunt
2313 3315 2596 3366 fruetuoSa:
2642 3314 3024 3367 satisfactionis
3073 3313 3463 3371 medicamento
3506 3313 3594 3372 sa-

2012 3385 2147 3443 nari,
2179 3392 2231 3433 et
2278 3384 2609 3448 superbiam.
2640 3398 2759 3451 qua:
2799 3398 2891 3436 eos
2923 3399 2952 3435 a
2994 3382 3105 3436 Deo
3150 3398 3246 3435 suo
3278 3388 3593 3443 tumefactus

2010 3461 2349 3513 excusserat,
2391 3452 2620 3506 fundata:
2657 3454 2969 3505 humilitatis
3018 3455 3389 3522 assumptione
3418 3457 3591 3513 domi-

2011 3530 2221 3595 nantes,
2255 3524 2479 3575 vinculis
2508 3523 2866 3595 damnationis
2912 3522 3138 3577 absolvi.
3180 3529 3329 3588 Quod
3361 3529 3592 3595 qualiter

2010 3590 2121 3666 fieri
2152 3599 2339 3659 possit,
2371 3608 2528 3660 supra
2565 3594 2673 3660 jam
2706 3594 2958 3657 diximus,
2991 3609 3110 3647 cum
3162 3595 3227 3649 de
3260 3590 3591 3666 ipsa‘super-

2011 3661 2114 3725 bia,
2151 3666 2289 3716 unde
2321 3665 2659 3736 processerit,
2707 3681 2813 3736 quo
2860 3666 3186 3732 pervenerit.
3222 3669 3347 3733 quid
3397 3661 3585 3736 egerit,

2009 3740 2376 3786 tractaremus.
2408 3735 2537 3786 Nam
2570 3752 2597 3785 ει
2632 3735 2843 3787 diabolo
2875 3735 3151 3800 processit,
3200 3737 3264 3787 ad
3313 3735 3584 3793 hominem

2006 3801 2231 3867 primum
2272 3807 2531 3870 pervenit,
2574 3817 2626 3860 et
2654 3804 2704 3856 in
2754 3806 2866 3871 ipsi»
2898 3815 3064 3857 totum
3097 3820 3266 3872 genus
3295 3808 3583 3863 humanum

2004 3873 2151 3952 velut
2181 3875 2230 3925 in
2274 3876 2452 3952 radice
2493 3876 2720 3927 fruetum
2763 3885 2963 3928 natura:
2993 3884 3187 3942 Sponte
3211 3882 3479 3943 peccantis
3510 3883 3584 3933 vi—

2007 3946 2222 3996 tiatioue
2244 3946 2498 4009 corrupit.

2078 4014 2164 4067 tl.
2197 4016 2303 4067 Urd
2329 4014 2494 4088 {ipse
2524 4015 2730 4066 videtur
2764 4015 2979 4082 exigere
3014 4023 3074 4088 ut
3113 4019 3181 4070 de
3222 4016 3421 4070 invidia
3447 4035 3591 4088 quo--

2004 4097 2105 4146 que
2129 4098 2293 4148 pauca
2316 4084 2577 4151 dicamus,
2601 4100 2717 4151 quae
2742 4088 2789 4137 in
2822 4097 3021 4137 tantum
3046 4086 3112 4139 de
3140 4089 3404 4154 superbia:
3436 4084 3582 4145 fonte

2005 4154 2259 4225 manavit,
2289 4164 2345 4205 ut
2374 4153 2638 4220 diabolus,
2672 4157 2757 4221 qui
2791 4171 2880 4219 per
2907 4158 3212 4223 superbiam
3256 4159 3436 4225 periit,
3473 4162 3582 4214 bo-

2003 4223 2200 4297 ntinem
2246 4225 2473 4297 prirnum
2511 4226 2686 4297 atatim
2728 4239 3015 4297 succensus
3044 4223 3266 4281 invidiae
3299 4230 3421 4283 felle
3456 4247 3577 4297 per-

2003 4290 2215 4368 diderit.
2247 4290 2521 4368 Proinde,
2573 4294 2692 4363 quia
2741 4296 2882 4368 idem
2930 4296 3174 4351 diabolus
3216 4290 3579 4368 superbieudo

2004 4361 2213 4433 invidus
2244 4364 2505 4433 superbus
2534 4361 2797 4432 apparuit,
2832 4382 2934 4419 non
2980 4368 3226 4433 superbia
3260 4361 3461 4424 fructus
3500 4373 3580 4425 itt-

2004 4433 2158 4507 vidize
2184 4432 2428 4500 t'uit,’sed
2457 4435 2654 4489 invidia
2684 4452 2746 4489 ex
2777 4432 3057 4503 superbiae
3085 4438 3261 4491 radice
3291 4444 3575 4507 processit,

1923 4491 1976 4551 D
2004 4505 2144 4575 unde
2172 4491 2425 4575 quoniam
2456 4516 2709 4572 quantum
2762 4491 2966 4561 invidos
3012 4507 3213 4575 affluat
3243 4491 3577 4564 iu'odid'éiil

1999 4574 2178 4647 perior
2205 4588 2383 4647 sermo
2408 4573 2520 4647 jam
2564 4576 2816 4643 prodidit,
2852 4592 2954 4629 non
2989 4577 3074 4630 hic
3103 4573 3170 4630 de
3208 4576 3346 4631 illius
3376 4581 3579 4647 suppli-

1997 4648 2083 4714 cio
2114 4644 2395 4699 dicendum
2438 4645 2669 4707 videtur,
2701 4662 2806 4714 quo
2853 4661 2977 4701 suos
3025 4648 3235 4700 animos
3283 4644 3455 4702 invidi
3482 4644 3577 4703 Vla-

1998 4713 2194 4767 niando
2214 4715 2535 4781 conficiunt;
2566 4716 2659 4771 sed
2691 4713 2789 4769 hoc
2819 4725 3043 4779 tantum,
3068 4718 3302 4771 donante
3330 4719 3573 4783 Domino,

1997 4785 2255 4838 debemus
2280 4788 2584 4849 ostendere,
2612 4786 2845 4853 qualiter
2874 4786 3033 4840 invidi
3066 4802 3253 4842 secure
3285 4789 3570 4845 viventium

1999 4855 2187 4909 merita
2215 4872 2309 4911 sua
2330 4857 2527 4928 iaciant
2556 4856 2843 4909 invidendo
2869 4856 3029 4928 285
3062 4872 3299 4922 pecca'a,
3325 4870 3379 4913 et
3406 4877 3577 4928 quatt-

2000 4936 2107 4978 tum
2138 4928 2189 4979 itt
2220 4928 2298 4981 eis
2328 4927 2523 4980 bonum
2555 4938 2859 4991 corrumpat
2901 4927 3120 4981 invidia.
3151 4927 3575 4996 Quidquid’boni

1998 4997 2111 5049 ticri
2155 4999 2235 5052 vel
2268 4997 2371 5050 dici
2414 5011 2443 5047 a
2493 4999 2691 5051 sanctis
2723 4996 3011 5061 audierint,
3060 5008 3153 5051 aut
3198 5002 3418 5052 omnino
3464 5018 3572 5055 ιιυιι

1997 5067 2242 5134 credunt,
2298 5074 2388 5118 attt
2432 5082 2517 5120 res
2560 5068 2694 5140 bene
2724 5076 2901 5136 gestas
2957 5068 3007 5121 iu
3063 5070 3258 5122 utalqu
3312 5076 3575 5140 interpre-

2000 5139 2164 5219 tando
2190 5147 2527 5215 convertunt.
2558 5138 2961 5219 Datne-malum
3002 5140 3141 5219 quod
3165 5139 3400 5219 de_illi_s_
3424 5138 3575 5219 men-

1997 5208 2615 5279 daxpfamajactaverit,
2646 5208 2847 5275 atatim,
2892 5208 3041 5276 quasti
3089 5209 3133 5262 si
3165 5210 3265 5279 ipsi
3315 5210 3569 5278 viderint,

1997 5277 2242 5332 credunt.
2272 5276 2529 5331 Feraliter
2558 5279 2637 5331 eis
2666 5280 2752 5350 qui
2784 5280 2909 5332 illud
2953 5294 3134 5350 verum
3168 5276 3271 5333 non
3302 5295 3423 5333 esse
3448 5276 3572 5350 pro;

1996 5350 2124 5400 bare
2167 5350 2432 5401 voluerint
2460 5348 2851 5401 contradicunt.
2880 5348 3067 5403 Omnia
3098 5349 3207 5403 sitis
3238 5348 3570 5405 temulis'liu-

1996 5425 2149 5488 gout,
2179 5434 2361 5472 eorum
2406 5418 2642 5483 profectu
2684 5417 2959 5472 deficiunt.
3000 5418 3133 5473 Udia
3183 5420 3318 5474 intra
3372 5435 3430 5473 se
3479 5425 3573 5476 ab-

1994 5492 2278 5559 scondunt,
2324 5489 2375 5540 in
2425 5503 2551 5541 suos
2601 5489 2869 5559 cruciatus
2915 5488 3210 5552 enutriunt,
3244 5492 3574 5559 proficienti-

1995 5558 2095 5611 bus
2143 5558 2400 5625 iuvident,
2448 5560 2787 5625 peceatttibus
2838 5558 3051 5624 favent,
3104 5558 3363 5615 bonorum
3419 5565 3573 5616 malis

1993 5633 2253 5701 gaudent.
2283 5631 2357 5683 De
2389 5629 2712 5701 profectibus
2753 5628 2955 5697 lugent,
3005 5631 3054 5684 in
3107 5630 3399 5686 inimicitiis
3445 5649 3568 5701 gra-

1996 5702 2144 5755 tuitis
2165 5699 2370 5761 ardent,
2398 5699 2722 5769 deprehendi
2748 5710 3048 5768 peccatores
3075 5715 3167 5769 per
3194 5702 3277 5757 sui
3314 5699 3568 5758 malitiam

1998 5774 2207 5837 timent,
2234 5784 2444 5846 semper
2466 5772 2653 5840 amari,
2684 5785 2950 5840 nunquam
2980 5773 3129 5841 certi,
3164 5772 3318 5830 amici
3347 5773 3569 5841 diaboli,
