4180 6178
568 326 706 383 “99

1272 325 1360 376 ΑΙ)
1399 324 1455 378 S.
1500 324 1749 379 lSlDOlll
1790 320 2229 379 lllSPAl.ENSlS
2268 322 2495 378 OPEllA
2536 322 2976 380 APPENDICES.

3697 326 3833 379 l‘th}

567 442 767 497 inimici
816 439 974 493 etiam
1030 437 1131 490 sui.
1187 436 1446 490 Omnibus
1493 436 1689 501 odiosi,
1745 439 1808 489 ad
1858 436 2136 500 gaudenda
2171 436 2216 491 A
2244 436 2320 487 cis
2354 436 2593 499 miseris,
2626 452 2803 490 amara
2835 437 3117 503 perfectis,
3151 437 3455 503 periculosa
3487 436 3695 499 dubiis.
3732 441 3834 491 im-

566 515 735 576 anxii,
791 509 854 563 ad
908 506 1201 577 plangeuda
1253 505 1397 568 lani,
1451 507 1645 573 ubique
1699 510 1953 575 perversi.
2006 510 2130 562 lutei

565 586 765 639 amicos
814 578 1131 634 discordiam
1207 577 1495 632 sentinaut.
1550 577 1925 632 Discordattles
1972 589 2141 633 ιιιιυιν-

566 658 692 717 tius,
719 654 763 705 si
792 661 1031 717 possunt,
1056 648 1108 699 in
1139 645 1401 699 discordia
1432 648 1773 700 confirmant.

637 725 723 776 19..
765 720 1078 787 Opinionem
1114 718 1374 787 bonorum
1406 718 1695 770 mendaciis
1724 718 2057 771 decolorant.
2087 719 2143 772 lu

566 792 935 863 spiritualibus
959 787 1190 841 carnalia
1219 786 1435 863 laudant
1454 827 1468 849 ,
1496 796 1559 863 ut_
1578 786 1874 863 Spiritualia
1907 790 2041 842 bona
2068 790 2145 863 eis

564 856 753 918 deesse
785 864 1161 929 persuadeant.
1212 856 1487 929 Amicitias
1506 857 1771 929 _sitnulant
1796 897 1811 921 ,
1843 869 1899 912 ut
1928 875 2021 911 eos
2052 862 2143 925 qui

563 950 625 990 se
671 934 723 988 in
765 927 1024 987 charitate
1066 927 1165 981 sibi
1214 927 1582 981 commiserint
1619 943 1723 997 qua
1767 939 1992 997 possunt
2031 942 2146 985 arte

562 1004 868 1072 decipiant,
900 998 1273 1072 odiorumsibi
1309 999 1618 1051 occasiones
1665 1001 1844 1067 pravis
1885 1000 2148 1059 suspicio-

565 1069 722 1130 nibus
751 1077 1109 1131 coacervaut;
1143 1069 1417 1121 dtemoncs
1445 1110 1458 1131 ,
1491 1083 1716 1136 quorum
1762 1080 2039 1123 sectantur
2070 1072 2145 1120 l‘a-

566 1156 681 1211 cta,
736 1143 1037 1211 ltetilicant,
1086 1149 1322 1211 sanctos
1359 1140 1537 1201 viros,
1587 1141 1779 1206 quibus
1827 1150 1951 1194 sunt
2000 1141 2141 1204 noti,

564 1209 902 1271 contristant.
937 1210 1095 1264 Velut
1125 1210 1280 1262 amici
1312 1209 1363 1262 in
1395 1212 1683 1275 obsequio,
1719 1210 1899 1263 hostes
1944 1212 1994 1263 in
2026 1211 2147 1263 ani-

563 1302 693 1349 nio;
724 1286 1059 1340 continentes
1088 1281 1139 1332 in
1177 1282 1374 1341 verbo,
1408 1289 1590 1345 turpes
1634 1283 1683 1331 in
1732 1281 1869 1333 facto
1896 1296 1911 1341 ;
1944 1281 2145 1348 prodigi

563 1366 897 1412 secretorum
942 1352 1235 1410 malorum,
1271 1360 1485 1403 tenaces
1518 1350 1920 1416 suspicionum,
1956 1352 2144 1405 inanes

562 1428 825 1485 bonorum
849 1467 861 1483 ,
899 1423 1039 1489 pleni
1068 1422 1301 1473 sordium
1325 1464 1339 1479 ,
1371 1419 1577 1487 βτιιξάίιί
1610 1422 1883 1474 fraudibus
1906 1462 1918 1479 ,
1950 1422 2146 1475 adver-

562 1498 691 1553 sarii
732 1494 897 1549 corde
927 1492 1245 1548 virtutibus,
1295 1492 1437 1553 pravi
1486 1490 1753 1549 moribus,
1805 1500 1860 1543 et
1904 1492 2143 1544 insidiosi

563 1569 771 1622 cunctis
813 1579 993 1617 secum
1042 1566 1094 1613 in
1151 1558 1492 1627 simplicitate
1534 1560 1858 1615 viventibus.
1908 1563 2062 1625 llaec,
2093 1574 2147 1616 et

567 1640 686 1691 talia
735 1646 887 1697 sunt,
922 1649 1038 1699 quae
1069 1646 1257 1684 omnes
1287 1630 1495 1681 invidos
1527 1629 1678 1683 bouis
1712 1640 1834 1683 voto
1879 1646 1991 1685 sive
2021 1634 2145 1684 aui-

567 1726 655 1763 mo
686 1708 930 1761 inimicos
962 1702 1274 1756 ostendunt.
1319 1700 1370 1751 lu
1418 1700 1533 1754 hrcc
1564 1701 1696 1753 mala
1732 1703 2024 1755 deteniunt
2053 1704 2142 1770 qui

2252 508 2458 570 periosa
2505 507 2782 577 subjec-is.
2820 509 3025 561 Faciles
3053 512 3320 576 captivat,
3355 510 3649 577 captivatos
3678 511 3833 563 oble-

2248 588 2349 647 ceu
2374 616 2389 635 ,
2417 576 2729 647 ambitiosos
2760 589 2947 644 vexat,
2979 588 3231 647 angustos
3259 576 3437 641 inflat,
3482 579 3695 631 inﬂatos
3727 582 3827 631 hu—

2251 646 2439 697 miliat.
2490 646 2586 699 Cui
2636 650 2875 701 Serviunt
2929 646 3148 711 tumidi,
3200 651 3298 702 sub
3327 666 3427 712 qua
3456 648 3638 718 jaCetit
3665 651 3830 715 elati,

2247 732 2408 787 quant
2442 718 2717 771 ith-niuut
2750 719 2975 784 perditi,
3020 720 3084 771 ad
3126 734 3285 787 quam
3329 728 3549 773 currunt
3592 719 3773 786 lamnr
3814 764 3829 782 ,

2248 785 2301 839 in
2331 802 2432 854 qua
2473 787 2573 840 sibi
2620 789 2867 843 videntur
2906 797 3051 843 stare
3094 785 3250 853 lapsi.
3294 789 3416 843 llrcc
3458 797 3537 841 est
3582 785 3827 849 vanitas,

2248 870 2367 922 qua:
2399 873 2503 911 non
2532 858 2736 923 aliquas
2764 863 3013 922 virtutes,
3046 871 3100 911 ut
3132 870 3366 926 putatur,
3396 860 3703 921 exanhelat,
3736 864 3829 912 sed

2251 927 2518 980 licentiam
2552 928 2830 993 vitiorum,
2862 944 2981 983 cum
3017 929 3214 982 fuerint
3243 929 3308 982 de
3339 932 3545 984 vitiosis
3575 940 3791 992 recepta
3812 971 3830 993 ,

2248 1000 2583 1050 corroborat.
2623 997 2886 1053 Caeterum
2938 1011 3141 1052 mentes
3188 1000 3436 1053 virtutum
3486 1001 3668 1065 plenas
3709 1018 3830 1051 om-

2251 1067 2375 1119 nino
2403 1084 2507 1120 non
2545 1078 2787 1134 penetrat
2815 1087 2829 1133 ;
2864 1084 3057 1122 vacuus
3088 1086 3217 1137 ergo
3244 1085 3305 1122 ac
3339 1086 3406 1123 nu
3433 1070 3501 1123 lis
3532 1071 3693 1121 tullus
3725 1072 3833 1121 vir—

2252 1138 2453 1189 ttttibus
2485 1148 2649 1191 tentat
2672 1180 2684 1196 ,
2717 1150 2771 1192 et
2800 1141 2943 1201 ipso-5
2977 1139 3113 1192 fastu
3144 1143 3372 1192 ruinosze
3403 1139 3706 1193 ambitionis
3751 1144 3834 1192 itt-

2250 1208 2404 1277 ﬂatus
2436 1209 2486 1261 in
2517 1210 2724 1261 occulta
2756 1211 3017 1262 dedi-cora
3052 1212 3294 1277 qu:e.lam
3330 1212 3556 1272 publica:
3589 1211 3832 1261 fruendae

2253 1276 2452 1346 [Forte,
2488 1278 2664 1346 famur]
2695 1279 3051 1333 delectatione
3085 1281 3406 1343 praecipitat,
3440 1282 3581 1333 sicut
3609 1296 3828 1332 vacuam

2249 1364 2439 1401 navem
2475 1360 2766 1417 tempestas
2798 1351 2848 1402 in
2880 1350 3089 1403 diversa
3125 1352 3337 1403 tumidis
3367 1352 3615 1404 lluciilms
3640 1352 3828 1417 jactus,

2248 1429 2301 1471 et
2332 1435 2379 1471 In
2414 1434 2538 1471 area
2561 1460 2576 1483 ,
2611 1420 2894 1472 frumentis
2922 1437 3012 1472 sua
3044 1420 3306 1489 gravitate
3337 1422 3677 1473 manentibus
3697 1460 3710 1482 ,
3750 1423 3828 1473 le-

2252 1504 2341 1541 \cs
2371 1505 2434 1542 ex
2466 1503 2526 1542 ea
2559 1500 2747 1543 vivntus
2778 1494 2955 1558 paleas
2984 1500 3177 1557 raptat.
3211 1493 3359 1555 Quod
3392 1492 3438 1544 si
3472 1496 3539 1544 ita
3571 1503 3688 1553 est,
3723 1506 3829 1543 non

2249 1559 2476 1612 vitiosos
2522 1560 2644 1613 facit
2695 1564 2934 1619 vanitas,
2979 1560 3071 1613 sed
3117 1562 3381 1624 ostendit,
3425 1576 3545 1629 quae
3590 1561 3714 1613 illos
3750 1562 3830 1614 sui

2248 1632 2459 1681 alllatus
2512 1644 2670 1683 vento
2715 1631 3057 1692 Circumfert,
3103 1646 3165 1683 ac
3214 1632 3430 1684 lubricis
3472 1632 3832 1685 cireumactos

2248 1703 2525 1753 asl'cctibus
2559 1712 2727 1764 rotat,
2762 1702 2849 1769 qui
2879 1717 2934 1752 se
2963 1702 3026 1753 ad
3059 1716 3248 1755 omnes
3278 1702 3393 1766 ejus
3424 1702 3690 1764 impulsus
3720 1714 3832 1754 stu-

568 1776 880 1832 iusectaudo
910 1772 1229 1850 sectautlos,
1264 1779 1318 1850 et_
1346 1771 1614 1837 diligendo
1644 1772 2034 1850 abominanda:
2068 1778 2143 1826 te-
2176 1790 2221 1850 Β
2248 1770 2337 1850 dio
2368 1771 2594 1836 propria:
2628 1772 2914 1850 voluntatis
2945 1775 3372 1850 aecumstiodaut,
3404 1772 3493 1850 qui
3517 1772 3668 1850 sede
3696 1788 3833 1838 ope-

567 1851 750 1904 raliter
801 1861 830 1898 a
880 1844 1257 1897 communione
1307 1842 1566 1893 bonorum
1608 1843 1843 1895 omnium
1895 1858 1952 1897 se
2001 1844 2142 1908 ipsus

565 1918 852 1974 excludunt
879 1954 893 1976 ,
924 1923 980 1967 ut
1008 1913 1134 1965 illud
1164 1911 1362 1965 bonum
1391 1909 1512 1979 jure
1544 1925 1645 1964 n0u
1681 1913 1747 1964 sit
1778 1912 1829 1964 in
1858 1913 1970 1975 eis,
2004 1912 2146 1977 quod

570 1994 966 2056 persequuntur
998 1985 1049 2038 in
1092 1983 1266 2056 bonis.
1300 1980 1651 2056 Considerate
1676 2022 1688 2044 ,
1720 1983 1982 2047 obsecro,
2018 2000 2149 2051 qua-

569 2051 688 2114 liter
739 2051 945 2111 invidos
992 2052 1238 2117 punitnra
1275 2062 1398 2106 sunt
1446 2051 1584 2105 mala
1621 2067 1752 2117 sua,
1798 2068 1935 2123 quos
1983 2058 2145 2108 etiam

568 2130 705 2185 bona
738 2127 963 2198 puniunt
990 2124 1182 2198 aliena.

647 2192 753 2256 15.’
775 2198 871 2253 Ubi
916 2195 1002 2247 isti
1034 2202 1284 2261 poterunt
1316 2192 1428 2246 fieri
1461 2192 1581 2245 boni
1603 2232 1617 2256 ,
1650 2194 1739 2261 qui
1772 2203 1894 2247 sunt
1924 2194 1974 2247 iu
2008 2194 2148 2248 bono

568 2271 725 2328 ntali,
755 2277 845 2322 aut
873 2264 1253 2334 quando’bene
1291 2265 1445 2316 tnalis
1488 2267 1631 2316 usuri
1675 2272 1833 2325 sunt,
1878 2267 1964 2331 qui
2009 2270 2147 2320 ma'e

568 2340 721 2395 bonis
744 2338 816 2392 ttti
846 2353 949 2391 nou
973 2337 1221 2388 desinunt
1246 2334 1429 2405 illene
1454 2334 1607 2386 malis
1635 2334 1713 2386 usi
1737 2344 1863 2387 sunt
1888 2345 2148 2405 martyres

570 2412 777 2471 sancti,
812 2410 863 2463 in
907 2405 1215 2459 testimonio
1263 2404 1558 2458 Salvator-is
1598 2405 1765 2457 nostri
1809 2404 2059 2469 veraces,
2092 2417 2148 2461 et

570 2483 625 2535 in
658 2479 849 2534 castris
880 2475 1244 2541 spiritualbus
1275 2474 1481 2529 strenui
1530 2475 1813 2541 bellatores
1834 2516 1849 2537 ,
1895 2476 1984 2541 qui
2005 2516 2020 2539 ,
2054 2479 2149 2529 tri-

573 2550 967 2611 bulationibus,
999 2558 1053 2600 et
1093 2546 1305 2599 damnis
1326 2585 1340 2607 ,
1372 2559 1435 2597 ac
1464 2544 1626 2597 variis
1656 2545 1982 2598 Cruciatibus
2012 2544 2146 2601 afﬂi-

569 2623 641 2676 cti
693 2621 889 2688 pariter
935 2626 989 2688 et
1044 2614 1286 2684 probati,
1339 2616 1568 2688 terrenis
1611 2615 1851 2688 caelestia
1900 2625 2145 2688 ttitttave-

571 2684 731 2753 runt',
765 2698 821 2743 et
847 2689 913 2743 de
944 2687 1084 2740 bono
1118 2700 1214 2737 usu
1248 2687 1505 2738 malorum
1541 2685 1760 2750 profecti
1787 2726 1800 2749 ,
1848 2684 1911 2735 ad
1956 2686 2146 2749 gaudia

571 2762 831 2815 honorum
866 2755 1176 2827 perennium
1212 2763 1583 2827 pervenerunt.
1614 2756 1748 2827 item
1792 2754 1945 2809 tionis
1978 2765 2144 2810 utitur

571 2833 782 2885 invidus
829 2824 1002 2892 male,
1048 2830 1169 2892 qui,
1212 2827 1279 2877 ab
1319 2824 1569 2878 omnibus
1613 2824 1766 2877 bonis
1814 2841 1933 2893 qua:
1985 2828 2147 2881 miser

572 2908 882 2956 “curatur
910 2898 1202 2956 abscissus,
1232 2896 1392 2947 animi
1423 2897 1502 2946 sui
1533 2896 1795 2962 supplicio
1827 2896 2147 2965 relinquitur

573 2970 911 3041 afﬂigendus.
957 2969 1024 3041 Et
1070 2967 1186 3041 quis
1225 2967 1304 3041 eis
1344 2965 1536 3041 poterit
1586 2966 1908 3041 subvenire,
1953 2970 2040 3041 qui
2072 2983 2146 3041 se

571 3036 970 3097 sihi'exliibent
1014 3036 1297 3089 invidendo
1342 3037 1663 3091 carnilices?
1709 3037 1813 3089 Aut
1863 3037 2001 3090 umle
2041 3038 2143 3091 sibi

573 3113 786 3165 invidus
818 3108 1024 3177 parabit
1055 3106 1308 3177 salutem,
1338 3108 1426 3175 qtti
1458 3107 1733 3177 desalnt‘s
1764 3108 1982 3177 materia
2014 3124 2143 3160 cou-

574 3183 766 3245 trahit,
797 3175 948 3233 bonis
977 3177 1115 3230 male
1145 3176 1362 3241 utendo,
1400 3176 1733 3242 perniciem?
1762 3175 2143 3231 Verumtamen

574 3257 617 3307 si
672 3252 837 3306 invidi
886 3262 1134 3317 quoque,
1186 3246 1324 3299 sicut
1373 3246 1463 3317 alii
1510 3256 1851 3317 peccatores,
1893 3247 2146 3301 divinitus

574 3323 813 3389 inSpirati
845 3315 1076 3387 in‘spetu
1110 3315 1709 3389 rccttperatitl;esalutis
1738 3327 2050 3387 assurgant,
2084 3332 2146 3372 ac

572 3385 674 3447 sibi
704 3392 930 3459 qualiter
960 3385 1084 3443 sunt
1114 3388 1222 3459 Deo
1263 3386 1510 3455 placituri
1553 3385 1873 3454 displiceant
1894 3385 1919 3451 ,ἡ
1953 3403 2014 3459 st
2040 3404 2146 3441 non

573 3457 851 3518 imitentur
880 3460 1009 3513 Cain
1034 3500 1047 3519 ,
1080 3458 1205 3524 qui,
1237 3460 1548 3525 priusquam
1570 3497 1585 3519 ,
1633 3458 1959 3511 dominantis
2003 3457 2144 3511 invi-

573 3535 677 3589 diae
708 3532 889 3585 furore
917 3536 1179 3589 caecatos,
1207 3542 1464 3593 germano
1495 3541 1593 3580 suo
1633 3529 1793 3580 vitam
1838 3544 1929 3594 per
1970 3529 2147 3581 seelus

573 3601 827 3663 extorsit,
864 3608 918 3652 et
953 3598 1183 3652 animam
1225 3613 1376 3650 suam
1422 3595 1637 3650 fraterni
1678 3598 1920 3663 corporis
1971 3607 2148 3652 morte

574 3674 873 3742 perculsam
906 3668 1171 3742 supplicio
1205 3680 1421 3742 aeternae
1453 3665 1649 3742 ‘mortis
1681 3669 1879 3742 addixit
1901 3684 2146 3742 ,_c_ouse-

574 3737 799 3810 q'uenda:
832 3746 1000 3793 venite
1032 3738 1405 3810 desperatione
1434 3737 1740 3803 depressus,
1770 3740 1841 3789 ait
1872 3737 1935 3790 ad
1969 3738 2149 3791 Domi-

573 3808 699 3868 tium
727 3832 739 3867 :
763 3810 936 3881 Major
963 3822 1030 3863 est
1046 3808 1280 3881 inquiras
1306 3824 1439 3867 mea,
1465 3823 1616 3881 quam
1645 3817 1703 3881 ut
1726 3810 1923 3881 veniant
1953 3825 2149 3862 merear

575 3882 728 3950 (Gen.
762 3877 966 3949 tv,'l5)
996 3896 1010 3943 ;
1046 3878 1145 3931 hoc
1175 3880 1337 3947 286
1361 3888 1439 3931 est
1470 3877 1648 3930 dicere
1682 3879 1789 3932 Deo
1817 3896 1829 3930 :
1871 3880 2148 3946 Indulgere

578 3955 707 4008 mihi
741 3968 844 4006 non
880 3964 1001 4018 peto
1027 3990 1040 4009 ,
1081 3963 1199 4001 cum
1234 3959 1568 4015 peccatorum
1603 3964 1841 4002 meorum
1878 3950 2149 4018 magnitu-

579 4026 705 4079 dine
734 4023 1077 4087 indulgentire
1109 4030 1299 4072 vestrae
1334 4019 1559 4070 vincitur
1592 4020 1916 4087 magnitudo.

649 4095 738 4149 14.
785 4092 1020 4158 Denique
1050 4103 1310 4154 nu-quam
1357 4088 1570 4158 legitur,
1611 4101 1699 4140 aut
1741 4092 1941 4154 pu'uitu
1967 4105 2053 4143 sse
2082 4089 2149 4144 de

577 4178 678 4218 stto
704 4162 942 4223 scelere,
974 4171 1065 4212 aut
1093 4160 1301 4213 veniam
1334 4162 1614 4213 meruisse.
1654 4159 1705 4213 Si
1747 4176 1876 4227 ergo
1899 4201 1913 4223 ,
1946 4161 2013 4213 ab
2048 4164 2150 4213 Int-

575 4232 663 4301 jus
690 4232 1039 4285 abhorrentes
1079 4228 1360 4301 exemplo,
1406 4244 1464 4301 se
1503 4230 1603 4281 sibi
1649 4227 1926 4295 auferant,
1957 4240 2010 4282 et
2042 4231 2149 4282 Duo

578 4298 895 4364 restituant,
927 4313 1027 4353 nec
1052 4313 1110 4352 se
1141 4298 1192 4349 in
1229 4300 1545 4365 profundum
1576 4304 1864 4366 malorum,
1914 4302 2144 4354 salutem

579 4371 914 4440 desperando
938 4410 951 4432 ,
987 4367 1295 4440 projiciant,
1321 4369 1447 4440 quis
1478 4368 1717 4429 dubitet,
1750 4370 1860 4422 into
1890 4374 2011 4438 quis
2054 4373 2145 4423 lir-

582 4436 739 4499 tnitér
768 4458 872 4495 non
912 4438 1097 4495 credat
1138 4437 1216 4492 eis
1255 4436 1447 4502 prioris
1489 4440 1699 4491 malitia;
1740 4436 1945 4493 veniam
1990 4456 2146 4506 posse

579 4511 842 4576 conferri,
874 4512 919 4564 si
953 4508 1143 4573 modo,
1177 4506 1389 4561 invidiae
1430 4507 1650 4561 Vulnere
1691 4519 1914 4575 sanato,
1957 4527 2142 4565 corre-

576 4586 684 4649 cti,
736 4580 1140 4637 amaritudinem
1188 4581 1416 4648 pectoris
1455 4580 1533 4629 sui
1577 4578 1861 4649 dulcedine
1899 4584 2148 4636 fraternae

578 4656 881 4709 dilectionis
910 4650 1211 4719 expellant,
1256 4663 1353 4721 eos
1388 4648 1700 4716 simpliciter
1740 4652 1970 4721 amando
2013 4667 2149 4721 quos

579 4725 830 4785 oderant,
880 4729 937 4774 ut
979 4722 1045 4773 ad
1096 4722 1292 4773 booum
1340 4720 1589 4773 fraternae
1634 4720 2041 4775 communionis
2069 4725 2151 4775 lac

579 4792 761 4866 [Forte
790 4788 875 4866 ac]
908 4794 1050 4866 pacis
1078 4790 1336 4844 bonorum
1369 4793 1895 4866 ontni‘um‘tquorum
1927 4808 2151 4860 gravan-

584 4860 667 4916 iur
696 4860 898 4917 ttteritis
919 4900 933 4923 ,
967 4860 1286 4928 adjuveutur
1313 4860 1620 4925 exemplis?
1651 4860 1743 4913 His
1775 4861 1843 4914 ita
1876 4878 2038 4931 super
2067 4868 2152 4917 in-

586 4937 723 4989 vidia
755 4934 1066 5000 disputatis,
1096 4947 1250 4997 quam
1282 4931 1428 4997 gravi
1462 4931 1600 4982 tuan
1628 4932 1788 4985 etiam
1821 4936 2024 4988 vanitas
2055 4950 2149 4987 va-

581 5020 678 5061 nos
705 5003 968 5065 involvat,
999 5010 1391 5069 consequenter
1417 5001 1718 5069 expediam.

652 5075 740 5128 15.
784 5077 912 5138 Qua!
953 5081 1009 5125 ut
1050 5072 1257 5124 facilius
1290 5072 1439 5124 vitari
1473 5072 1641 5138 possit
1664 5115 1675 5136 ,
1711 5073 1835 5141 quid
1867 5073 1918 5126 itt
1947 5088 2006 5127 se
2033 5087 2153 5128 cor-

582 5144 843 5213 ruptionis
888 5142 1078 5195 habeat
1104 5142 1339 5213 breviter
1368 5141 1722 5213 declarciuus.
1764 5146 1853 5196 Est
1882 5150 2022 5197 enim
2056 5160 2151 5197 va-

580 5212 718 5270 nitas
745 5216 923 5269 iullata
950 5213 1190 5278 quteilam
1218 5212 1359 5264 circa
1380 5212 1765 5266 delectationes
1788 5215 1964 5269 Varias
1990 5214 2153 5268 animi

583 5286 880 5353 languentis
907 5283 1142 5345 atlectio,
1175 5282 1407 5349 potiendi
1441 5283 1657 5334 honoris
1686 5286 1838 5337 avida
1862 5326 1878 5349 ,
1911 5285 2067 5339 simul
2102 5294 2156 5339 et

582 5352 780 5410 nescia.
804 5355 983 5408 Morbo
1004 5353 1337 5407 excellentia:
1362 5352 1531 5404 inanis
1556 5354 1755 5419 inllata,
1775 5371 1902 5408 cava
1934 5369 1983 5407 et
2008 5373 2154 5409 mor-

582 5428 733 5491 bida,
778 5426 1115 5483 turbulenta,
1149 5424 1450 5476 animorum
1498 5423 1690 5475 levium
1739 5426 1974 5479 domina.
2018 5427 2157 5481 Male

585 5497 813 5548 laudatis
831 5496 1082 5566 omnibus
1105 5494 1313 5557 blanda,
1336 5494 1531 5566 suimet
1557 5495 1829 5566 capiendis
1852 5512 2155 5566 repugnan-

583 5568 721 5636 tibus
750 5565 1049 5636 seducturia
1071 5604 1085 5629 ,
1137 5566 1302 5629 captis
1334 5564 1547 5636 invicta.
1595 5565 1876 5618 Sitnulatio
1907 5564 2147 5636 quaedam

577 5635 865 5697 virtutum,
912 5633 1085 5686 anima
1134 5638 1417 5697 vitiorum,
1463 5635 1632 5687 fomes
1675 5633 1967 5690 carnalium
2008 5640 2157 5691 dele-

579 5696 891 5770 ttzitionum,
927 5703 1071 5757 labes
1104 5720 1308 5759 morum
1329 5745 1342 5770 ,
1380 5696 1633 5775 appetitio
1661 5704 2010 5776 dignitatum,
2035 5709 2152 5765 dul-
2200 5696 2205 5699 I

2248 1841 2396 1910 ribus
2425 1856 2653 1910 quorum
2687 1842 2785 1895 sibi
2820 1841 3022 1894 conscii
3058 1858 3159 1894 non
3192 1852 3318 1894 sunt
3351 1842 3573 1907 turpiter
3593 1841 3828 1907 jactattl,

2246 1909 2335 1977 qui
2367 1928 2424 1964 se
2447 1909 2521 1964 ab
2551 1912 2800 1967 omnibus
2830 1912 3107 1979 prmdicari
3128 1952 3141 1973 ,
3177 1928 3271 1979 pro
3304 1911 3490 1965 nefas!
3536 1914 3829 1967 alleciaut.

2248 1981 2338 2045 qui
2394 1992 2608 2035 sauct0s
2659 1983 2801 2036 viros
2855 1986 2935 2035 sui
2986 1984 3391 2046 eotnparatiune
3438 1992 3828 2040 contemnunt,

2247 2050 2368 2118 qui,
2417 2053 2542 2103 vitio
2592 2068 2737 2105 aura:
2789 2053 3059 2121 pepularis
3104 2053 3264 2115 elati,
3313 2053 3445 2105 nihil
3492 2052 3593 2105 sibi
3642 2052 3833 2105 deesse

2251 2121 2592 2187 pertectionis
2624 2124 2953 2177 existimant.
2983 2123 3404 2177 Salutationibus
3426 2124 3831 2175 occurrentium

2246 2191 2510 2257 gaudent,
2542 2194 2653 2245 suis
2683 2194 3054 2245 adulatoribus
3086 2197 3263 2246 lavent
3288 2235 3303 2258 ,
3333 2191 3699 2247 voluntatibus
3746 2212 3831 2256 ιι..-

2252 2272 2404 2324 reut,
2458 2263 2705 2317 omnibus
2756 2265 2999 2327 turpibus
3047 2265 3278 2331 placent.
3332 2264 3586 2318 Gestiuot
3632 2262 3834 2316 ducere

2247 2334 2386 2399 quod
2435 2335 2706 2397 nesciunt,
2750 2334 2895 2388 credi
2940 2335 3006 2387 de
3049 2349 3107 2387 se
3147 2335 3398 2388 sublimia
3427 2335 3647 2399 volunt,
3681 2333 3833 2386 dele-

2248 2402 2467 2473 ctabilia
2520 2406 2768 2473 gravibus
2825 2414 3198 2471 anteponunt,
3254 2414 3604 2459 exsecrantur
3661 2404 3832 2456 verbo

2247 2472 2390 2539 quod
2440 2472 2618 2527 animo
2662 2476 3068 2539 concupiscunt.
3122 2475 3524 2543 Appellatinnes
3569 2476 3828 2525 virtutum

2251 2546 2393 2595 vitiis
2434 2549 2545 2598 suis
2588 2546 2901 2610 imponunt,
2934 2559 2992 2597 se
3022 2543 3167 2612 ipsos
3200 2545 3418 2606 fallunt,
3456 2546 3697 2597 faventes
3727 2545 3828 2594 sibi

2246 2612 2553 2683 decipiunt,
2588 2615 2639 2668 in
2670 2617 3031 2683 promissione
3074 2615 3295 2668 honesta
3338 2618 3589 2675 veloces,
3634 2631 3685 2665 tn
3733 2629 3829 2665 ex.

2249 2681 2509 2739 ltibitioue
2541 2681 2855 2748 mendaces,
2891 2701 2921 2738 ει
2969 2686 3106 2737 ιιοιιιι
3148 2686 3466 2751 mutabiles,
3513 2685 3633 2736 tnalt
3681 2693 3830 2736 tena-

2247 2768 2339 2824 ces
2362 2795 2375 2818 ,
2408 2755 2458 2807 in
2490 2756 2654 2809 verbo
2684 2770 2908 2823 graves,
2942 2756 2992 2808 in
3024 2757 3201 2808 anituo
3247 2767 3431 2824 turpes
3455 2796 3468 2817 ,
3502 2754 3700 2821 ultique
3734 2754 3829 2805 fal-

2248 2822 2420 2887 laces,
2460 2824 2565 2878 lit-ti
2602 2827 2666 2878 ad
2697 2840 2984 2893 prospera,
3020 2824 3231 2894 fragiles
3259 2822 3615 2887 ad‘adversa,
3652 2826 3822 2876 inflati

2246 2894 2313 2945 ad
2358 2896 2644 2963 obsequia,
2692 2899 2837 2949 anxii
2884 2897 2949 2949 ad
2999 2899 3319 2964 opprobria,
3377 2896 3717 2948 imtuodcrati
3762 2896 3829 2946 ad

2246 2967 2435 3085 paudia
2468 3010 2482 3033 ,
2538 2969 2721 3021 faciles
2765 2966 2831 3020 ad
2885 2970 3150 3029 humana,
3202 2967 3450 3021 dilliciles
3500 2981 3715 3032 semper
3764 2968 3833 3016 ad

2269 3045 2495 3085 ionesta-

2269 3045 2495 3093 IOIICSla,

2174 3139 2220 3201 Ο
2508 3105 2596 3158 16.
2651 3106 2741 3159 llis
2786 3116 2839 3201 et
2887 3106 2968 3159 llis
2999 3106 3275 3201 lSilll‘illlllS
3321 3108 3574 3159 dclini'os
3624 3105 3836 3201 minitas

2253 3180 2472 3243 premit,
2509 3192 2606 3229 nec
2636 3192 2729 3230 eos
2757 3187 2845 3229 aut
2879 3184 3117 3229 mortium
3169 3195 3321 3230 suum
3368 3188 3601 3238 sentire,
3631 3187 3724 3227 aut
3765 3177 3833 3225 al

2249 3245 2512 3298 medicum
2551 3249 2731 3300 venire
2764 3249 3036 3312 permittit.
3084 3249 3147 3299 Et
3177 3248 3302 3313 quid
3333 3262 3414 3301 e~t
3442 3253 3507 3299 ad
3555 3250 3829 3298 medicum

2249 3319 2463 3380 venire,
2499 3318 2596 3370 nisi
2641 3318 2905 3369 ἰιιηιιηιιιιιιι
2956 3333 3076 3369 suas
3123 3319 3456 3371 infirmitates
3498 3330 3829 3383 agnosci-re,

2252 3400 2348 3440 nec
2382 3386 2592 3455 placere
2619 3387 2716 3441 sibi
2740 3428 2754 3452 ,
2787 3391 2879 3439 sed
2914 3392 2978 3439 de
3006 3386 3157 3439 factis
3183 3429 3197 3451 ,
3231 3405 3348 3453 quae
3392 3386 3464 3440 ili
3511 3388 3837 3439 videbantur

2249 3469 2366 3509 esse
2397 3457 2650 3525 gloriosa,
2683 3458 2876 3510 conlun
2901 3459 2969 3510 ti?
2996 3459 3144 3523 Quod
3178 3469 3325 3513 certe
3359 3459 3429 3510 illi
3463 3474 3567 3509 non
3601 3457 3831 3516 faciunt,

2249 3528 2375 3593 qui,
2426 3530 2691 3580 desiderio
2734 3532 3106 3592 CUIIIpﬂl‘ltndﬂ)
3147 3530 3414 3596 opinionis
3461 3527 3666 3579 incensi
3696 3567 3711 3588 ,
3753 3530 3830 3578 eis

2252 3608 2452 3649 tantum
2503 3600 2789 3666 operibus,
2842 3600 3031 3660 quibus
3079 3601 3274 3651 emitur
3324 3598 3474 3649 favor
3522 3598 3825 3656 hmnauus,

2250 3672 2516 3733 serviunt,
2562 3679 2615 3721 et
2654 3685 2860 3721 inurunt
2904 3672 3036 3720 bona
3077 3677 3445 3721 contemnunt.
3482 3668 3824 3731 Tantumque

2249 3751 2341 3790 eos
2386 3740 2545 3791 ardor
2587 3739 2831 3792 humana:
2881 3739 3049 3791 laudis
3098 3741 3421 3797 iullatnmat,
3458 3749 3515 3789 ut
3560 3738 3827 3788 labe-rios:

2249 3822 2409 3872 Opera
2435 3849 2448 3870 ,
2481 3825 2595 3877 quin
2626 3816 2852 3877 populus
2881 3810 3197 3877 admiratur,
3241 3820 3295 3862 et
3322 3808 3513 3874 quibus
3554 3808 3692 3857 fama
3722 3804 3828 3857 dif-

2249 3877 2506 3941 fuuditur,
2556 3883 2673 3933 sine
2720 3880 2902 3932 labore
2944 3881 3269 3943 suscipiant,
3316 3889 3367 3931 et
3406 3878 3637 3931 libenter
3674 3891 3829 3928 (οξεῖα-

2249 3960 2427 4003 ceant.
2462 3949 2586 4002 lnde
2616 3960 2697 4003 est
2726 3951 2864 4013 quod
2893 3949 3171 4017 jejunare,
3217 3951 3523 4011 abstinere,
3568 3948 3830 4014 vigiiaze,

2248 4020 2533 4073 ecclesiam
2578 4021 2948 4085 frequentare,
2986 4022 3069 4073 vel
3103 4021 3365 4087 psallere,
3404 4034 3522 4069 Cum
3568 4019 3684 4068 ha'c
3719 4035 3832 4067 otii-

2250 4092 2334 4141 nia
2370 4090 2484 4142 sine
2516 4090 2696 4144 labore
2741 4106 2847 4144 non
2898 4092 3054 4152 liant,
3103 4100 3263 4143 etiam
3310 4105 3428 4141 cum
3475 4087 3835 4141 delectatione

2252 4160 2323 4211 illi
2359 4158 2588 4224 faciant,
2623 4160 2712 4226 qui
2742 4176 2802 4214 se
2832 4176 2895 4213 ex
2940 4161 3017 4213 his
3061 4162 3271 4227 placere
3299 4160 3545 4212 omnibus
3574 4162 3836 4223 concupi-

2249 4238 2425 4285 scunt.
2460 4232 2570 4283 Non
2600 4230 2741 4299 quod
2775 4234 2869 4286 ista
2892 4275 2905 4295 ,
2933 4242 2987 4284 et
3012 4233 3189 4284 out‘uia
3223 4230 3313 4282 Dei
3341 4244 3442 4281 non
3474 4229 3705 4299 (sciunt,
3738 4227 3833 4299 sed

2250 4300 2391 4373 quod
2436 4302 2508 4353 illi
2560 4294 2862 4373 praebentur
2902 4300 3135 4373 [Forte,
3168 4294 3503 4373 probentur]
3547 4314 3609 4373 ea
3662 4296 3837 4365 magis

2251 4370 2361 4422 Deo
2391 4387 2547 4440 quam
2579 4371 2883 4425 hominibus
2905 4368 3171 4425 exhibere
3195 4414 3209 4436 ,
3243 4371 3332 4439 qui
3378 4368 3676 4440 ferventius
3719 4380 3835 4440 stu-_

2249 4443 2376 4494 deut
2408 4436 2579 4494 ctiam
2627 4443 2863 4495 maribus
2902 4444 3101 4495 sanctis
3146 4436 3430 4496 excellere.
3475 4437 3747 4492 Caeteium
3788 4436 3832 4489 si

2252 4526 2529 4579 qumquam
2564 4512 2721 4577 foris,
2756 4512 2841 4565 ubi
2878 4520 3050 4579 potest
3094 4526 3316 4580 magnus
3358 4509 3541 4572 credi,
3587 4512 3833 4580 resplen-

2250 4584 2404 4644 deat,
2437 4590 2492 4634 et
2521 4585 2695 4649 intus,
2730 4583 2814 4636 ubi
2846 4578 2991 4636 satus
3024 4584 3161 4636 Deus
3186 4578 3368 4647 videt,
3398 4582 3678 4646 squaleat,
3713 4578 3834 4646 quis

2250 4667 2356 4705 non
2391 4653 2640 4721 intelligit
2665 4653 2807 4718 quod
2838 4652 2913 4706 illi
2946 4666 3133 4706 omnes
3174 4653 3541 4713 abstinentia,
3588 4664 3653 4703 ac
3703 4651 3837 4717 vigi-

2252 4722 2475 4793 liarum,
2505 4722 2942 4793 jejuniorumque
2984 4723 3221 4776 continui
3264 4722 3511 4786 labores,
3553 4734 3693 4789 quos
3740 4735 3839 4772 no-

2252 4792 2334 4845 bis
2384 4795 2689 4847 tolerabiles
2739 4793 2944 4847 vanitas
2991 4794 3145 4860 lacit,
3201 4808 3304 4845 non
3356 4793 3460 4845 siut
3511 4799 3835 4844 ornamenta

2254 4879 2493 4925 morum,
2534 4864 2630 4917 sed
2673 4865 2932 4918 velamina
2984 4864 3272 4917 vitiorum?
3313 4862 3652 4931 Quapropter
3697 4860 3838 4929 vigi-

2255 4934 2338 4986 lia:
2364 4977 2379 5000 ,
2410 4934 2643 5001 jejuuia,
2689 4934 3048 4997 abstinentia,
3096 4936 3492 5003 eleemosyute,
3532 4942 3589 4984 et
3628 4942 3833 4984 cateia

2255 5003 2559 5071 hujusmodi
2600 5020 2795 5072 augere
2825 5004 3023 5059 debent
3051 5004 3250 5058 bonum
3286 5014 3526 5057 nostrum
3552 5044 3566 5063 ,
3600 5017 3709 5054 non
3749 5016 3839 5050 va—

2256 5074 2369 5128 lere
2416 5087 2723 5141 peccatum,
2771 5089 2866 5128 nec
2914 5090 3007 5139 pro
3057 5074 3270 5128 tristitia
3317 5074 3411 5127 sed
3457 5088 3578 5127 cum
3630 5072 3838 5138 justitia

2260 5145 2367 5197 Deo
2396 5156 2521 5198 sunt
2548 5145 2869 5199 exhibendi.
2905 5146 3068 5198 Multo
3098 5147 3311 5213 quidem
3343 5144 3605 5213 attentius
3631 5144 3835 5213 deuenit

2258 5227 2520 5284 praecepta
2566 5216 2822 5283 perlicere
2849 5256 2863 5280 ,
2902 5217 2989 5281 qui
3031 5231 3092 5269 ea
3118 5212 3308 5283 parati
3337 5222 3460 5266 sunt
3492 5212 3842 5284 perfectionis

2257 5282 2445 5339 amore
2473 5282 2867 5339 transcendere.
2908 5285 3151 5354 Alioquin
3184 5286 3228 5338 si
3265 5284 3470 5347 invidi,
3500 5285 3547 5337 si
3596 5282 3764 5347 elati,
3798 5300 3840 5333 si

2257 5357 2508 5423 superbi,
2540 5359 2580 5409 si
2615 5359 2791 5423 cupidi
2821 5396 2835 5421 ,
2866 5364 2919 5410 et
2963 5356 3152 5409 similia
3185 5357 3317 5409 mala
3354 5357 3585 5423 peetoris
3617 5359 3700 5407 sui
3735 5367 3840 5405 non

2259 5430 2585 5492 reprimant,
2619 5436 2671 5481 et
2704 5442 2877 5480 tamen
2907 5444 3099 5495 corpus
3127 5443 3280 5479 suum
3308 5428 3527 5495 jejunis
3557 5441 3618 5478 ac
3652 5426 3840 5477 labore

2259 5498 2594 5552 abstinentia:
2649 5500 2890 5568 quamvis
2945 5503 3301 5559 Continuat-ae,
3357 5500 3681 5568 ευιιιὶριιιιιι,
3728 5508 3839 5568 nec

2260 5569 2344 5621 illa
2396 5584 2489 5622 cus
2530 5566 2690 5638 opeia
2740 5571 2978 5633 impensa
3016 5572 3231 5621 vanitati
3278 5567 3605 5639 justiﬁcmtt,
3636 5575 3693 5620 et
3724 5566 3837 5617 haec

2218 5639 2386 5701 “vitia
2418 5656 2537 5709 qua:
2569 5642 2839 5709 negligunt
2868 5640 3153 5693 emendare
3183 5647 3548 5694 contemnunt.
