4180 6178
1078 737 1520 795 EXIIORTATIO
1557 736 2020 795 HUMILI'I‘ATIS.
2064 739 2155 794 EX
2194 740 2514 796 EDITIONE
2553 740 2889 796 FLOREZII.

412 879 463 934 1.
504 876 757 945 Quisquis
799 883 929 929 nutu
976 875 1068 929 Dei
1101 874 1400 946 cujuslibet
1448 873 1610 946 ollicii
1659 872 1918 941 dignitate
1945 877 1995 934 Α
2023 889 2151 944 ergo
2179 876 2396 941 excole,
2431 876 2566 931 hanc
2598 876 2904 946 magistram
2936 876 3152 939 habeto,
3198 878 3338 932 hanc
3384 876 3477 930 tibi
3524 878 3606 932 in.-

338 944 615 1017 pratlnees,
648 949 735 1000 hic
764 945 999 1017 providae
1022 945 1426 1017 gubernationis
1452 944 1681 1017 utilitate
1708 946 1919 998 caeteris

339 1014 595 1088 praecedis
639 1016 975 1088 hominibus,
1020 1015 1155 1088 hanc
1198 1014 1713 1088 exhortatiuncu‘ia‘m
1743 1028 1917 1068 meam

338 1083 619 1155 diligenter
670 1085 804 1167 [ΑΛ.
836 1083 1142 1156 dignanter]
1169 1124 1201 1167 ,_
1239 1100 1455 1167 quaeso,
1505 1084 1763 1150 recipias,
1820 1098 1919 1165 nec

342 1154 625 1226 pomposus
673 1154 725 1209 in
782 1172 844 1209 ra
892 1154 1736 1226 spumas'rhetorutoquieras,
1792 1154 1914 1221 quia

343 1224 657 1283 humilitatis
685 1226 856 1280 virtus
889 1242 991 1278 non
1024 1226 1310 1279 verborum
1343 1224 1604 1285 elatione,
1634 1224 1726 1277 sed
1762 1240 1916 1277 inen-

340 1307 405 1352 iis
462 1300 689 1364 puritate
742 1298 1046 1356 requiritur.
1108 1296 1174 1348 Et
1215 1297 1259 1349 si
1307 1295 1444 1348 forte
1485 1293 1670 1347 durius
1700 1294 1915 1363 aliquod

343 1371 537 1423 videor
590 1368 765 1435 loqui,
818 1367 1057 1420 veritatis
1110 1366 1225 1420 Iure
1275 1364 1465 1433 culpa,
1511 1378 1619 1417 non
1658 1378 1774 1435 mea
1806 1372 1912 1420 est.

341 1442 474 1495 Min
512 1440 631 1492 ideo
660 1434 900 1503 quaedam
933 1437 1065 1489 dura
1098 1444 1255 1500 sunt,
1286 1435 1531 1504 quaedam
1572 1434 1751 1488 mollia
1772 1475 1786 1498 ,
1818 1435 1914 1488 sed

339 1527 390 1564 et
422 1509 667 1577 quamvis
696 1511 1009 1561 alterutrum
1042 1505 1144 1559 sibi
1177 1521 1362 1559 omnes
1400 1504 1645 1577 homines
1683 1504 1916 1577 debeant

343 1572 649 1642 veritatem,
689 1578 855 1631 libere
903 1586 1078 1630 tamen
1131 1578 1336 1645 loquar,
1369 1572 1569 1629 nemini
1621 1574 1798 1645 verius
1826 1572 1916 1629 de-

344 1652 469 1703 bere
508 1648 707 1717 aliquid
740 1649 843 1701 dici
874 1663 1031 1714 quam
1073 1647 1121 1701 ei
1161 1646 1251 1713 qui
1291 1648 1537 1712 praesidet
1575 1644 1774 1698 multis.
1817 1645 1911 1698 Cui

342 1723 440 1773 etsi
473 1735 719 1788 asperum
751 1717 948 1784 aliquid
980 1733 1045 1771 ex
1076 1718 1301 1788 veritate
1334 1718 1640 1784 aliquando,
1676 1726 1728 1768 ut
1761 1729 1912 1788 asso-

347 1793 447 1856 let,
490 1786 766 1851 offeratur,
813 1792 955 1841 velut
993 1787 1292 1841 antidomm
1333 1787 1630 1855 quoddam,
1671 1786 1913 1854 quamvis

306 1890 309 1891 ν
346 1864 482 1914 inite
510 1862 609 1923 sit,
644 1868 819 1911 tamen
846 1858 963 1927 quia
995 1856 1323 1911 salutiferam
1353 1866 1467 1922 est,
1498 1860 1655 1911 etiam
1686 1858 1729 1909 si
1760 1870 1909 1927 anta-

346 1934 506 1996 ricet,
541 1930 823 1984 bibeodunt
856 1924 940 1983 est
971 1928 1130 1999 (Vide
1162 1927 1472 1991 Isidoriaua,
1501 1944 1546 1980 c.
1579 1927 1763 1999 Μαι,
1796 1924 1905 1991 19).

416 2002 469 2053 :2.
492 1995 623 2054 illoc
652 2015 777 2069 ergo
807 1995 989 2051 hortor
1018 2002 1067 2052 itt
1102 2000 1317 2067 primis,
1336 2007 1409 2069 Aut
1438 2012 1650 2065 semper
1678 1995 1911 2050 delecta-

346 2072 469 2123 bilia
524 2071 610 2122 illa
666 2067 823 2122 niinis
871 2070 1143 2123 hominum
1192 2067 1552 2122 blandimenta
1598 2068 1905 2135 pertitneas.

348 2144 461 2193 Non
502 2143 641 2192 enim
686 2141 735 2193 in
779 2140 877 2192 hac
916 2156 972 2193 re
1013 2148 1157 2192 tanta
1197 2139 1485 2206 vigilantiae
1517 2136 1775 2191 industria
1806 2135 1906 2189 ad-

350 2211 575 2264 hibenda
607 2222 715 2272 est,
750 2219 1001 2277 quantum
1036 2210 1087 2263 in
1120 2208 1223 2262 illis
1252 2207 1587 2262 sermonibus
1641 2206 1908 2273 repellen-

350 2284 462 2345 tlis,
495 2281 583 2349 qui
615 2283 655 2331 si
689 2280 851 2349 288
882 2281 1197 2348 rigiditatem
1228 2278 1392 2332 animi
1423 2279 1648 2342 quadam
1699 2277 1910 2349 simula-

351 2346 552 2404 tionum
600 2346 950 2404 deléci'aiione
1000 2352 1361 2411 subnervant,
1411 2349 1501 2417 qui
1551 2346 1916 2415 promerendo:

346 2423 534 2489 gratia:
560 2421 732 2473 aditus
757 2460 771 2484 ,
805 2437 907 2472 ttott
942 2420 1176 2489 laborum
1210 2418 1400 2473 merito
1422 2458 1439 2483 ,
1470 2422 1563 2472 sed
1595 2419 1914 2471 assentatio-

350 2488 475 2544 nnm
527 2491 748 2543 rimatur
787 2490 1055 2542 acumine.
1108 2488 1269 2544 Utilia
1316 2505 1443 2557 ergo
1494 2489 1705 2556 potius,
1754 2502 1912 2554 quam

347 2564 692 2629 obsequentia
724 2560 885 2613 verba
916 2561 1140 2625 recipies
1160 2600 1174 2619 ,
1210 2571 1358 2613 recta
1388 2562 1553 2628 magis
1591 2574 1747 2626 quam
1773 2557 1916 2629 alia-

350 2632 473 2686 bilia
500 2627 555 2683 et
581 2631 813 2696 jucunda
842 2631 1097 2695 raptabis.
1141 2630 1388 2684 Adulanti
1420 2630 1680 2697 siquidem
1719 2627 1915 2697 adgau-

348 2708 478 2755 dere
505 2700 707 2769 regium
740 2701 923 2754 vitium
955 2710 1058 2763 est,
1082 2701 1283 2754 adulari
1312 2716 1438 2754 vero
1467 2700 1660 2753 servile
1688 2697 1914 2769 est.;Sed

348 2768 592 2837 quantus
620 2771 857 2824 adulanti
887 2770 1185 2837 adgandere
1225 2771 1425 2838 regium
1465 2773 1575 2831 sit,
1620 2780 1795 2822 tamen
1836 2768 1913 2821 vi-

348 2853 481 2894 t.um
515 2840 673 2910 [Al.,
707 2840 954 2894 vitiorum
982 2842 999 2911 j
1035 2856 1129 2896 usu
1160 2843 1502 2895 vernaculum
1545 2841 1645 2893 hoc
1682 2848 1736 2893 et
1764 2839 1915 2911 quasi

349 2918 623 2980 proprium
658 2927 848 2965 munus
878 2910 999 2978 est,
1032 2913 1245 2979 egregie
1274 2912 1431 2963 verba
1474 2919 1750 2977 potentum
1789 2910 1917 2963 sub-

346 2985 541 3049 sequi,
585 2992 637 3035 et
674 2998 739 3035 ex
780 2982 987 3035 illorum
1030 2982 1389 3035 voluntatibus
1429 2980 1660 3034 formare
1710 2994 1920 3034 sermo-

347 3060 493 3106 tietn.
536 3052 664 3105 Nam
704 3055 744 3103 si
785 3051 911 3119 quid
951 3054 1097 3119 lorte
1127 3051 1497 3115 laudaverint,
1538 3060 1595 3105 et
1633 3051 1681 3103 id
1715 3064 1819 3105 non
1852 3049 1919 3103 li-

348 3122 535 3175 Denter
580 3122 749 3175 audiri
797 3118 1503 3191 prospexerint,continuo
1540 3129 1826 3191 accusant,
1872 3121 1917 3174 si

345 3197 470 3261 quid
505 3194 659 3256 paulo
689 3188 813 3246 ante
844 3188 1189 3246 laudaverunt
1218 3190 1230 3261 Ι
1257 3193 1339 3244 Al.
1365 3232 1379 3254 ,
1418 3193 1763 3245 laudaveram
1787 3188 1828 3261 ].
1861 3190 1917 3246 Si

346 3264 473 3325 quid
508 3278 633 3317 vero
670 3263 1120 3331 vituperaverint,
1153 3263 1202 3315 id
1235 3264 1455 3325 iterum,
1487 3267 1530 3315 sl
1576 3262 1647 3316 ita
1698 3273 1919 3328 patrono

348 3334 517 3386 visunt
550 3332 738 3396 fuerit,
770 3333 1002 3387 laudant.
1034 3337 1204 3401 Atque
1233 3333 1304 3388 ita
1334 3335 1472 3387 inter
1503 3333 1599 3388 hos
1629 3334 1759 3386 tales
1784 3331 1917 3385 adu-

348 3403 439 3458 it‘tti
469 3409 677 3456 animus
710 3405 894 3468 fertur,
926 3414 1174 3467 tanquam
1205 3404 1353 3458 navis
1392 3404 1529 3458 inter
1558 3406 1732 3456 varios
1762 3417 1916 3455 aura-

348 3476 469 3527 t-‘nm
502 3475 657 3527 llatus
676 3515 694 3542 ,
724 3475 841 3542 quia
871 3489 976 3528 noo
1005 3476 1163 3528 habet
1189 3490 1295 3543 quo
1319 3484 1474 3528 exeat
1493 3515 1507 3537 ,
1536 3484 1590 3527 et
1615 3475 1916 3526 ﬂuctuatur.

349 3544 492 3598 Inter
524 3548 619 3598 hos
647 3560 795 3613 ergo,
828 3560 1052 3613 quorum
1085 3546 1386 3599 uberrimus
1413 3552 1649 3613 quaestus
1680 3543 1768 3597 htc
1809 3559 1919 3595 nta-

2025 955 2106 999 ter
2152 946 2518 1001 laudationum
2563 947 2844 1002 illecebras
2890 947 3150 999 arbitram
3202 961 3363 1014 pone.
3393 948 3605 1015 Quanta

2022 1016 2195 1083 portio
2243 1032 2310 1072 ex
2352 1018 2436 1070 his
2483 1032 2602 1086 quae
2649 1017 2899 1070 homines
2940 1016 3279 1071 adlaudando
3332 1018 3601 1085 tribuunt,

2019 1086 2105 1158 vel
2136 1096 2335 1155 quanto
2367 1098 2605 1158 tempore
2634 1096 2724 1140 tua
2757 1088 2862 1151 sit,
2898 1087 3012 1141 haec
3039 1102 3145 1140 non
3179 1088 3459 1150 permittas
3490 1089 3607 1158 pla-

2018 1157 2153 1211 cidis
2182 1158 2401 1210 auribus
2431 1157 2618 1211 audire
2640 1198 2656 1221 ,
2687 1158 2807 1224 quia
2841 1159 2982 1211 licta.

2088 1226 2140 1279 5.
2184 1226 2463 1281 Postremo
2496 1228 2608 1280 hrec
2636 1235 2819 1280 sancta
2854 1226 3156 1291 humilitas,
3182 1226 3460 1283 subductis
3489 1243 3522 1282 ε
3550 1238 3605 1285 te

2018 1298 2257 1350 omnium
2308 1298 2710 1351 simulationum
2756 1296 3058 1360 illecebris,
3105 1307 3230 1351 tunc
3269 1297 3367 1352 tibi
3410 1300 3604 1354 ctelum

2018 1368 2252 1432 aperiet,
2303 1382 2423 1422 cum
2476 1366 2568 1420 tibi
2618 1367 2670 1420 in
2717 1381 2846 1420 aure
2890 1366 3130 1421 dixerit:
3168 1368 3306 1432 Quia
3348 1377 3486 1422 terra
3527 1386 3599 1424 es.

2016 1435 2166 1491 Tunc
2197 1448 2248 1492 te
2276 1439 2329 1490 in
2364 1439 2451 1491 illa
2482 1450 2607 1491 vera
2646 1437 2905 1490 societate
2936 1438 3261 1491 baereditatis
3300 1438 3395 1492 Dei
3435 1438 3607 1493 intro-

2015 1506 2212 1573 ducet,
2246 1522 2365 1561 cum
2399 1516 2452 1563 te
2486 1509 2539 1561 in
2571 1506 2821 1561 omnibus
2859 1505 3200 1562 admonuerit
3232 1525 3244 1559 :
3281 1508 3417 1571 Quia
3452 1509 3607 1563 homo

2015 1592 2097 1640 es,
2137 1587 2184 1630 et
2217 1589 2470 1646 peccator.
2519 1578 2585 1632 Et
2622 1592 2739 1632 cutn
2795 1577 3073 1631 universas
3120 1578 3357 1633 rationes
3404 1593 3472 1633 ex
3522 1579 3607 1635 bis

2015 1662 2132 1716 qtae
2159 1649 2225 1701 ad
2254 1658 2304 1702 te
2332 1651 2605 1717 pertinent
2626 1647 2677 1700 in
2708 1646 2865 1715 hujus
2889 1647 3203 1701 humilitatis
3228 1649 3610 1716 supputatione

2016 1721 2392 1786 prospexeris,
2436 1719 2626 1772 tnlram
2665 1732 2779 1771 rem
2820 1718 3032 1781 dicant,
3074 1718 3318 1772 invenies
3359 1718 3609 1775 homines

2015 1788 2082 1840 ad
2116 1788 2334 1843 honoris
2368 1790 2441 1842 tui
2469 1789 2738 1842 cumulum
2767 1789 2932 1911 28?
2964 1790 3363 1855 augmentando
3393 1791 3608 1843 minue-

2015 1872 2095 1911 re.
2138 1863 2273 1911 hanc
2311 1874 2439 1911 vero
2458 1860 2629 1911 solam
2650 1857 2865 1911 tninuen
2907 1874 2940 1911 ο
2968 1858 3081 1911 olus
3103 1858 3322 1911 addere.
3350 1858 3608 1911 Quantum

2014 1872 2095 1923 re,
2138 1863 2273 1914 hanc
2311 1874 2439 1914 vero
2458 1860 2629 1914 solam
2650 1857 2940 1911 minuendo
2968 1858 3081 1925 plus
3103 1858 3322 1912 addere.
3350 1858 3609 1924 Quantum

2012 1943 2131 2001 ergo
2159 1946 2371 2001 magnus
2396 1946 2448 1984 es
2470 1931 2491 2001 (
2509 1928 2663 1984 sicuti
2679 1931 2755 2001 ait
2779 1927 3029 2001 Salomon
3055 1928 3073 1998 )
3094 1937 3288 1981 tantum
3307 1938 3355 1983 te
3372 1929 3609 1985 humilia.

2012 1998 2142 2063 Quia
2173 1998 2365 2055 etcum
2389 2000 2584 2054 multos
2603 1999 3016 2069 gttbernaveris,
3043 2014 3145 2052 non
3178 2007 3261 2053 est
3289 2009 3464 2053 tamen
3492 2016 3611 2068 per-

2013 2069 2200 2135 fectio,
2234 2071 2277 2124 si
2311 2072 2443 2134 hoc,
2475 2068 2621 2138 quod
2643 2068 2812 2138 majus
2844 2077 2971 2131 est,
3026 2078 3081 2122 tu
3125 2070 3273 2124 solus
3320 2072 3608 2136 restiteris,

2019 2154 2176 2212 quem
2209 2142 2507 2212 gubernare
2539 2155 2662 2212 non
2712 2141 2907 2212 possis,
2949 2138 3101 2212 Tunc
3138 2140 3277 2212 enim
3326 2155 3450 2212 vere
3494 2142 3613 2195 aliis

2016 2209 2265 2278 praaibis,
2309 2227 2428 2266 cum
2473 2210 2619 2279 prius
2665 2209 2939 2278 praeiveris
2979 2210 3101 2262 tibi-
3140 2209 3248 2264 Nec
3287 2211 3428 2264 enim
3462 2212 3613 2267 malis

2017 2295 2159 2334 nunc
2186 2296 2312 2351 ego,
2345 2281 2443 2335 sed
2475 2296 2632 2351 quam
2664 2280 2895 2334 maxime
2925 2280 3078 2335 bonis
3107 2279 3221 2334 haec
3246 2280 3452 2348 loquor.
3478 2281 3611 2337 Nam

2014 2351 2060 2403 si
2081 2352 2147 2403 ad
2180 2353 2542 2421 magisterium
2562 2350 2653 2404 Dei
2678 2351 2929 2419 respicias
2951 2391 2983 2421 ,ί
3000 2366 3104 2421 non
3129 2351 3300 2404 solum
3326 2351 3613 2418 peccatori,

2015 2421 2109 2491 sed
2131 2422 2332 2476 sanctis
2356 2424 2475 2475 data
2500 2432 2765 2491 praecepta
2791 2432 2931 2475 sunt.
2966 2420 3165 2474 Dicitur
3189 2431 3247 2476 et
3273 2421 3373 2475 illis
3395 2426 3614 2476 verbmn

2020 2490 2268 2546 Veritatis
2288 2533 2303 2555 ,
2332 2508 2436 2545 tton
2469 2502 2643 2546 tamen
2676 2490 2733 2544 nt
2763 2491 2891 2544 [iant
2917 2492 3057 2553 boni,
3090 2491 3229 2560 quod
3261 2503 3405 2557 sunt,
3431 2494 3522 2545 sed
3548 2506 3617 2546 ne

2018 2561 2149 2614 ﬁant
2179 2562 2327 2628 mali,
2359 2565 2500 2631 quod
2534 2577 2637 2615 non
2679 2571 2824 2617 sunt.
2882 2561 3055 2631 Credo
3088 2574 3263 2615 autem
3303 2562 3423 2630 quia
3466 2563 3618 2615 bonis

2017 2633 2136 2698 plus
2166 2631 2268 2687 hoc
2294 2630 2434 2701 quod
2465 2647 2676 2701 purum,
2721 2631 2864 2700 quod
2917 2630 3182 2685 sincerum
3229 2640 3343 2698 est,
3388 2633 3614 2701 placeat.

2015 2701 2146 2756 Nam
2174 2703 2311 2757 Deus
2333 2714 2515 2758 noster
2540 2718 2646 2756 non
2671 2712 2872 2755 tantum
2913 2701 3154 2755 dulcibus
3187 2701 3518 2756 adorantium
3558 2717 3619 2757 se

2016 2772 2266 2840 precibus
2288 2783 2542 2843 quantum
2576 2772 2885 2843 innocentia
2905 2772 3328 2843 etsimplicitate
3354 2774 3612 2843 placatur,

2019 2844 2137 2911 plus
2162 2844 2268 2898 illis
2297 2841 2480 2899 aurem
2510 2843 2771 2898 inclinans
2802 2842 2888 2911 qui
2939 2842 3203 2896 sinceram
3249 2857 3540 2912 puramque
3568 2841 3619 2897 ei

2016 2922 2248 2967 tnentem
2279 2913 2530 2979 olferunt,
2554 2929 2710 2978 quant
2740 2915 2826 2981 qui
2857 2915 3037 2966 suavia
3082 2912 3381 2966 orationum
3416 2912 3621 2967 intule-

2016 2983 2123 3037 rint
2164 2983 2545 3039 blandimenta.
2570 2985 2684 3038 Non
2716 2983 2859 3037 enim
2890 2982 2954 3036 ad
3006 2982 3166 3035 alium
3197 2982 3329 3037 mihi
3374 2981 3441 3038 de
3484 2995 3621 3037 vana

2014 3054 2181 3122 gloria
2210 3065 2301 3107 aut
2327 3055 2570 3120 superbia
2595 3060 2765 3108 visum
2796 3063 2877 3106 est
2905 3053 3043 3122 loqui
3066 3092 3079 3115 ,
3098 3050 3296 3122 Anisiad
3324 3062 3374 3107 te
3400 3053 3621 3121 quicun-

2017 3120 2119 3204 Que
2149 3124 2292 3204 prior
2314 3123 2547 3204 esaliis;
2572 3126 2659 3193 qui
2675 3122 2786 3204 etsi
2812 3138 2914 3204 non
2937 3120 3172 3204 recipias
3191 3163 3205 3187 ,
3241 3120 3620 3204 inlliCIIDtlttleS

2019 3194 2132 3247 haec
2153 3193 2427 3265 ingerunt,
2451 3210 2635 3248 omnes
2674 3193 3272 3265 blandiunturpomnes
3323 3195 3615 3261 extollunt,

2018 3278 2177 3319 nemo
2204 3263 2269 3320 ex
2300 3265 2405 3319 illis
2434 3266 2484 3319 id
2513 3265 2746 3319 oll'erens
2773 3265 2913 3329 quod
2945 3266 3015 3317 ita
3041 3263 3199 3318 dulce
3228 3264 3328 3328 sit,
3364 3274 3420 3317 ut
3442 3273 3621 3321 tamen

2017 3348 2047 3387 a
2076 3337 2310 3403 periculo
2331 3337 2486 3405 longe
2514 3337 2602 3388 sit.
2634 3334 2743 3389 Nec
2770 3335 2912 3387 enim
2943 3333 3111 3405 miror
3135 3334 3385 3387 omnibus
3408 3335 3615 3405 essein

2020 3416 2263 3475 promptu
2302 3402 2661 3475 quia'laudare
2697 3413 2995 3473 potentem.
3038 3402 3178 3457 sicut
3214 3416 3313 3458 nec
3350 3404 3520 3471 labor,
3547 3403 3619 3459 ita

2019 3489 2117 3528 nec
2150 3474 2306 3528 timor
2326 3474 2434 3529 est.

2104 3544 2159 3598 4.
2193 3544 2309 3599 Tibi
2340 3546 2502 3615 igitur
2527 3558 2615 3599 me
2643 3542 2885 3613 oportuit
2915 3542 3372 3615 breeltumilitatis
3415 3544 3615 3615 instru-

351 3616 496 3669 xitnc
546 3623 629 3669 est
677 3590 957 3669 dissidEriis
1013 3613 1192 3668 vivere
1230 3590 1455 3679 alienis:
1502 3614 1737 3668 animum
1783 3622 1928 3666 tuum
1958 3590 2005 3653 (ἶ
2038 3624 2218 3669 menta
2251 3590 2556 3686 porr'igere,
2584 3590 3086 3686 tibirgubernaculi,
3129 3614 3370 3686 quamvis
3412 3626 3466 3670 et
3502 3614 3622 3685 ipse

349 3701 559 3739 summa
614 3686 959 3741 discretionis
1014 3699 1261 3739 mensura
1311 3686 1652 3751 Constringe,
1704 3693 1762 3737 ut
1811 3698 1931 3738 cum

350 3758 539 3810 multis
589 3758 872 3809 adulantes
912 3756 1037 3809 hinc
1075 3765 1234 3824 atque
1279 3756 1400 3810 inde
1454 3756 1584 3809 nihil
1634 3753 1779 3807 aliud
1831 3753 1933 3809 nisi

351 3836 559 3879 tantum
589 3828 728 3894 quod
767 3826 1002 3881 delectet
1041 3828 1329 3887 insinuant,
1371 3826 1660 3880 oli'erentes
1691 3826 1932 3894 quaedam

350 3898 539 3963 gloria:
578 3898 771 3963 verba,
815 3897 866 3950 itt
907 3898 1100 3962 quibus
1152 3902 1252 3950 hoc
1304 3896 1399 3949 tibi
1447 3897 1643 3951 dicitur
1689 3897 1830 3962 quod
1881 3903 1936 3948 et

357 3966 498 4031 lico,
550 3982 810 4036 agnoscas
861 3966 990 4020 nihil
1037 3966 1183 4020 aliud
1223 3981 1286 4021 ex
1330 3968 1411 4020 his
1459 3967 1757 4036 proprium_
1786 3975 1931 4036 tuum

351 4052 502 4099 esse,
536 4032 636 4089 nisi
668 4038 768 4092 hoc
799 4048 1001 4091 tantunt
1042 4040 1179 4106 quod
1224 4048 1396 4092 tecum
1422 4074 1439 4104 ,
1460 4032 1532 4091 'et
1562 4032 1688 4090 cum
1727 4032 1795 4089 de
1834 4033 1933 4089 hac

353 4120 457 4159 Vlla
486 4110 781 4162 excesseris
803 4149 815 4170 ,
847 4124 1251 4173 permansurum
1281 4117 1382 4162 est.
1424 4109 1481 4162 In
1519 4107 1767 4161 omnibus
1805 4119 1932 4171 ergo

354 4180 409 4230 in
438 4177 629 4245 quibus
660 4180 1019 4232 adulationum
1054 4180 1301 4232 nimtetas
1340 4179 1500 4233 etiam
1542 4177 1796 4231 terminos
1839 4177 1934 4229 ho-

356 4250 516 4322 minis
548 4250 564 4322 ί
591 4246 780 4314 Forte,
814 4246 1058 4319 homini]
1090 4261 1461 4318 competentes
1498 4248 1759 4322 excessit,
1801 4246 1930 4322 illud

355 4318 668 4373 Davidtcum
722 4318 1088 4374 recordareris
1139 4321 1556 4385 documentum,
1598 4320 1649 4371 itt
1691 4334 1796 4385 quo
1842 4318 1932 4372 ille

357 4404 559 4443 venena
614 4392 980 4443 adulationum
1037 4391 1327 4458 devitans,
1381 4398 1497 4443 ait:
1554 4388 1805 4456 Corripiet
1853 4403 1933 4440 me

354 4464 525 4527 justus
570 4461 623 4513 in
672 4461 1056 4526 misericordia,
1098 4472 1143 4515 et
1183 4474 1361 4531 arguet
1402 4477 1511 4528 me,
1554 4464 1723 4513 oleum
1761 4468 1931 4511 autem

357 4535 637 4596 peccatoris
676 4548 777 4585 non
816 4532 1100 4601 impingunt
1140 4544 1290 4601 caput
1328 4548 1513 4586 meum.
1552 4532 1739 4586 Oleum
1781 4545 1929 4583 natn-

354 4615 463 4668 que
513 4604 800 4665 peccatoris
848 4602 1082 4656 adulatio
1128 4614 1249 4665 est,
1299 4618 1417 4671 quae
1466 4603 1568 4656 levi
1607 4602 1836 4669 quadam
1877 4610 1929 4653 et

360 4671 511 4724 suavi
549 4675 798 4725 unctione
835 4682 997 4741 caput
1038 4674 1305 4726 interioris
1344 4673 1574 4726 hominis
1599 4711 1613 4736 ,
1653 4671 1796 4740 quod
1848 4679 1932 4724 est

356 4752 475 4805 cur,
515 4749 665 4811 quaSI
708 4748 953 4812 ungettdo
992 4744 1257 4796 tlinitidat.
1301 4742 1485 4797 Melius
1523 4758 1650 4811 ergo
1678 4742 1779 4795 sibi
1809 4756 1930 4796 esse

359 4811 495 4865 dixit
535 4811 796 4881 propheta
838 4816 998 4867 David
1025 4858 1038 4877 ,
1080 4816 1148 4868 ab
1187 4815 1401 4867 homine
1434 4814 1580 4882 justo
1617 4815 1801 4881 argui,
1846 4813 1927 4867 vel

361 4886 606 4946 tttoueri,
658 4898 811 4953 quam
861 4902 889 4936 a
942 4886 1127 4953 quovis
1172 4885 1445 4937 adulatore
1495 4883 1718 4937 laudari.
1768 4891 1930 4937 Itecle

2040 3684 2267 3753 habeas,
2304 3684 2467 3740 etiam
2510 3685 2611 3740 hoc
2642 3686 2971 3755 superﬂuum
3005 3684 3203 3739 addere
3244 3684 3616 3744 moderamen.

2035 3757 2171 3824 Quia
2194 3757 2262 3809 ibi
2284 3771 2497 3826 semper
2524 3758 2770 3811 elationis
2793 3755 2981 3810 fortior
3011 3763 3198 3810 ventus
3213 3764 3316 3820 est,
3340 3756 3427 3826 ubi
3447 3756 3620 3810 Itono-

2037 3831 2110 3881 ris
2134 3826 2324 3882 fortior
2343 3825 2587 3881 altitudo.
2612 3826 2781 3896 Cupio
2818 3841 2948 3895 ergo
2994 3835 3047 3880 te
3095 3833 3219 3880 ante
3259 3825 3445 3881 oculos
3480 3827 3609 3892 Dei,

2035 3898 2227 3966 quibus
2247 3898 2385 3950 nuda
2410 3898 2735 3967 estabyssus
2754 3896 3002 3951 humana:
3022 3896 3363 3967 conscientiae
3382 3939 3396 3962 ,
3422 3897 3613 3951 humili

2033 3967 2198 4021 corde
2241 3981 2454 4036 semper
2498 3966 2775 4036 incedere,
2816 3967 2938 4036 quia
2985 3966 3241 4034 scriptum
3295 3976 3415 4020 est:
3448 3968 3622 4036 Super

2033 4052 2183 4107 quem
2214 4035 2411 4107 (inqdit
2435 4035 2711 4103 Dominus)
2742 4035 3017 4105 requiescet
3042 4036 3289 4107 Spiritus_
3310 4052 3476 4104 meus,
3520 4038 3622 4090 nisi

2032 4105 2185 4179 super
2204 4106 2450 4179 humilem
2467 4147 2481 4171 ,
2514 4121 2559 4161 et
2590 4120 2880 4162 trementem
2900 4107 3050 4159 verba
3079 4108 3226 4179 mea?
3251 4105 3420 4175 Cupio
3443 4120 3495 4163 te
3513 4123 3623 4162 om-

2035 4178 2120 4232 nia
2145 4182 2392 4232 mandata
2416 4178 2614 4232 Christi
2643 4193 2879 4242 servare,
2910 4189 2962 4230 et
2990 4192 3111 4231 cum
3140 4178 3229 4230 illa
3247 4179 3497 4247 operibus
3521 4180 3619 4231 bo-

2033 4252 2117 4302 nis
2146 4250 2437 4317 adimpleas
2456 4286 2472 4311 ,
2516 4248 2647 4319 illud
2676 4249 2817 4319 quod
2838 4248 2978 4319 ipsis
3008 4249 3264 4316 apostolis
3305 4248 3504 4304 dictum
3534 4259 3620 4304 est

2033 4316 2328 4373 recordari.
2356 4320 2443 4373 Ait
2463 4320 2608 4373 enim
2637 4316 2743 4373 iliis
2777 4336 2790 4371 :
2825 4316 2894 4371 Et
2926 4333 3042 4371 cum
3064 4320 3170 4373 hazc
3205 4319 3377 4372 omnia
3399 4319 3619 4389 feceritis

2031 4406 2146 4457 quis
2171 4391 2361 4442 mando
2381 4391 2540 4456 vobis,
2569 4390 2723 4444 aieite
2742 4389 2864 4460 quia
2885 4390 3014 4443 servi
3043 4389 3246 4460 inutiles
3267 4391 3480 4457 fuimus,
3509 4404 3622 4459 qua

2032 4461 2291 4514 debuimus
2332 4461 2495 4523 facere
2523 4458 2767 4529 fecimus;
2794 4460 2844 4514 id
2865 4468 2965 4523 est,
2992 4475 3096 4513 non
3118 4474 3181 4514 ex
3203 4458 3344 4513 dono
3371 4458 3618 4529 tanquam

2033 4533 2207 4596 liberi,
2231 4532 2323 4601 sed
2344 4546 2406 4584 ex
2431 4531 2608 4585 debito
2633 4530 3062 4601 tanquatnservi.
3081 4530 3260 4601 Nullus
3281 4531 3423 4584 enim
3440 4545 3620 4598 quaut-

2032 4603 2111 4656 vis
2143 4599 2406 4670 perfectus
2430 4603 2479 4654 in
2502 4599 2753 4655 omnibus
2769 4603 2868 4665 vir,
2885 4599 2954 4653 ita
2972 4599 3253 4670 aliquando
3278 4601 3388 4653 haec
3410 4614 3616 4670 praeoc—

2030 4668 2278 4741 cupavit,
2318 4687 2438 4741 quae
2476 4672 2584 4726 Deo
2627 4681 2750 4741 sunt
2798 4670 2991 4740 placita
3013 4708 3029 4741 ,
3057 4678 3114 4722 ut
3144 4669 3287 4737 prius
3313 4669 3511 4738 aliquid
3544 4668 3621 4741 illi

2032 4738 2299 4807 retierans,
2336 4738 2446 4796 non
2476 4742 2686 4796 debitor
2720 4738 2881 4794 fuerit
2902 4780 2916 4805 ,
2939 4740 3041 4792 sed
3060 4747 3297 4792 exactor.
3322 4747 3450 4804 Quis
3473 4740 3618 4794 enint

2030 4816 2226 4883 aliquid
2260 4814 2439 4877 habet,
2468 4815 2607 4881 qttod
2633 4816 2707 4883 ab
2742 4811 2833 4864 illo
2866 4809 3182 4883 nongdatnm
3211 4812 3327 4864 est?
3354 4812 3455 4864 Aut
3477 4812 3618 4880 quis,

2033 4880 2169 4939 sicut
2194 4880 2600 4953 Apostolus'ait,
2630 4882 2769 4952 prior
2797 4880 2935 4933 dedit
2962 4881 3080 4953 illi,
3120 4888 3168 4933 et
3208 4883 3511 4935 retribuetur
3538 4883 3623 4936 ei?

358 4960 538 5023 autem
588 4952 915 5007 adulatoretn
947 4950 1237 5021 peccatoris
1268 4954 1480 5008 nomine
1509 4953 1776 5009 denotavit
1796 4993 1809 5018 ,
1839 4968 1929 5007 co-
1960 4953 2010 5014 Ι)
2039 4950 2290 5022 Quoniam
2319 4954 2488 5006 omnia
2511 4968 2572 5007 ea;
2594 4950 2737 5020 ipso,
2760 4960 2807 5005 et
2838 4968 2928 5021 per
2954 4950 3152 5021 ipsum,
3176 4960 3223 5005 et
3251 4952 3305 5006 in
3342 4954 3486 5023 ipsa,
3512 4954 3623 5021 ipse

356 5022 447 5092 jus
480 5024 529 5074 id
564 5025 850 5076 niaximum
876 5037 1014 5078 ante
1048 5029 1232 5079 oculos
1274 5025 1362 5079 Dei
1402 5034 1454 5079 et
1492 5024 1805 5079 detestabile
1836 5033 1928 5077 'est

364 5102 641 5159 peccatum
669 5135 685 5157 ,
725 5094 868 5146 aliud
907 5097 1068 5149 corde
1109 5110 1325 5158 tenere,
1358 5097 1499 5149 aliud
1529 5110 1623 5149 ore
1665 5098 1923 5160 proferre.

367 5163 443 5215 De
475 5165 665 5215 talibus
693 5164 833 5217 enim
862 5175 915 5217 et
943 5166 993 5217 iit
1023 5167 1129 5219 alio
1159 5170 1361 5234 psalmo
1389 5170 1518 5220 dicit
1544 5182 1559 5221 :
1594 5165 1782 5217 Molliti
1810 5173 1929 5218 sunt

363 5248 617 5286 sermones
657 5236 766 5304 ejus
805 5252 956 5303 super
993 5242 1157 5290 oleant
1186 5276 1199 5297 ,
1239 5248 1286 5288 et
1324 5238 1423 5302 ipsi
1461 5247 1576 5290 sunt
1605 5238 1805 5305 jacula.
1858 5238 1931 5289 De

358 5305 508 5369 justo
537 5308 872 5377 autetntlicit
902 5323 913 5356 :
950 5308 1196 5377 Loquitur
1235 5308 1489 5361 ceritatem
1528 5310 1577 5359 in
1616 5308 1767 5361 tarde
1804 5322 1927 5375 suo,

364 5386 410 5447 et
442 5389 539 5427 non
568 5376 667 5443 egit
698 5376 873 5428 dolum
903 5378 953 5427 in
985 5376 1161 5447 lingua
1190 5394 1305 5431 sua.
1345 5377 1411 5432 Ut
1439 5388 1616 5432 autem
1648 5380 1699 5432 in
1732 5379 1815 5431 his
1846 5394 1930 5431 re-

366 5444 469 5516 bus
500 5448 700 5509 qnmvis
735 5449 1003 5500 hominum
1036 5444 1337 5511 subtilitas,
1370 5452 1512 5502 nullo
1543 5465 1771 5516 unquatn
1819 5457 1932 5500 lau-

365 5515 598 5568 datiottis
639 5516 1011 5583 titulatttettto,
1052 5522 1419 5573 credulitatem
1463 5515 1656 5574 tuentis
1698 5531 1803 5572 tua:
1854 5526 1934 5572 at-

365 5586 542 5637 trahat
582 5591 633 5640 in
673 5602 972 5650 consensu,
1015 5589 1083 5642 ad
1123 5590 1286 5657 ipsius
1340 5590 1546 5644 Domini
1597 5590 1767 5643 nostri
1807 5588 1934 5643 Jcsu

363 5656 562 5727 Dltristi
592 5658 899 5727 evangeliea
933 5659 1019 5715 illa
1052 5672 1197 5726 gesta
1229 5672 1573 5727 convertere,
1605 5672 1662 5715 et
1700 5664 1939 5715 invenies

367 5725 514 5801 illum
545 5725 928 5801 dotttittatitittm
957 5725 1240 5801 Dominum
1271 5746 1516 5800 magnum
1551 5725 1701 5786 nobis
1730 5732 1942 5786 dedisse

366 5796 506 5852 inter
546 5796 1032 5856 huutanas'laudes
1073 5796 1384 5858 humilitatis
1424 5804 1748 5873 exetttplutn.
1793 5803 1941 5857 lianc

2027 5024 2263 5097 gloriaiin
2290 5024 2500 5097 alecula.
2529 5023 2709 5075 Amen.

2104 5095 2156 5148 5.
2182 5096 2319 5150 Ecce
2342 5095 2456 5147 hch
2484 5107 2563 5146 est
2586 5106 2706 5147 vera
2730 5091 2816 5147 illa
2841 5104 2895 5147 et
2920 5090 3221 5147 Christiana
3249 5092 3539 5148 humilitas.
3565 5095 3622 5148 lit

2034 5166 2132 5220 hac
2161 5181 2255 5220 eos
2286 5168 2476 5233 quibus
2519 5163 2773 5232 praesides
2812 5164 3012 5232 nptitne
3038 5164 3384 5233 gubernabis.
3431 5165 3486 5218 In
3522 5166 3623 5219 hac

2032 5239 2307 5292 victoriam
2336 5250 2404 5289 ex
2427 5235 2571 5289 omni
2600 5233 2726 5287 vitio
2749 5236 2946 5304 poteris
2973 5236 3301 5302 promereri,
3346 5236 3457 5290 Deo
3488 5236 3622 5300 hoc,

2035 5307 2176 5377 quod
2209 5305 2417 5371 viceris,
2452 5306 2765 5370 tribuendo,
2796 5320 2898 5359 noo
2926 5305 3042 5360 tibi.
3073 5307 3203 5359 Nam
3236 5309 3378 5375 quod
3405 5306 3624 5431 aliqua

2040 5382 2137 5431 ties
2170 5378 2419 5431 Datientia
2450 5376 2581 5428 victa
2608 5374 2734 5428 vitia
2764 5378 2955 5430 iterum
2981 5376 3123 5430 vires
3155 5378 3452 5431 accipiunt.
3487 5377 3596 5431 nibi

2040 5374 2137 5431 t'ies
2170 5378 2419 5444 patientia
2450 5376 2581 5428 victa
2608 5374 2734 5428 vitia
2764 5378 2955 5430 iterum
2981 5376 3123 5430 vires
3155 5374 3452 5445 accipiunt,
3487 5374 3596 5431 nibi

2038 5449 2178 5501 aliud
2202 5454 2304 5512 est,
2319 5446 2451 5499 mihi
2471 5445 2630 5500 crede
2649 5485 2663 5507 ,
2686 5448 2783 5499 nisi
2808 5448 2927 5515 quia
2954 5462 3057 5500 non
3077 5446 3302 5500 dicimus
3322 5449 3459 5513 Deo,
3479 5450 3624 5516 quod

2040 5519 2380 5586 belligerator
2410 5517 2499 5571 ille
2536 5515 2736 5581 David,
2764 5517 2896 5570 bella
2945 5516 3154 5572 Domini
3193 5516 3436 5573 bellans:
3480 5515 3549 5573 In
3575 5527 3624 5573 te

2040 5590 2253 5660 (inquit)
2273 5587 2506 5641 inimicos
2527 5598 2727 5660 nostros
2754 5587 3134 5660 ventilavimust,
3157 5599 3203 5641 et
3229 5590 3282 5643 in
3306 5590 3505 5644 nomine
3535 5599 3624 5643 tuo

2039 5658 2325 5729 spernimus
2359 5662 2675 5729 insurgentes
2706 5659 2765 5729 in
2794 5674 2906 5711 nos.
2969 5658 3033 5710 Et
3066 5659 3258 5715 iterum
3290 5676 3303 5712 :
3363 5661 3496 5727 Quia
3524 5676 3629 5714 non

2044 5728 2226 5785 virtute
2247 5746 2342 5783 sua
2368 5728 2543 5799 potens
2565 5737 2637 5801 est
2664 5728 2743 5801 uir
2758 5770 2773 5793 ,
2825 5728 3072 5801 Dominus
3095 5731 3354 5799 inﬁrmum
3374 5733 3499 5801 [usit
3523 5734 3625 5785 ad-

2046 5802 2326 5858 versarium
2358 5802 2489 5872 ejus.
2522 5799 2628 5872 sed
2658 5799 2791 5858 forte
2820 5800 3171 5872 respondetur
3200 5804 3326 5861 mihi
3361 5799 3383 5859 ;’
3405 5802 3543 5875 Ergo
3574 5810 3635 5859 et
