4180 6178
466 256 601 313 Ηιιέὶ

461 368 857 425 ronsummahis
902 382 1128 421 messem
1168 366 1278 437 ag~i
1328 365 1401 418 tui
1456 371 1775 437 permolere,
1824 372 1875 437 et
1914 375 2033 431 quze
2066 363 2113 422 Α

461 447 654 497 cadent
694 455 755 493 ex
793 452 968 491 messe
999 447 1083 489 tua
1117 433 1226 490 non
1251 438 1492 503 colliges,
1522 450 1693 502 neque
1736 434 1787 485 in
1822 433 2033 503 vineam

464 525 609 567 tuam
637 526 704 564 ex
733 509 956 563 racemis
980 524 1142 576 grana
1170 502 1469 561 decidentis
1499 505 1583 576 col
1611 505 1747 565 iges,
1780 502 1885 576 sed
1909 518 2041 576 pau-

464 584 679 652 peribus
717 591 771 633 et
807 573 1099 652 peregrinis
1128 594 1186 652 re
1211 578 1397 652 inquies
1429 592 1511 652 ea:
1555 575 1686 652 Quia
1730 588 1828 640 ego
1861 573 2042 625 Domi-

466 645 567 707 iius
600 652 738 706 Deus
780 645 975 705 tester.
1023 648 1089 702 In
1120 647 1422 701 Prai-erbiis.
1472 646 1574 712 Qui
1622 645 1835 696 obturat
1884 656 2040 695 aures

464 738 613 786 suas,
650 732 705 774 ιιι
743 736 847 774 non
877 720 1057 772 audiat
1086 718 1350 771 inlirmum
1372 759 1387 777 ,
1415 725 1467 770 et
1498 718 1612 783 ipse
1639 713 1907 786 invocabit
1929 712 2041 786 po-

466 781 691 855 tninum,
724 802 773 844 et
803 807 905 844 non
941 790 1041 843 crit
1069 790 1155 855 qui
1186 790 1436 841 exaudiat
1464 781 1611 839 eum.
1663 782 1724 836 In
1756 781 1877 835 Job.
1927 782 2040 836 Non

465 872 669 917 avertat
713 863 953 929 voluptas
999 860 1189 913 anime
1230 869 1334 912 tua:
1380 858 1629 926 precibus
1672 855 2032 916 inlirmorum,

465 952 584 991 cum
614 934 666 987 in
696 934 1013 987 necessitate
1039 930 1253 983 iuerint.
1431 942 1446 957 ο

676 1045 804 1097 Car.
845 1043 950 1095 \‘ll.
974 1071 1044 1081 --
1067 1040 1187 1093 Non
1212 1038 1574 1091 ambulandum
1603 1037 1654 1089 in
1684 1035 1823 1087 dolo.

536 1139 590 1191 1.
625 1137 684 1188 In
720 1133 1047 1187 Ecclesiaste.
1089 1130 1175 1183 Vm
1199 1129 1399 1194 duplii-i
1441 1128 1624 1190 corde,
1655 1136 1707 1180 et
1746 1127 1904 1179 labiis
1930 1141 2045 1179 sce-

466 1207 633 1271 Iustis,
681 1217 734 1259 et
780 1207 1040 1270 peccaturi
1084 1201 1396 1263 ingredienti
1432 1200 1565 1271 duas
1594 1198 1721 1250 vias.
1750 1196 1882 1249 Item
1914 1196 2043 1250 illic.

468 1279 575 1331 Cur
607 1269 906 1339 ingrediens
932 1275 1065 1327 duas
1095 1272 1207 1325 vias
1238 1286 1341 1322 non
1375 1269 1591 1321 habebit
1627 1282 1958 1339 successum,
1991 1276 2050 1319 et

469 1338 833 1417 pravicnrdins
879 1346 999 1417 (sic)
1054 1343 1105 1417 in
1146 1342 1252 1417 illis
1300 1340 1775 1417 scandalizabitnr.
1830 1338 1959 1417 ριιί
1992 1339 2045 1417 in

468 1408 578 1470 alio
611 1418 769 1469 mittit
815 1408 1060 1481 lapidem,
1094 1414 1146 1465 in
1196 1412 1314 1478 ipso
1345 1412 1522 1475 cadit;
1570 1419 1623 1481 et
1673 1410 1821 1481 plaga
1873 1408 2047 1481 dolosi

464 1487 650 1540 dividit
676 1478 925 1551 vulnera;
953 1494 1006 1538 et
1046 1484 1133 1551 qui
1176 1483 1310 1536 fodit
1339 1481 1564 1547 foveam,
1602 1480 1653 1532 ia
1699 1480 1840 1551 illam
1864 1478 2046 1551 cadit;

464 1568 518 1611 et
545 1558 631 1623 qui
672 1556 857 1609 statuit
906 1549 1146 1624 laqueum
1182 1551 1425 1624 proximo
1455 1566 1575 1612 suo,
1608 1551 1775 1624 periei
1815 1549 1871 1624 _in
1927 1549 2042 1613 illo,

470 1620 684 1681 facienti
736 1620 1118 1693 nequissiinum
1180 1637 1340 1691 super
1393 1622 1567 1693 ipsum
1614 1620 1940 1693 devolvitur,
1991 1632 2047 1674 et

468 1715 571 1751 non
600 1690 854 1778 agnoscet
896 1696 1037 1748 unde
1078 1690 1394 1778 veniet'ill_i.
1438 1691 1503 1778 In
1536 1690 1655 1778 {0b.
1691 1690 2042 1778 Simulatores
2076 1722 2117 1778 Β

467 1778 521 1822 et
554 1760 726 1822 callidi
770 1775 1061 1835 provocant
1108 1766 1239 1818 iram
1273 1763 1384 1835 Dei.
1430 1762 1497 1815 In
1528 1760 1772 1835 Jeremia.
1819 1760 2038 1814 Ferrum

468 1832 779 1892 vulnerans
802 1840 974 1904 lingua
1008 1850 1214 1899 eorum,
1260 1834 1458 1904 dolosa
1489 1833 1648 1893 verba
1690 1832 1797 1885 oris
1826 1846 2037 1904 eorum,

471 1912 715 1975 proximo
739 1925 833 1961 suo
857 1902 1081 1973 loquens
1105 1905 1343 1973 pacifica,
1369 1914 1421 1957 et
1452 1903 1501 1956 in
1524 1904 1813 1975 seuietip~o
1840 1902 2041 1975 habens

467 1972 830 2042 inimicitiam;
862 1980 910 2029 in
932 1972 1256 2043 hujusiergo
1293 1990 1396 2025 non
1431 1973 1677 2037 visitabo,
1703 1973 1829 2043 dicit
1857 1972 2039 2024 Donn-

466 2065 595 2113 nus;
626 2060 714 2102 attt
763 2049 813 2100 in
848 2042 1043 2115 populo
1081 2048 1169 2098 tali
1200 2042 1325 2115 inon
1353 2044 1640 2115 vindicabit
1680 2042 1855 2115 anima
1887 2044 2041 2115 mea?

464 2119 531 2173 In
557 2112 857 2184 Evangelia.
880 2112 1077 2171 Cavete
1109 2133 1136 2167 a
1168 2113 1670 2181 pseudouruphetis,
1703 2112 1792 2180 qui
1819 2113 2043 2168 veniunt

464 2193 529 2243 ad
563 2205 655 2241 vos
684 2188 735 2242 in
764 2192 953 2241 vestitu
999 2187 1199 2248 ovium,
1231 2186 1373 2238 intus
1421 2194 1599 2237 autem
1649 2195 1774 2235 sunt
1808 2184 1912 2249 lupi
1954 2198 2044 2236 ra-

466 2276 652 2329 paces;
681 2275 745 2314 ex
792 2258 1046 2312 tractibus
1085 2272 1267 2329 eorum
1304 2254 1646 2329 cognoscetis
1672 2268 1782 2306 eos.
1816 2251 1881 2329 In
1906 2251 2043 2329 Pro-

462 2324 664 2383 verbiis.
710 2332 764 2382 Si
799 2330 1049 2383 ceciderit
1082 2327 1332 2380 inimicus
1361 2336 1500 2388 mus,
1545 2324 1652 2377 noli
1679 2325 1955 2387 gratulari,
1990 2335 2044 2378 et

466 2401 517 2454 in
550 2401 984 2468 supplantatione
1031 2400 1145 2465 ejus
1176 2396 1282 2449 nuli
1324 2397 1533 2468 rxlolli,
1583 2409 1649 2447 ne
1691 2394 1828 2468 forte
1867 2394 2045 2448 videat

470 2465 748 2531 Dominus,
793 2482 845 2523 et
894 2486 997 2522 non
1042 2471 1245 2534 placeat
1287 2466 1358 2531 ei,
1391 2475 1446 2519 ut
1478 2474 1684 2519 avertat
1714 2465 1846 2517 iram
1887 2474 2041 2519 suam

465 2542 531 2594 ah
560 2558 645 2595 eo.
691 2539 890 2593 Paulus
921 2538 1211 2609 Apostolus.
1258 2536 1310 2591 Si
1338 2538 1585 2590 esurierit
1615 2534 1868 2609 inimicus
1899 2544 2041 2609 tuus,

464 2613 581 2666 ciba
606 2613 782 2671 illum;
808 2611 854 2664 si
874 2604 1001 2675 ~itit,
1026 2609 1091 2663 da
1126 2608 1196 2661 illi
1226 2617 1405 2675 potum
1426 2649 1440 2671 ,
1469 2611 1568 2661 hoc
1596 2608 1736 2659 enim
1770 2604 2041 2675 Qaeiendo,

464 2683 725 2735 rarbones
758 2683 889 2751 ignis
946 2693 1181 2751 acervas_
1203 2673 1364 2751 super
1392 2689 1552 2743 caput
1594 2678 1744 2751 ejus;
1776 2673 1920 2751 Deus
1949 2692 2046 2729 au-

465 2761 572 2804 tem
600 2745 857 2805 retribuet
887 2751 999 2804 tibi.
1047 2749 1109 2801 In
1138 2746 1435 2818 Evangelia.
1481 2745 1753 2818 Accesssit
1773 2748 1838 2798 ad
1861 2745 2042 2818 Jesttm

464 2822 675 2884 Petrus,
701 2834 753 2875 et
789 2824 859 2873 ait
891 2821 962 2873 illi
998 2838 1009 2872 :
1050 2816 1297 2879 llornine,
1324 2819 1366 2871 si
1402 2819 1706 2885 peccaverit
1743 2817 1794 2869 in
1826 2832 1910 2869 me
1940 2816 2045 2869 fia-

465 2902 545 2945 ter
572 2907 743 2960 meus,
787 2893 991 2962 quoties
1035 2892 1301 2945 remittam
1330 2890 1442 2943 illi?
1472 2886 1714 2962 Septies?
1746 2886 2045 2962 llespondit

465 2958 765 3017 Dominus:
800 2958 911 3015 Non
941 2962 1062 3016 dico
1110 2962 1204 3015 tibi
1248 2975 1416 3029 usque
1462 2961 1690 3027 septies,
1725 2958 1831 3029 sed;
1871 2972 2040 3025 usque

464 3036 763 3101 septuagies
786 3034 1003 3100 septies.
1035 3032 1096 3085 In
1124 3027 1578 3085 Exodo.‘0hedite
1611 3027 1918 3099 parentibus
1948 3042 2042 3098 per

464 3104 675 3169 omnia;
709 3103 810 3158 hoc
833 3104 978 3157 enim
1012 3104 1187 3171 placet
1209 3102 1339 3156 Deo.

812 3211 939 3267 CAP.
978 3210 1102 3266 Vlll.
1129 3242 1195 3253 —
1220 3210 1294 3275 De
1315 3212 1424 3280 ﬁlio
1453 3214 1690 3284 superbo.

540 3303 586 3357 l.
625 3302 688 3355 In
715 3301 1026 3355 Proverbiis.
1072 3303 1210 3357 Filio
1257 3302 1445 3357 doloso
1478 3303 1609 3357 nihil
1650 3302 1755 3358 erit
1782 3303 1929 3370 boni,
1959 3304 2047 3373 qui

466 3388 573 3426 non
624 3375 943 3427 bonorilicat
988 3382 1189 3441 patrem
1239 3388 1417 3437 suum,
1470 3385 1523 3427 et
1565 3375 1781 3442 repellit
1824 3385 2046 3428 matrem

466 3458 637 3508 suam,
689 3445 828 3497 lilius
874 3459 937 3498 co
962 3444 1257 3509 duudetur,
1293 3457 1345 3497 et
1371 3444 1724 3511 opprobrium
1758 3444 1879 3498 erit.
1916 3445 2049 3498 Item

465 3514 596 3568 illic.
632 3515 793 3568 Filius
825 3516 912 3583 qni
953 3517 1146 3566 amittit
1176 3513 1512 3581 disciplinam
1548 3514 1713 3581 patris
1760 3516 2045 3569 meditabi-

467 3594 553 3637 tur
598 3584 807 3653 eloquia
837 3586 1075 3638 malitiae.
1122 3583 1255 3637 Item
1284 3587 1413 3637 illic.
1453 3585 1791 3639 Maledicenti
1831 3587 1963 3649 patri
1995 3594 2049 3639 et

467 3654 624 3709 matri
653 3656 1018 3723 exstinguetur
1051 3658 1263 3718 lumen;
1300 3657 1514 3723 pupilla:
1553 3668 1728 3709 autem
1774 3660 2046 3709 oculorum

466 3726 583 3791 ejus
614 3726 868 3779 videbunt
917 3728 1183 3779 tenebras.
1216 3725 1348 3778 Item
1379 3727 1504 3779 illic.
1554 3726 1653 3790 Qui
1689 3728 1923 3778 irascens
1958 3742 2048 3792 pa-

468 3806 600 3848 trem
636 3812 788 3848 Stltlttl
822 3806 912 3848 aut
943 3808 1162 3849 matrem
1194 3812 1343 3850 suam
1389 3798 1659 3849 eXlSlllttal
1690 3813 1747 3848 se
1782 3812 1885 3847 non
1921 3812 2044 3863 pec-

466 3882 611 3929 care,
645 3867 731 3920 hic
758 3868 951 3920 Similis
981 3878 1058 3919 est
1094 3866 1209 3919 viro
1243 3869 1426 3934 impio.
1482 3865 1613 3919 Item
1656 3864 1784 3917 illic.
1819 3866 2048 3919 Benedi-

466 3946 573 3989 ctio
602 3940 764 4003 patris
795 3940 966 3989 lirniat
995 3938 1183 3990 domos
1216 3938 1480 4002 liltorutn,
1513 3936 1822 3990 maledictio
1864 3946 2046 3993 autem

467 4012 655 4062 matris
686 4008 921 4062 eradicat
953 4010 1321 4062 fundamenta.

891 4121 1016 4175 CAP.
1050 4120 1225 4175 ιχ...
1250 4118 1325 4174 De
1353 4122 1611 4176 thesauro.

539 4240 696 4311 293
748 4242 794 4291 l.
827 4236 893 4312 In
937 4238 1246 4312 Provrrboits.
1295 4239 1481 4293 Melius
1511 4246 1614 4312 est
1668 4237 1875 4312 modica
1924 4253 2047 4307 pars

467 4310 586 4365 cum
621 4325 811 4363 uinore
845 4311 1045 4363 Domini
1078 4310 1237 4375 quam
1289 4310 1523 4363 thesauri
1579 4311 1751 4375 magni
1802 4313 1918 4362 sine
1969 4312 2047 4361 ti-

471 4398 652 4443 more,
712 4380 900 4433 melius
948 4388 1029 4431 est
1080 4380 1284 4432 modica
1334 4380 1616 4448 acquisitio
1660 4395 1779 4431 cum
1835 4379 2038 4448 justitia

953 254 1239 311 APPENB.
1288 252 1378 308 XI.
1421 282 1488 291 —-
1519 247 1932 305 TESTIMUNH
1979 246 2039 299 Dl

2146 243 2233 299 ιΑῑ
2268 241 2699 299 διιιιιιιτιξῐιιε.
2738 240 2823 294 ΕΤ
2867 240 3164 294 ΡΛΤίὶυΜ.

2071 3072 2119 3134 C

3581 241 3717 298 ὶέὓϐ

2529 356 2659 412 CAP.
2695 355 2846 411 X.—-
2873 356 2945 411 De
2975 358 3321 429 eleemosyuis.

2218 456 2268 506 Ι.
2300 449 2363 504 1η
2387 448 2694 505 Proverbiis.
2731 450 2805 505 Ne
2831 452 2975 505 dicas
3003 456 3217 518 pauperi
3244 471 3257 505 :
3290 452 3452 517 Vade,
3480 466 3528 508 et
3566 470 3707 518 vent,

2145 537 2263 577 cras
2293 524 2453 586 dabo,
2484 537 2605 575 cum
2638 523 2809 589 possis
2851 524 3029 575 statim
3062 523 3403 585 henel‘arere,
3440 540 3545 577 non
3571 525 3716 579 enim

2144 595 2252 646 St'iS
2281 594 2403 660 quid
2434 594 2707 659 contingat
2734 594 2975 661 sequenti
3009 593 3115 646 die.
3169 593 3299 647 Item
3325 596 3450 648 illic.
3484 595 3581 661 Qui
3614 597 3717 648 mi.

2144 676 2354 717 seretur
2411 669 2628 734 pauperi
2683 664 2870 717 beatus
2920 672 3037 728 est;
3092 662 3431 734 cleemosyuzt
3486 676 3542 720 et
3587 666 3719 721 lides

2148 733 2370 787 mundat
2417 743 2667 801 peccata;
2698 734 2787 803 qui
2837 744 3015 788 autem
3072 733 3381 797 miseretur.
3416 736 3722 789 misericor-

2147 804 2286 857 diam
2332 806 2695 873 consequitur.
2762 803 2862 871 Qui
2923 808 3148 857 honorat
3208 806 3370 859 Deum
3436 808 3722 859 miseretur

2147 876 2385 942 pauperi.
2421 872 2487 927 In
2518 872 2814 941 Evangelia.
2865 875 3227 941 (lumipotenti
3262 876 3523 940 retribue,
3558 889 3607 929 et
3652 878 3721 929 ah

2148 960 2213 997 eo
2240 946 2326 1013 qui
2358 947 2577 999 multum
2606 948 2722 999 vult
2767 944 3011 1014 accipere
3042 947 3146 998 noli
3190 956 3240 1001 te
3267 958 3532 1001 avertere.
3583 944 3716 999 Item

2149 1016 2237 1069 ibi.
2283 1015 2356 1067 'l‘e
2386 1025 2561 1068 autem
2608 1017 2834 1072 faciente
2883 1017 3305 1086 eleeniosynam,
3338 1018 3541 1071 nesciat
3584 1018 3720 1070 sini-

2150 1094 2258 1138 stia
2294 1095 2376 1137 tua
2400 1086 2531 1156 quid
2577 1086 2733 1139 l‘aciat
2762 1088 2981 1140 dextera
3038 1098 3145 1146 tua.
3181 1097 3235 1140 ut
3261 1090 3330 1142 sit
3380 1090 3721 1156 eleemosyna

2152 1164 2239 1206 tua
2282 1156 2329 1206 in
2362 1155 2701 1221 abscondito;
2750 1167 2805 1211 et
2836 1157 2990 1210 Pater
3035 1167 3177 1223 tuus,
3227 1159 3317 1226 qui
3347 1160 3492 1212 videt
3532 1157 3585 1211 in
3622 1155 3723 1212 fab-

2149 1226 2414 1289 scondito,
2462 1226 2647 1279 reddet
2690 1226 2803 1280 tibi.
2841 1227 2973 1278 Item
3007 1229 3139 1281 illic.
3188 1229 3563 1283 Verumtamen
3597 1227 3721 1281 date

2150 1295 2544 1364 eleemosynam
2572 1339 2585 1355 ,
2621 1305 2676 1349 et
2718 1312 2846 1350 ecce
2905 1297 3083 1350 omnia
3132 1299 3325 1351 munda
3378 1308 3505 1353 sunt
3552 1299 3725 1352 vobis.

2152 1362 2283 1438 Item
2310 1362 2401 1417 ibi.
2428 1367 2709 1420 Intendcns
2732 1378 2906 1438 autem
2936 1366 3113 1433 .Iesus,
3148 1368 3337 1422 videns
3363 1384 3457 1423 eos
3482 1371 3568 1438 qui
3602 1371 3727 1421 mito

2156 1437 2339 1489 tebant
2384 1451 2601 1489 munera
2652 1451 2747 1508 sua
2798 1437 2851 1490 in
2896 1438 3279 1508 gazophylacio
3308 1437 3541 1504 divites,
3593 1439 3726 1493 vidit

2153 1518 2328 1560 autem
2374 1514 2431 1560 et
2475 1506 2758 1574 quamdam
2808 1508 3021 1561 viduam
3078 1506 3366 1575 pauperem
3421 1511 3725 1564 mittentem

2153 1578 2407 1630 airamina
2458 1578 2587 1637 duo,
2630 1577 2763 1631 dixit
2796 1578 2985 1649 {Vere
3025 1578 3147 1633 dico
3197 1580 3347 1634 vobis
3395 1581 3522 1649 quia
3570 1580 3728 1634 vidua

2158 1650 2269 1699 lirec
2299 1662 2502 1715 pauper
2535 1649 2650 1714 plus
2676 1648 2926 1702 omnibus
2972 1649 3134 1710 misit,
3166 1664 3355 1703 omnes
3394 1648 3539 1705 enim
3572 1649 3625 1703 Ιιί
3654 1666 3722 1704 ex

2149 1718 2475 1771 abundantia
2506 1722 2761 1773 miserunt
2792 1721 2843 1773 iu
2873 1719 3011 1773 dona
3051 1720 3173 1785 Dei;
3209 1722 3322 1773 lure
3353 1731 3532 1776 autem
3565 1736 3629 1775 ex
3663 1736 3728 1774 eo

2147 1789 2289 1911 quod
2322 1789 2472 1842 deest
2505 1790 2607 1851 illi,
2639 1805 2853 1843 omnem
2888 1792 3084 1844 victum
3118 1805 3273 1858 quem
3325 1791 3524 1857 habuit,
3559 1791 3728 1844 misit.

2182 1876 2215 1911 η
2246 1858 2558 1911 Proverbiis.
2592 1861 2743 1911 Sicut
2778 1861 3031 1911 nrobatur
3074 1872 3355 1911 argentum
3405 1864 3456 1911 in
3489 1864 3723 1911 camino-

2182 1876 2215 1911 η
2246 1858 2558 1914 Proverbiis.
2592 1861 2743 1914 Sicut
2778 1861 3031 1928 probatur
3074 1872 3355 1929 argentum
3405 1864 3456 1915 in
3489 1864 3723 1926 camino,

2145 1943 2197 1984 et
2225 1946 2434 1991 aurum,
2465 1931 2535 1983 ita
2564 1932 2731 1984 electa
2762 1933 2923 1984 corda
2954 1929 3093 1998 apud
3129 1930 3434 1985 Dominum.
3468 1930 3600 1985 Item
3629 1932 3720 1985 ibi.

2150 2001 2251 2055 Vas
2282 2001 2422 2063 liguli
2459 2002 2651 2067 probat
2692 1999 2907 2068 fornax,
2941 2010 2997 2057 et
3024 2001 3270 2057 homines
3292 2006 3468 2073 justos
3505 2004 3728 2059 teutatio

2145 2082 2200 2126 et
2229 2072 2623 2125 tribulationes.

2321 2162 2450 2217 CAP.
2487 2162 2575 2217 XI.
2598 2191 2669 2204 -—
2706 2162 2782 2218 De
2803 2166 3121 2236 correptione
3139 2174 3185 2221 et
3206 2166 3269 2221 de
3291 2166 3550 2237 superbia.

2221 2256 2267 2308 l.
2303 2252 2367 2307 In
2400 2254 2706 2309 Proverbiis.
2753 2258 2930 2327 Argue
2957 2259 3277 2323 sapientem.
3312 2268 3367 2314 et
3397 2258 3596 2313 anialiit
3638 2269 3721 2325 te;

2148 2326 2487 2395 insipientem
2517 2336 2571 2379 et
2600 2326 3047 2393 adjiciet’oilisse
3079 2340 3150 2384 te.
3189 2328 3339 2383 Item.
3396 2330 3469 2383 Da
3500 2331 3725 2399 sapienti

2145 2399 2500 2469 occasionem,
2533 2406 2587 2469 et
2615 2399 2907 2469 sapientior
2933 2400 3063 2464 erit;
3113 2414 3296 2455 nomm
3346 2404 3427 2454 lac
3473 2401 3641 2469 justo,
3673 2412 3728 2455 et

2147 2465 2628 2540 adjiciet_te._rQui
2667 2468 2837 2537 diligit
2884 2470 3217 2539 disciplinam
3267 2471 3435 2540 diligit
3473 2465 3722 2534 scaeam,

2147 2550 2267 2589 nam
2299 2535 2387 2607 qui
2440 2536 2551 2589 odit
2591 2535 2898 2607 arguentem
2948 2535 3243 2594 se'stnltus
3271 2535 3388 2597 est:
3413 2540 3560 2594 Item.
3608 2542 3730 2596 Non

2146 2608 2317 2676 diligit
2345 2607 2770 2681 indiscipliuatus
2794 2621 3104 2681 arguentem
3134 2628 3212 2675 se,
3246 2627 3368 2666 cum
3398 2612 3727 2677 sapientibus

2147 2688 2323 2752 autem
2373 2694 2475 2752 non
2506 2678 3050 2752 jcolloiquitttrfltem.
3081 2688 3177 2746 ριν
3222 2682 3439 2752 excepit
3484 2683 3727 2749 discipli-

2148 2763 2268 2801 nam
2311 2750 2362 2803 in
2395 2750 2570 2821 bonis_
2592 2751 2714 2817 erit,
2772 2766 2890 2803 nam
2923 2755 3009 2821 qui
3043 2752 3276 2807 custodit
3337 2750 3729 2821 increpationes

2146 2822 2359 2887 sapiens
2389 2820 2497 2893 ﬁet.
2540 2817 2669 2893 Item
2701 2821 2827 2873 illic.
2863 2817 3119 2877 Pestifero
3164 2826 3441 2893 castigito,
3473 2817 3728 2891 insipiens

2147 2893 2382 2963 astutior
2423 2892 2549 2956 liet;
2602 2890 2647 2944 si
2693 2901 2869 2963 autem
2922 2908 3115 2963 arguas
3168 2890 3338 2947 virum
3389 2890 3727 2962 prudentem,

2150 2961 2413 3015 intellexit
2440 2975 2687 3023 sensum;
2722 2961 2767 3015 si
2797 2961 3150 3030 llagelliveris
3180 2961 3399 3019 stultum
3451 2964 3503 3019 in
3553 2966 3729 3020 medio

2153 3032 2401 3095 concdio,
2444 3032 2822 3086 contumeliam
2874 3035 3136 3097 faciendo,
3170 3051 3277 3089 non
3328 3036 3507 3091 aufers
3549 3037 3729 3090 stulti-

2154 3101 2277 3176 tiam
2310 3101 2449 3169 ejus.
2484 3100 2549 3156 In
2581 3102 2904 3176 Ecclesiaste.
2931 3106 3028 3171 Qui
3071 3106 3184 3159 odit
3209 3107 3603 3176 correptionem
3636 3123 3730 3162 ve-

2148 3173 2362 3240 stigium
2389 3182 2471 3244 est
2498 3175 2896 3244 peccatoris;iet
2929 3177 3016 3243 qui
3048 3177 3236 3230 timent
3263 3173 3567 3244 Dominum,
3592 3194 3727 3232 con-

2153 3254 2365 3297 vertent
2391 3243 2457 3296 ad
2487 3259 2582 3297 eor
2609 3259 2786 3299 suum.
2816 3243 2881 3297 In
2910 3246 3214 3304 Proverbiis.
3250 3247 3399 3301 Sicut
3420 3250 3569 3302 canls
3599 3264 3731 3304 cono

2152 3314 2377 3367 vertitur
2410 3313 2476 3365 ad
2506 3315 2761 3368 vomitum
2810 3330 2990 3381 suum,
3021 3326 3071 3369 et
3103 3317 3320 3371 odihilis
3362 3315 3616 3385 efﬁcitur,
3650 3322 3730 3373 sic

2149 3384 2689 3453 stultusAiiLmalitia
2731 3398 2826 3437 sua
2876 3400 3172 3441 conversus
3221 3389 3274 3443 in
3318 3389 3548 3453 peceatis
3591 3391 3725 3444 suis.

2151 3454 2316 3525 294,
2340 3451 2407 3528 In
2431 3450 2756 3528 Ecclesiaste.
2790 3454 3001 3528 initium
3034 3459 3299 3522 superbia:
3318 3450 3571 3513 homines
3601 3475 3729 3528 apo-

2149 3538 2294 3597 stare
2330 3527 2465 3597 adeo
2496 3525 2610 3595 (sic)
2641 3525 2890 3594 quoniam
2942 3529 3147 3583 initium
3178 3530 3382 3597 peccati
3425 3531 3598 3585 omnis
3636 3525 3735 3583 ὲιιι

2151 3596 2354 3664 perbia.
2396 3594 2525 3650 Item
2553 3598 2679 3650 illic.
2709 3599 2762 3651 In
2788 3598 2997 3653 duobus
3029 3594 3204 3654 timuit
3230 3616 3324 3655 cor
3354 3618 3549 3663 meum,
3583 3610 3637 3655 et
3670 3604 3736 3653 in.

2152 3669 2311 3720 tertio
2361 3668 2633 3722 iracundia
2671 3669 2802 3721 mihi
2834 3670 3071 3734 advenit;
3107 3672 3183 3723 vir
3215 3674 3439 3726 bellator
3468 3673 3733 3727 deliciens

2153 3753 2261 3805 prie
2294 3739 2491 3811 inopia,
2515 3751 2567 3811 et
2589 3740 2669 3793 vir
2694 3748 2937 3794 sensatus
2960 3751 3317 3810 contemptus,
3346 3751 3401 3794 et
3425 3744 3511 3811 qui
3546 3750 3723 3796 trans-

2148 3811 2385 3875 greditur
2433 3809 2694 3879 justitiam
2742 3813 2793 3863 in
2830 3824 3075 3877 peccato,
3124 3809 3263 3866 Deus
3313 3809 3459 3879 Parui
3500 3828 3621 3866 eum
3653 3812 3722 3866 ad

2150 3882 2499 3946 rotnpliteam.
2532 3878 2597 3932 In
2623 3880 2862 3934 Psalmis.
2895 3881 3008 3935 Non
3042 3878 3385 3937 liahitahitin
3425 3884 3601 3937 medio
3625 3884 3722 3935 do.

2150 3965 2266 4003 nius
2312 3962 2443 4003 mea:
2474 3952 2561 4018 qui
2591 3950 2713 4005 facit
2744 3952 3067 4020 superbiam.
3098 3951 3165 4006 In
3193 3954 3457 4019 ApOSlolO.
3493 3953 3720 4007 llumili-

2150 4020 2249 4092 bus
2295 4021 2434 4074 Deus
2461 4023 2553 4074 dat
2581 4022 2825 4090 gratiam,
2872 4026 3121 4092 Superbis
3168 4036 3347 4078 autem
3402 4025 3623 4079 resistit.
3656 4022 3726 4078 In

2151 4089 2455 4165 Proverbiis.
2488 4089 2845 4165 Qui’custodit
2884 4089 2957 4148 (ιε’
2982 4108 3157 4160 sumo,
3187 4106 3241 4149 et
3285 4095 3542 4165 linguam,
3592 4111 3723 4151 conv

2149 4171 2329 4216 servat
2355 4162 2421 4236 de
2437 4162 2713 4236 angustiis
2747 4168 2978 4218 animam
3014 4162 3478 4236 suam,_nam'qni
3513 4162 3719 4236 proter—

2149 4248 2246 4288 \us
2274 4242 2356 4286 est
2383 4233 2534 4285 labiis
2560 4234 2776 4288 terrebit
2804 4237 3174 4303 semetipsum.
3207 4235 3337 4292 Item
3366 4233 3493 4291 illic.
3514 4233 3721 4293 Demos

2148 4305 2497 4370 Superhorum
2549 4306 2788 4359 destruet
2841 4306 3127 4372 Dominus;
3209 4308 3518 4362 immundus
3578 4312 3716 4373 apud

2150 4374 2429 4428 Dominum
2476 4378 2650 4428 omnis
2692 4377 2779 4443 qui
2829 4378 3025 4431 exaltat
3071 4394 3165 4431 cor
3206 4393 3379 4431 suum.
3432 4378 3566 4431 Item
3588 4378 3719 4430 illic.

469 4436 805 4518 ιμιηιιιίιιιιιιί
839 4453 1040 4503 l'ructus
1068 4465 1190 4504 cum
1232 4436 1525 4515 iniquitate.
1562 4448 1693 4501 Item
1734 4436 2038 4503 ibi.'Melitts
2072 4436 2118 4495 Ι)
2147 4445 2320 4518 Filius
2359 4446 2621 4512 superbus
2665 4436 2834 4501 "illius
2882 4451 3067 4502 oculos
3098 4449 3278 4505 habet.
3310 4450 3577 4515 palpebris
3608 4450 3720 4501 suis

468 4529 552 4576 est
581 4535 773 4573 nomen
801 4524 994 4575 bonum
1022 4534 1179 4587 quam
1210 4519 1404 4571 divitia:
1434 4521 1630 4583 nmltie,
1662 4536 1822 4586 super
1849 4535 2035 4573 aurum

469 4603 524 4648 et
573 4600 848 4658 argentum
897 4593 1061 4659 gratia
1111 4592 1246 4642 bona
1293 4599 1392 4642 est.
1444 4589 1507 4643 In
1546 4588 1866 4643 Ecclesiaste.
1898 4590 2036 4643 Nihil

469 4672 549 4715 est
581 4663 811 4728 iniquius
837 4678 990 4727 quam
1022 4675 1202 4713 amare
1235 4660 1520 4728 pecunias;
1556 4662 1675 4712 talis
1702 4662 1843 4713 enim
1875 4660 2034 4714 etiam

469 4749 701 4786 animam
750 4747 897 4784 suam
926 4732 1209 4795 vennndat,
1241 4734 1490 4796 quoniam
1525 4734 1573 4782 in
1600 4728 1703 4781 vita
1734 4746 1827 4783 sua
1863 4729 2037 4798 proje.

469 4803 539 4857 cit
570 4805 752 4856 intima
801 4816 913 4854 sua.
944 4800 1071 4854 Viro
1100 4802 1293 4867 cupido
1345 4803 1513 4853 tenaci
1567 4814 1672 4853 non
1712 4809 1794 4852 est
1838 4802 2033 4856 bonum

469 4874 787 4936 substantia,
818 4882 872 4925 et
904 4872 1101 4923 homini
1142 4874 1335 4937 libido;
1383 4880 1440 4923 ut
1468 4870 1591 4938 quid
1623 4870 1851 4922 aurum?
1883 4871 2035 4925 Sit-ut

469 4946 578 4997 exit
626 4944 693 4997 de
725 4952 873 4996 utero
925 4943 1108 4994 matris
1156 4958 1288 5009 suae,
1343 4942 1517 4995 nudus
1548 4941 1845 5003 revertitur,
1897 4941 2034 4995 sit-ut

473 5014 641 5077 venit,
687 5021 741 5067 et
772 5013 901 5065 nihil
951 5011 1175 5067 accipiet
1220 5028 1284 5066 ex
1335 5013 1515 5066 labore
1554 5026 1670 5075 suo,
1706 5020 1760 5064 ut
1792 5011 1950 5065 vadat
1978 5013 2028 5067 in

470 5100 628 5138 manu
660 5100 773 5138 sua.
810 5084 945 5148 Dixi,
981 5084 1168 5135 melior
1193 5093 1271 5135 est
1297 5098 1455 5145 super
1490 5082 1629 5135 hunc
1668 5083 1911 5135 abortum
1946 5099 2032 5137 re-

469 5157 620 5221 quies
652 5154 772 5208 huic
800 5157 965 5222 magis
994 5168 1149 5222 quam
1186 5154 1305 5205 illis.
1350 5152 1413 5204 In
1437 5152 1719 5221 Sep/iouia.
1756 5151 2029 5219 Dispeiie-

472 5235 596 5279 runt
665 5242 849 5279 omnes
906 5227 991 5287 qui
1043 5223 1341 5277 exaltantur
1390 5228 1438 5275 in
1496 5231 1715 5287 argento
1765 5234 1815 5275 et
1862 5240 2023 5289 auro;

471 5298 736 5351 elliindam
768 5297 1076 5364 sanguinem
1128 5308 1309 5346 eorum
1339 5293 1474 5347 sicut
1521 5296 1723 5355 limum,
1757 5301 1811 5346 et
1840 5308 2028 5347 carnes

472 5384 656 5421 eorum
689 5366 829 5419 sicut
856 5380 1090 5419 Stercora
1123 5365 1314 5428 bomn;
1356 5375 1407 5417 et
1432 5376 1707 5430 argentum
1737 5374 1790 5418 et
1839 5379 2024 5417 aurum

474 5455 577 5491 non
609 5442 805 5505 poterit
835 5438 1062 5488 liberare
1093 5449 1185 5487 eos
1214 5435 1263 5486 in
1295 5434 1382 5505 die
1416 5436 1507 5487 ira:
1541 5436 1765 5487 Domini.
1816 5432 1884 5487 In
1916 5433 2023 5486 llu-

472 5504 648 5562 bacue.
680 5512 724 5561 υ
749 5508 835 5572 qui
865 5507 1090 5572 aequirit
1133 5504 1407 5555 avaritiam
1442 5504 1632 5557 malam
1662 5506 1839 5558 domui
1882 5520 2024 5571 sum;

472 5580 710 5647 cogitasti
736 5574 1294 5647 COnlusionetndomui
1316 5578 1685 5647 tutn.peccavit
1715 5575 1884 5647 anima
1916 5584 2025 5632 tua.

476 5644 883 5707 ΙιιῈεειεείαειε.
924 5646 1012 5699 Via
1043 5646 1368 5712 peccantium
1402 5646 1553 5711 plena
1584 5646 1648 5699 ab
1677 5644 1923 5710 nileusis;
1977 5650 2025 5701 in

482 5729 581 5774 tun:
628 5723 833 5775 illoium
889 5717 1063 5782 inferi,
1117 5726 1169 5771 et
1207 5714 1463 5781 tenebrir,
1495 5722 1546 5768 et
1573 5731 1760 5783 pinum.

2142 4516 2412 4569 extollitur
2462 4527 2795 4576 temerarius,
2826 4529 2878 4571 et
2923 4517 3186 4584 superbus
3217 4518 3513 4585 pestilentia
3560 4532 3718 4571 voci-

2144 4593 2248 4639 tur.
2275 4585 2407 4639 Item
2429 4587 2552 4639 illic.
2582 4586 2695 4639 Noli
2716 4587 2998 4654 superbire
3027 4598 3151 4641 ante
3179 4600 3528 4654 conspectum
3552 4591 3714 4657 regis,

2141 4672 2312 4725 neque
2344 4658 2397 4709 in
2426 4659 2557 4710 locis
2588 4665 2881 4724 potentium
2928 4658 3246 4711 subsiStens.
3281 4657 3468 4711 Melius
3513 4670 3597 4711 est
3620 4660 3712 4712 tibi

2139 4728 2171 4780 d
2195 4741 2306 4780 clas
2336 4728 2453 4797 (sic)
2482 4740 2764 4793 antequam
2800 4729 3081 4781 humiliare
3124 4730 3174 4780 in
3203 4738 3712 4797 conspectupoteu-

2140 4797 2228 4851 tis.
2255 4797 2320 4849 In
2351 4796 2673 4850 Et'cwsiaste.
2704 4798 2927 4851 Udtbilis
2954 4812 3133 4851 coram
3167 4797 3297 4862 Deo,
3326 4796 3378 4853 et
3410 4800 3712 4853 hominibus

2136 4869 2406 4935 superbia.
2442 4867 2572 4918 Item
2611 4868 2698 4918 ibi.
2737 4867 2801 4919 Et
2827 4867 2950 4934 quid
2990 4871 3257 4935 superbis,
3291 4879 3431 4923 terra
3458 4880 3511 4923 et
3540 4871 3714 4923 cinis?

2136 4936 2269 4991 Item
2298 4938 2423 4990 illic.
2465 4938 2564 5002 Qui
2609 4938 2839 5005 tetigerit
2884 4953 3053 5005 picem
3099 4941 3466 5008 inquinabitur
3510 4942 3577 4994 ab
3620 4957 3705 5000 ea,

2133 5008 2224 5079 qui
2271 5008 2902 5079 comumnicat‘superbo
2955 5009 3127 5062 induit
3177 5014 3501 5079 superbiam.
3576 5008 3707 5061 [teut

2132 5078 2259 5131 illic.
2301 5079 2399 5141 Qui
2445 5076 2662 5144 superbi
2711 5087 2839 5131 sunt
2880 5080 3205 5135 contumelia
3247 5076 3620 5141 conterentur,
3648 5094 3703 5133 et

2134 5148 2571 5211 linniiliahuntur,
2605 5160 2657 5202 et
2686 5150 2879 5203 Cadent
2908 5152 3101 5205 esteelsi
3150 5152 3343 5217 gladio.
3395 5150 3529 5205 Item
3570 5154 3698 5205 illic.

2129 5220 2370 5273 Cessavit
2398 5218 2667 5290 superbia,
2700 5230 2754 5271 et
2783 5221 2979 5273 divitiae
3001 5225 3377 5289 superborum,
3409 5226 3530 5290 quis
3560 5222 3706 5290 quod

2128 5290 2293 5343 altum
2326 5300 2409 5343 est
2436 5291 2488 5344 in
2515 5288 2841 5358 hominibus,
2874 5288 3205 5348 abominatio
3234 5305 3317 5348 est
3344 5288 3483 5364 apud
3514 5288 3700 5347 Deum.

2129 5406 2257 5462 Car.
2309 5403 2422 5458 Xll.
2477 5436 2541 5444 —
2570 5403 2647 5459 De
2686 5407 3103 5531 nianzuetuzline,
3152 5410 3216 5463 de
3249 5409 3491 5480 patientia
3553 5418 3600 5464 et
3652 5410 3717 5466 a‘e

2846 5495 2945 5531 umt
2971 5489 3112 5531 ttule.

2846 5489 3112 5532 utttttttttle.

2204 5571 2253 5626 1.
2287 5570 2348 5625 In
2377 5571 2679 5625 Proverbiis.
2712 5570 2758 5624 M
2778 5584 3019 5625 insuetus
3043 5574 3121 5626 vir
3149 5572 3326 5626 cordis
3358 5574 3594 5627 medicus
3617 5588 3698 5631 est

2134 5644 2249 5711 (εἰν)
2284 5644 2334 5696 in
2366 5660 2425 5697 ea
2452 5643 2661 5695 ossibus
2692 5658 2785 5695 cor
2816 5642 3137 5711 intelligens.
3184 5643 3311 5697 Item
3336 5644 3463 5697 itfic.
3515 5646 3700 5701 Mela-:r

2132 5729 2208 5770 est
2243 5728 2548 5770 matruczus
2575 5731 2690 5769 cum
2725 5714 3019 5767 liumiiitate
3048 5731 3203 5784 quam
3236 5718 3321 5785 qui
3354 5714 3541 5772 dividit
3567 5734 3709 5788 prius
