4180 6178
483 198 614 258 1207

1264 196 1356 252 AD
1393 194 1451 250 8.
1496 191 1748 249 lSlDORl
1788 188 2226 249 HISPALENSIS
2264 188 2489 244 OPEIH
2536 189 2976 247 APPENDICES.

3598 186 3739 248 1208

480 313 600 368 dam
646 329 766 370 eum
812 308 1229 369 contumeliosis.
1283 307 1344 361 In
1371 305 1699 379 Ecclesiaste.
1744 304 1870 358 Esto
1902 319 2051 357 man-
2083 308 2120 358 Α
2158 311 2321 366 lusus.
2349 310 2480 364 Item
2501 313 2627 364 illic.
2662 311 2754 364 Vir
2782 311 3051 365 mutabilis
3080 311 3311 379 linguam
3337 308 3592 364 inciditin
3618 328 3739 365 tua-

480 396 665 440 suetus
692 385 758 439 ad
786 384 1105 438 audiendum
1148 379 1405 442 verbum,
1440 387 1495 430 nt
1539 376 1817 444 intelligas.
1850 386 1902 429 ct
1927 388 2047 426 cum

483 457 741 526 sapientia
773 456 990 520 lnquere
1020 464 1332 518 responsum
1363 463 1568 526 verum.
1599 445 1883 526 Ite_m_illic.
1927 446 2047 526 Fili,

483 515 979 580 iii-mansuetudine
1008 515 1302 590 operatus
1320 515 1540 590 perﬁce,
1568 529 1620 590 et
1639 519 1707 569 ab
1736 515 2048 590 liom‘inedi-

484 595 684 665 ligeris.
717 593 867 647 Item.
903 592 957 646 In
986 585 1146 665 corde
1169 589 1263 665 viri
1292 585 1417 643 boni
1444 589 1742 665 invenietur
1766 585 2048 665 patientia;

486 653 605 717 nam
637 666 689 717 in
712 666 873 718 corde
913 662 1273 727 insipientium
1320 673 1424 712 non
1464 658 1789 727 agnoscitur.
1827 653 1892 727 In
1924 655 2053 727 Pro-

484 736 682 788 verbiis.
718 735 901 788 Melior
923 724 1230 800 vir-patiens
1259 745 1414 799 quam
1447 724 1621 800 Ini-tis,
1651 743 1770 780 nam
1804 724 1892 800 qui
1925 726 2053 800 reti-

488 814 577 857 net
608 807 736 857 iram
769 804 957 857 melior
982 793 1067 855 est
1096 816 1252 868 quant
1278 793 1384 863 'qui
1414 797 1679 853 civitatem
1709 796 1871 862 capit.
1922 793 2055 848 Item

485 874 611 929 illic.
637 874 734 940 Qui
758 875 926 940 parcit
951 872 1171 926 verbum
1203 871 1437 936 proferre
1463 868 1652 940 durum
1680 868 1910 940 prudens
1937 875 2050 940 est;

488 936 692 1006 patiens
718 936 892 998 autem
918 946 999 996 vir
1025 944 1272 1001 copiosus
1299 941 1350 993 in
1380 939 1668 1007 sapientia;
1702 936 2055 1003 pusillanimis

484 1024 661 1068 autem
690 1014 1037 1068 vehementer
1066 1012 1345 1078 insipiens.
1380 1009 1533 1063 Item.
1558 1010 1742 1063 Omnis
1764 1022 1924 1067 onera
1962 1007 2056 1059 hu-

489 1085 628 1139 milis
657 1083 936 1139 manil'esta
965 1084 1100 1150 apud
1136 1082 1318 1143 Deum,
1349 1096 1467 1134 nam
1502 1080 1649 1150 impii
1681 1078 1732 1131 in
1759 1078 1849 1150 die
1880 1079 2060 1150 malo:-

485 1169 602 1207 rum
644 1155 911 1222 peribunt.
943 1153 1072 1207 Item
1096 1153 1228 1222 illic.
1262 1151 1595 1219 Responsum
1624 1149 1823 1222 humile
1868 1149 2061 1222 avertit

486 1217 657 1278 iram.
679 1224 741 1278 Et
769 1228 953 1277 iterum
994 1225 1048 1277 in
1083 1221 1249 1275 Isaia.
1281 1217 1548 1287 Ad‘quem
1581 1218 1887 1287 reSpiciam.
1931 1217 2057 1270 dicit

489 1293 766 1358 Dominus,
814 1296 912 1348 nisi
948 1309 1108 1358 super
1164 1290 1440 1347 humilem.
1473 1300 1527 1343 et
1558 1291 1815 1356 quietum,
1847 1298 1897 1340 et
1951 1298 2058 1341 tre-

486 1375 719 1419 mentem
768 1366 927 1419 verba
983 1364 1139 1417 mea?
1188 1361 1253 1414 Iit
1282 1361 1574 1423 Evangelia.
1631 1361 1817 1412 Omnis
1864 1357 1953 1426 qui
2003 1374 2062 1412 i-e

487 1436 686 1487 exaltat
717 1435 1103 1497 lnnniliabitur,
1138 1443 1192 1486 et
1220 1433 1309 1500 qui
1342 1446 1401 1484 se
1432 1430 1672 1483 humiliat
1721 1430 2060 1482 exaltabitur.

487 1504 555 1556 In
584 1503 817 1569 Epistula
844 1502 1043 1558 Jacobi.
1104 1502 1389 1556 llumiliate
1423 1514 1516 1554 vos
1563 1508 1688 1554 ante
1716 1508 2061 1569 conspectuin

486 1572 719 1644 Domini,
749 1583 805 1629 et
832 1574 1088 1629 exaltabit
1112 1587 1229 1627 vos.

883 1665 1011 1718 CAP.
1056 1663 1191 1719 Xlll.
1209 1690 1281 1702 --
1307 1663 1379 1718 De
1405 1664 1675 1732 sapientia.

561 1735 611 1788 1.
644 1733 708 1788 In
739 1732 1046 1789 Proverbiis.
1099 1736 1335 1789 Gloriam
1384 1735 1656 1802 sapientes
1693 1732 2059 1800 possidebunt,

488 1812 544 1857 et
579 1805 888 1874 insipientes
915 1806 1158 1859 dividunt
1203 1806 1601 1859 contumeliam.
1634 1802 1768 1874 Item
1797 1802 1927 1858 illic.
1960 1803 2064 1856 Or-

491 1873 798 1929 namentnm
848 1877 1274 1930 adolescentibus
1323 1875 1617 1944 sapientia,
1666 1873 1832 1943 gloria
1883 1879 2063 1928 autem

489 1946 758 2000 seniorum
786 1945 922 1999 cani.
956 1945 1088 2000 Item
1120 1948 1245 2000 illic.
1277 1943 1732 2014 Corsapientium
1765 1944 2067 2012 possidebit

490 2029 729 2070 sensum.
760 2015 892 2070 Item
920 2017 1010 2070 ibi.
1044 2016 1229 2071 Melior
1257 2017 1474 2085 sapiens
1510 2030 1667 2085 quam
1699 2014 1871 2085 fortis,
1907 2025 1961 2069 et
1988 2017 2066 2068 vir

491 2086 826 2156 prudentiam
875 2088 1075 2142 habens
1119 2102 1277 2155 quam
1320 2082 1455 2156 ager
1498 2082 1739 2155 magnus.
1797 2082 1930 2139 Item
1972 2086 2060 2139 ibi.

492 2154 640 2210 Felix
668 2159 885 2226 sapiens
912 2158 1002 2226 qui
1033 2160 1082 2211 in
1114 2154 1378 2226 sapientia
1405 2172 1501 2211 sua
1532 2154 1809 2213 veritatem
1839 2164 1894 2210 et
1913 2156 2068 2224 justi-

492 2226 620 2281 tiam
649 2225 1023 2293 meditabitur;
1050 2229 1100 2282 in
1118 2225 1277 2282 sensu
1297 2243 1394 2283 suo
1416 2228 1665 2297 cogitavit
1684 2225 2067 2297 circuminspe-

490 2297 726 2353 ctionem
759 2299 872 2353 llei.
903 2297 1036 2352 Item
1062 2299 1187 2353 illic.
1230 2298 1401 2352 llomo
1431 2296 1645 2366 sapiens
1674 2296 1868 2351 tacebit
1898 2308 2068 2360 usque

488 2368 545 2438 in
576 2377 814 2438 tempus;
861 2370 1094 2424 lascivus
1122 2378 1299 2423 autem
1328 2378 1383 2422 et
1412 2368 1722 2436 imprudens
1750 2382 1853 2421 non
1886 2380 2067 2421 serva-

491 2435 626 2491 lmnt
658 2435 883 2508 tempus.
920 2438 1051 2493 Item
1079 2440 1204 2493 illic.
1235 2440 1460 2508 Sapiens
1493 2435 1561 2491 in
1591 2439 1768 2493 verbis
1809 2452 1867 2492 se
1894 2437 2065 2508 ipsum

490 2508 754 2563 allabilem
804 2508 950 2564 facit.
1001 2508 1131 2564 Item
1178 2507 1321 2564 illic.
1361 2509 1530 2562 Homo
1561 2509 1678 2576 pius
1727 2510 1778 2562 in
1808 2507 2065 2575 sapientia

493 2588 697 2644 manet,
727 2580 996 2650 sicutsol;
1046 2595 1166 2632 nam
1196 2580 1355 2650 295
1391 2581 1585 2650 stultus
1612 2579 1750 2631 sicut
1798 2578 1918 2650 luna
1969 2578 2069 2650 im-

494 2650 804 2702 mutabitur.
856 2648 986 2703 Item
1016 2650 1141 2702 illic.
1193 2646 1664 2715 Cor'sapientinm
1714 2650 1764 2701 in
1796 2648 1955 2701 domo
1987 2646 2067 2699 lu-

492 2725 633 2785 ctus,
663 2728 716 2772 et
743 2734 837 2774 cor
866 2718 1226 2785 insipientium
1259 2719 1310 2772 in
1335 2719 1495 2772 domo
1519 2717 1762 2772 luxuriae.
1788 2716 1912 2770 Item
1937 2717 2063 2770 illic.

496 2786 591 2841 Vir
616 2790 813 2855 peritus
846 2790 1049 2843 inultos
1066 2788 1389 2852 crndivit,et
1411 2787 1600 2841 anima:
1628 2804 1738 2841 suae
1770 2788 1947 2842 Suavis
1962 2799 2063 2841 est.

494 2857 558 2911 In
582 2856 703 2912 Job.
760 2861 1019 2926 Quoniam
1074 2859 1329 2928 sapientia
1382 2867 1465 2912 est
1518 2858 1708 2912 timere
1763 2858 2064 2925 Dominum,

494 2930 765 2983 abstinere
794 2939 973 2984 autem
1000 2944 1060 2985 se
1089 2944 1117 2982 a
1150 2931 1286 2984 mala
1317 2929 1563 2983 scientia.

690 3022 819 3076 CAP.
853 3022 994 3079 XIV.
1017 3021 1169 3075 ~De
1193 3022 1575 3076 conversatione
1598 3025 1868 3091 iuvenum.

497 3125 501 3128 ›
570 3091 620 3145 1.
666 3090 728 3144 In
759 3091 1083 3148 Ecclesiaste.
1112 3092 1233 3155 Fili,
1266 3109 1295 3146 a
1321 3090 1607 3161 juventute
1625 3102 1709 3145 tua
1736 3091 1923 3159 excipe
1945 3091 2072 3161 doc-

498 3161 716 3227 trinam,
739 3172 796 3218 et
816 3178 984 3231 usque
1011 3164 1077 3217 ad
1102 3178 1272 3217 annos
1299 3159 1536 3217 invenies
1560 3164 1893 3229 sapientiam.
1941 3159 2072 3215 Item

496 3233 622 3285 illic.
660 3233 783 3296 Fili,
818 3234 871 3287 in
890 3235 1169 3302 juventute
1191 3242 1279 3287 tua
1309 3241 1456 3288 tenta
1492 3234 1724 3287 animata
1755 3242 1919 3302 tuam,
1948 3239 2004 3286 et
2028 3232 2072 3284 si

498 3304 654 3357 luerit
696 3301 947 3372 nequam,
995 3320 1100 3359 non
1155 3304 1250 3359 des
1294 3305 1343 3359 ei
1401 3309 1747 3372 potestatem.
1778 3301 1892 3357 Non
1930 3304 2073 3357 enim

497 3375 643 3427 onini
673 3377 867 3428 animae
891 3390 1051 3430 omne
1072 3390 1239 3444 genus
1288 3375 1481 3444 placet.
1508 3372 1640 3429 Item
1677 3374 1804 3428 illic.
1839 3372 2077 3428 Adoles-

501 3459 654 3509 cens,
702 3445 925 3513 loquere
956 3446 1008 3499 in
1043 3443 1130 3500 tua
1157 3443 1317 3501 causa
1344 3487 1359 3510 ,
1390 3453 1449 3499 ut
1494 3446 1852 3515 interrogatus
1881 3443 2076 3515 habt-at

496 3525 658 3591 caput
688 3516 805 3585 (sic)
866 3531 1181 3591 responsum
1223 3522 1389 3591 tuum.
1425 3515 1481 3568 In
1512 3513 1847 3570 multis—esto
1876 3513 2077 3568 inscius

497 3586 678 3649 simul,
705 3593 760 3638 et
790 3601 1061 3651 quaerens,
1086 3587 1138 3641 in
1170 3586 1347 3640 medio
1370 3597 1736 3655 magnatorum
1766 3602 1832 3637 ne
1858 3600 2077 3653 prazsu—

497 3668 614 3707 mas
642 3655 889 3720 verbum,
920 3665 976 3711 et
1004 3657 1091 3711 ubi
1115 3666 1238 3711 sunt
1260 3671 1437 3717 senes,
1472 3671 1540 3710 ne
1560 3657 1784 3709 multum
1816 3656 2073 3724 loquaris;

495 3734 623 3780 ante
640 3727 953 3793 grandinem
979 3728 1228 3794 prtecedit
1246 3726 1567 3794 coruscatio,
1597 3734 1654 3782 et
1671 3736 1797 3781 ante
1810 3724 2076 3780 hominem

499 3797 861 3851 verecundum
888 3799 1144 3867 praecedit
1162 3799 1355 3869 gratia.

499 3888 628 3941 CAP.
653 3886 995 3944 XV.——Non
1015 3891 1322 3959 jurandum,
1348 3898 1511 3955 etnon
1542 3887 1815 3942 dicendum
1864 3886 2074 3955 falsum,

1014 3968 1061 4014 et
1084 3976 1185 4013 non
1216 3960 1577 4014 mentiendum.

575 4032 627 4080 1.
666 4028 697 4059 ³
729 4027 795 4081 In
825 4028 1066 4084 Leritico.
1097 4029 1360 4085 Jurationi
1395 4046 1498 4083 non
1544 4043 1761 4084 suescas
1789 4041 1852 4083 os
1899 4036 2077 4091 tuum;

501 4098 649 4150 multi
673 4099 813 4152 enim
843 4115 997 4154 casus
1031 4102 1082 4155 in
1115 4103 1224 4167 illa,
1257 4110 1311 4156 et
1331 4100 1635 4154 nominibus
1661 4115 1764 4153 non
1787 4098 2081 4152 admiscea-

503 4168 599 4227 ris.
635 4171 883 4238 quoniam
911 4173 1016 4225 eris
1042 4173 1287 4225 immunis
1310 4174 1376 4223 ab
1400 4172 1511 4236 eis;
1544 4171 1698 4224 sicuti
1721 4173 1862 4224 enim
1893 4181 2081 4222 servus

503 4238 722 4293 assidue
746 4256 773 4291 a
807 4241 972 4293 livore
996 4243 1272 4304 minuitur,
1297 4247 1374 4295 sic
1400 4242 1576 4295 omnis
1602 4242 1785 4309 jurans
1816 4247 1873 4292 et
1909 4240 2081 4292 uomi-

506 4324 641 4361 nans
671 4310 721 4361 in
754 4319 865 4363 toto
895 4319 1111 4378 peccato
1140 4327 1244 4363 non
1280 4313 1607 4377 purgabitur.
1645 4310 1793 4363 Item.
1829 4311 1916 4362 Vir
1945 4312 2079 4363 tnul-

2095 3005 2144 3067 ϐ

2156 383 2241 440 lis.
2270 382 2419 436 [eatis
2447 381 2611 436 falsus
2644 396 2750 435 non
2780 384 2882 435 erit
2912 382 3225 450 impunitus,
3276 384 3387 445 nui,
3423 395 3541 433 enin
3576 398 3741 434 accn-

2152 454 2477 520 satinjuste.
2509 470 2614 507 non
2667 455 2869 506 eva-dit.
2916 451 3045 505 Item
3091 453 3221 505 illic.
3274 452 3454 506 Testis
3509 453 3743 507 tnenilav

2156 524 2373 589 peribit,
2406 523 2487 575 vir
2515 533 2690 578 autem
2720 523 2977 579 obediens
2993 528 3146 579 caute
3174 522 3423 587 loquitur.
3453 520 3583 577 Item
3611 523 3741 578 illic.

2153 596 2334 655 (Ilava,
2358 602 2411 647 et
2438 592 2666 662 gladius,
2694 603 2749 647 et
2787 594 3000 663 sagitta,
3033 593 3335 662 perniciosa
3387 601 3529 653 sunt.
3564 595 3642 647 sic.
3689 603 3748 648 et

2154 669 2236 717 vir
2255 664 2473 732 stultus,
2495 663 2583 723 qui
2607 662 3101 718 adversusamicum
3116 678 3266 717 suum
3292 662 3478 716 falsum
3503 663 3747 716 testimo-

2157 737 2300 787 nium
2325 735 2469 790 dicit.
2508 732 2636 787 Item
2661 734 2791 794 illic.
2822 736 3019 805 Lingua
3051 748 3154 787 me-
3178 735 3279 787 das
3305 734 3416 805 odit
3437 735 3741 805 veritatem,

2156 822 2217 858 os
2249 816 2424 859 autem
2458 804 2793 860 incontinens
2840 802 2962 859 facit
2985 805 3299 860 seditiones.
3345 804 3407 857 In
3448 802 3746 869 Sapientia.

2157 878 2230 930 Os
2258 884 2435 953 autem
2468 875 2609 942 quod
2636 878 2889 953 mentitur
2917 876 3115 953 occidit
3156 876 3409 953 animam.
3462 875 3578 953 Eon
3608 874 3750 928 velle

2159 948 2374 1002 mentiri
2400 962 2557 999 omne
2585 945 2942 1010 mendacium,
2974 946 3259 999 assiduitas
3289 945 3429 1000 enim
3462 947 3603 998 illius
3634 958 3749 997 non

2159 1028 2242 1071 est
2271 1017 2430 1070 bona.
2464 1015 2595 1069 Item
2616 1017 2744 1070 illic.
2794 1018 2979 1071 Melior
3010 1024 3095 1071 est
3122 1032 3321 1085 panper
3364 1016 3641 1069 ambulans
3691 1016 3747 1067 in

2158 1088 2400 1151 veritate,
2446 1102 2604 1156 quam
2659 1087 2812 1143 dives
2855 1088 3104 1142 mendax.
3156 1084 3237 1141 Ini
3275 1088 3524 1140 Ieremia.
3568 1087 3747 1156 Omne

2161 1155 2498 1212 mendacium
2527 1173 2632 1211 non
2662 1168 2744 1212 est
2768 1158 2834 1213 de
2864 1160 3109 1215 veritate.
3143 1156 3211 1211 In
3258 1156 3490 1211 Psalmo.
3542 1155 3749 1212 Perdes

2161 1243 2255 1285 eos
2285 1230 2373 1298 qui
2414 1229 2699 1295 inquttltltlr
2726 1229 3090 1284 mendacium.

2454 1322 2584 1377 ΟΑΡ.
2616 1321 2751 1377 XVI.
2777 1353 2845 1363 -—
2870 1322 2985 1376 Non
3008 1322 3394 1392 fornicandum.

2240 1395 2288 1445 1.
2339 1392 2400 1446 In
2431 1392 2740 1447 Proverbiis.
2788 1394 2973 1447 Mulier
2999 1390 3178 1447 autem
3221 1394 3452 1446 virorum
3482 1390 3755 1459 pretiosas

2165 1463 2373 1518 animas
2424 1468 2583 1533 capit.
2619 1465 2870 1535 Alligabit
2897 1465 3017 1531 quis
3040 1466 3092 1516 in
3123 1465 3297 1518 sinum
3326 1464 3527 1535 ignem,
3580 1461 3752 1516 vesti-

2168 1542 2343 1589 menta
2375 1532 2551 1589 autem
2598 1551 2705 1589 non
2732 1532 3067 1589 'comhuret‘?
3096 1537 3200 1587 Aut
3244 1532 3536 1587 ambulabit
3588 1546 3753 1587 super

2168 1607 2429 1659 carbones
2460 1607 2616 1675 ignis,
2647 1606 2810 1674 pedes
2832 1619 2959 1660 vero
2975 1620 3080 1658 non
3110 1602 3424 1658 comburet?
3452 1601 3581 1655 Item
3612 1602 3746 1675 illic.

2172 1675 2394 1729 Adulter
2422 1673 2598 1729 autem
2649 1673 2866 1745 propter
2901 1676 3153 1746 inepiam
3203 1689 3417 1729 sensum
3476 1673 3754 1746 interitum

2169 1746 2289 1816 (sic)
2324 1747 2516 1800 animae
2544 1761 2657 1801 sum
2710 1743 2939 1814 aequirit
2985 1743 3205 1798 dolores
3251 1757 3302 1800 et
3350 1743 3753 1816 turpitudines;

2169 1814 2332 1879 super
2359 1818 2705 1887 opprobrium
2760 1824 2940 1872 autem
2972 1816 3089 1882 ejus
3129 1831 3231 1887 non
3261 1815 3542 1870 delebitur.
3604 1814 3758 1868 Abo-

2169 1888 2391 1941 minatio
2419 1896 2501 1942 est
2532 1887 2760 1940 Domino
2798 1888 3047 1949 Cogitatio
3081 1886 3279 1953 iniqua.
3319 1893 3627 1939 sanctorum
3658 1900 3759 1937 an-

2168 1968 2273 2012 tem
2299 1973 2580 2013 Sermones
2611 1957 2785 2027 pudici
2838 1967 2981 2012 sunt.
3030 1956 3165 2010 Item
3202 1956 3329 2011 illic.
3374 1956 3485 2027 Viri
3521 1955 3760 2009 amantis

2166 2029 2481 2097 sapientiam
2516 2026 2784 2083 laetabitur
2821 2040 2992 2097 pater;
3034 2043 3120 2096 qui
3147 2036 3321 2080 autem
3347 2026 3519 2097 pascit
3563 2041 3751 2097 mere-

2168 2095 2344 2163 trices,
2374 2099 2562 2156 t-erdet
2608 2095 2842 2153 divitias.
2877 2096 2944 2152 In
2968 2095 3291 2152 Ecclesiaste.
3329 2097 3443 2151 Non
3464 2095 3560 2150 des
3590 2095 3761 2149 lami-

2167 2170 2278 2241 cari
2299 2170 2531 2223 animam
2556 2180 2703 2241 tuam_
2731 2170 2967 2241 2937i"
2988 2169 3099 2233 illo,
3130 2184 3196 2221 ne
3216 2167 3411 2241 perdas
3434 2176 3509 2226 te.
3546 2176 3602 2222 et
3626 2168 3751 2220 bte-

2168 2239 2451 2295 reditatem
2480 2248 2646 2296 tuam.
2678 2238 2829 2293 Ιιῖηῐ.
2862 2238 3057 2293 Vinum
3086 2244 3145 2293 et
3171 2239 3426 2292 mulieres
3446 2244 3759 2307 apostatare

2170 2312 2370 2363 l'aciunt
2418 2311 2711 2377 sapientes,
2762 2320 2817 2365 et
2868 2318 3094 2378 arguent
3146 2317 3423 2372 sensatos;
3476 2318 3528 2361 et
3557 2307 3642 2373 qui
3691 2321 3759 2359 se

2163 2380 2339 2449 jungit
2372 2380 2696 2442 fornicariis,
2727 2382 2831 2435 erit
2858 2395 3085 2447 nequam
3141 2378 3386 2449 putredo,
3434 2388 3489 2432 et
3540 2391 3759 2449 vermes

2170 2446 2569 2505 hmreditabunt
2596 2454 2766 2505 illum.
2796 2450 2860 2504 In
2892 2448 3200 2516 Evangelia.
3228 2448 3420 2503 Omnis
3440 2450 3529 2516 qui
3556 2446 3758 2502 viderit

2169 2522 2448 2576 mulierem
2478 2523 2542 2575 ad
2573 2522 3059 2584 concupist'endnm
3091 2536 3231 2580 eam,
3292 2522 3398 2586 jam
3454 2521 3759 2572 moechatus

2168 2602 2253 2645 est
2276 2592 2325 2645 in
2346 2589 2506 2645 corde
2536 2608 2658 2646 suo.
2695 2591 2826 2645 Item
2858 2593 2948 2647 ibi.
2975 2591 3160 2645 Omnis
3187 2590 3274 2658 qui
3323 2586 3586 2643 dimiserit
3619 2602 3757 2658 ηιρ-

2170 2676 2281 2715 rem
2312 2677 2488 2726 suam,
2520 2671 2573 2716 et
2596 2663 2752 2716 aliam
2794 2662 2963 2727 ducit,
3008 2656 3337 2724 moechatur;
3372 2672 3426 2713 et
3448 2661 3538 2726 qui
3567 2656 3762 2710 dimis-

2168 2746 2281 2786 sam
2314 2748 2345 2786 a
2373 2732 2488 2785 viro
2516 2735 2726 2787 duxerit
2750 2732 3064 2787 mmclritur.
3122 2729 3188 2783 In
3221 2729 3421 2784 Exodo.
3472 2731 3540 2784 Et
3587 2728 3755 2781 facies

2170 2801 2277 2856 illis
2303 2802 2523 2857 braccas
2550 2803 2737 2859 lineas.
2772 2812 3036 2866 uttegant
3084 2801 3456 2858 verecundiam
3510 2798 3761 2869 corporis

2171 2886 2203 2926 a
2234 2872 2447 2940 lumb’s,
2480 2888 2646 2941 usque
2668 2874 2732 2927 ad
2762 2872 3032 2943 geniculo.

2387 2963 2516 3018 CAP.
2548 2963 2797 3019 XVl|.—
2816 2962 2942 3017 Item
2970 2965 3031 3016 ile
3051 2962 3357 3016 continentia
3380 2960 3501 3015 oris.

2249 3034 2299 3087 1.
2333 3032 2397 3087 In
2430 3034 2736 3088 Proverbiis.
2767 3035 2957 3088 Odium
2972 3034 3196 3087 suscitat
3223 3031 3519 3093 contentio,
3556 3042 3752 3084 omnes

2175 3113 2351 3157 autem
2383 3120 2486 3158 non
2514 3105 2901 3159 contendentes
2926 3105 3151 3173 protegit
3176 3103 3426 3157 amicitia.
3458 3099 3664 3173 Pactus
3689 3099 3760 3152 ad

2178 3173 2518 3228 Timotheum.
2553 3175 2808 3228 Prolanas
2829 3170 3004 3228 autém
3029 3190 3218 3228 vocum
3252 3174 3514 3226 novitates
3541 3170 3757 3234 devita,

2179 3247 2401 3297 multum
2440 3244 2583 3299 enim
2633 3244 2911 3312 proﬁciunt
2962 3244 3025 3297 ad
3071 3245 3424 3308 impietatem,
3472 3249 3759 3312 elusermu

2174 3329 2359 3368 eorum
2388 3324 2445 3369 ut
2472 3308 2664 3369 cancer
2714 3315 2895 3382 serpit.
2930 3314 2993 3368 In
3029 3313 3239 3368 Psalmo
3283 3327 3496 3368 cum.
3532 3308 3623 3362 Vir
3657 3310 3764 3382 lin-

2177 3400 2377 3453 guosus
2401 3401 2509 3441 non
2538 3380 2977 3455 dirigetnrsuper
2998 3394 3215 3440 terram.
3248 3384 3316 3437 In
3345 3382 3657 3435 Proverbiis.
3682 3380 3763 3434 Ex

2177 3455 2509 3523 Inultilnquio
2556 3472 2657 3508 non
2684 3455 2909 3523 ell‘ugies
2941 3465 3240 3521 peccatum;
3292 3466 3517 3521 parcens
3578 3461 3761 3523 autem

2180 3527 2333 3580 labiis
2351 3522 2565 3592 sapiens
2591 3527 2714 3580 erit.
2743 3524 2874 3578 Item
2899 3526 3032 3582 illic.
3056 3528 3153 3590 Qui
3183 3525 3365 3578 multis
3391 3525 3558 3576 utitur
3578 3522 3763 3574 verbis

2180 3595 2323 3649 laedit
2352 3598 2579 3649 animam
2609 3611 2778 3649 suam.
2816 3595 2950 3649 Item
2978 3598 3102 3649 illic.
3138 3596 3357 3649 Multum
3387 3592 3591 3660 (Forte,
3625 3606 3761 3643 niu—

2178 3666 2311 3735 tum)
2345 3677 2395 3720 te
2419 3666 2635 3729 faciens,
2666 3667 2861 3721 videris
2907 3669 3119 3735 sapiens
3149 3678 3287 3719 esse.
3340 3663 3471 3717 Item
3496 3664 3623 3735 illic.
3655 3660 3763 3735 Qui

2178 3732 2453 3801 respondit
2477 3737 2695 3790 verbum
2722 3738 2868 3803 prius
2896 3732 3051 3805 quam
3097 3737 3298 3799 audiat,
3327 3734 3547 3789 stultitia
3579 3732 3761 3805 est_illi

2181 3816 2234 3860 et
2261 3807 2625 3875 opprobrium.
2670 3802 2801 3860 Item
2830 3802 2954 3861 illic.
2990 3808 3125 3861 Mors
3175 3815 3230 3858 et
3258 3810 3361 3858 vita
3406 3805 3469 3875 in
3513 3802 3765 3875 manilius

2180 3873 2376 3946 linguae
2404 3888 2505 3937 est,
2536 3878 2624 3945 qni
2655 3889 2830 3931 autem
2858 3879 3137 3931 continens
3162 3885 3245 3929 cst
3260 3876 3381 3929 edet
3397 3873 3596 3927 fructus
3621 3874 3763 3937 ejus.

2183 3946 2319 3999 Item
2339 3948 2464 4001 illic.
2498 3947 2595 4013 in
2627 3949 2860 4002 custodit
2884 3961 2945 4000 os
2962 3964 3135 4012 suum,
3168 3955 3222 3999 et
3254 3947 3509 4009 linguam.
3532 3957 3765 4013 conser-

2182 4027 2269 4069 vat
2294 4018 2359 4071 de
2388 4012 2648 4087 angustiis
2677 4022 2908 4071 animam
2939 4032 3111 4073 snam.
3143 4016 3272 4069 Item
3300 4016 3428 4068 illic.
3564 4012 3768 4066 videris

2182 4088 2350 4158 virum
2381 4085 2615 4141 velocem
2639 4090 2691 4141 in
2714 4090 2910 4158 verbis,
2934 4090 3069 4143 scito
3091 4089 3214 4158 quia
3239 4085 3571 4158 spemghabet
3598 4087 3770 4158 magis

2183 4157 2437 4225 insipiens
2459 4158 2746 4224 quamille.
2804 4157 2935 4211 Item
2983 4154 3125 4213 illic.‘
3162 4157 3273 4211 Noli
3307 4156 3496 4209 tacitus
3543 4169 3664 4209 esse
3712 4154 3770 4206 in

2184 4227 2361 4296 lingua
2405 4238 2510 4285 tua.
2538 4240 2589 4281 et
2621 4230 2843 4294 inutilis,
2873 4240 2926 4284 et
2974 4231 3229 4296 remissus
3255 4228 3306 4280 in
3336 4225 3590 4292 operibus
3638 4225 3767 4276 tuis.

2186 4291 2316 4350 Itth
2349 4298 2475 4351 illic.
2503 4298 2601 4363 Qui
2629 4291 2850 4353 susurro
2880 4312 2959 4352 est
2987 4291 3331 4360 iii'omnibus,
3357 4305 3413 4350 et
3446 4310 3552 4348 non
3580 4311 3772 4349 ncces-

504 4392 613 4432 tnm
637 4379 824 4447 jurans
855 4366 1160 4449 implebztur
1191 4366 1489 4449 iniquitate,
1532 4390 1589 4435 et
1628 4396 1733 4434 non
1788 4382 2016 4434 discedit
2046 4397 2073 4431 a

2184 4372 2347 4449 sario,
2379 4370 2616 4449 odietur.
2642 4367 2925 4449 [leni-illic:
2959 4366 3169 4449 Tacitus
3191 4378 3242 4423 et
3262 4375 3506 4421 sensatus
3537 4367 3769 4429 honore,

506 4451 666 4503 domo
688 4452 828 4520 illius
861 4454 1033 4519 plaga,
1066 4454 1187 4508 etsi
1219 4466 1353 4504 vane
1379 4450 1662 4520 juraverit,
1693 4466 1797 4505 non
1826 4452 2078 4520 justiliea-

505 4520 667 4574 bitur.
730 4519 794 4575 In
826 4521 1121 4592 Evangelia.
1153 4519 1393 4577 Andisus
1419 4523 1539 4589 quia
1570 4521 1769 4577 dictum
1817 4519 1900 4576 est
1943 4522 2080 4573 anti-

505 4593 644 4663 quis,
662 4607 767 4645 non
792 4592 1112 4661 perjurabis,
1136 4595 1327 4648 reddes
1348 4604 1525 4647 autem
1549 4592 2078 4663 Dominojuramenta

505 4662 628 4714 tua?
652 4665 760 4729 Ego
787 4675 960 4715 autem
990 4668 1108 4718 dico
1131 4665 1281 4718 vobis
1310 4680 1412 4717 non
1443 4665 1618 4732 iurare
1641 4662 1879 4726 omnino,
1912 4675 2081 4731 neque

506 4745 603 4798 per
627 4734 843 4793 Caelum,
871 4733 988 4801 Quia
1020 4737 1242 4789 thronus
1274 4738 1361 4788 llei
1393 4744 1497 4800 8:1,
1523 4750 1694 4802 neque
1724 4750 1815 4801 per
1863 4744 2079 4796 terram,

504 4803 626 4865 quia
652 4804 941 4875 s‘c.ihelluin
974 4808 1162 4873 pedum
1191 4808 1306 4874 ejus
1333 4817 1435 4870 est,
1488 4820 1660 4875 neque
1683 4820 1774 4871 per
1812 4804 2083 4870 .lerosoly-

508 4875 820 4946 mam,_quia
851 4874 1036 4927 civitas
1066 4884 1148 4930 est
1181 4877 1355 4946 magni
1386 4874 1776 4946 liegis.’Neque
1807 4889 1905 4943 per
1925 4880 2084 4946 caput

507 4952 658 5017 tuum
676 4943 962 5013 juraVeris,
994 4948 1113 5017 quia
1147 4963 1249 5000 non
1274 4943 1431 5013 potes
1453 4943 1614 5001 unum
1638 4944 2081 5017 capillumalbunt

508 5016 702 5079 lat-cie,
731 5027 817 5067 aut
843 5016 1069 5083 nigrum.
1092 5018 1169 5071 Sit
1194 5027 1368 5071 autem
1395 5033 1572 5071 sermo
1594 5026 1771 5070 vester
1796 5032 1809 5068 :
1834 5016 1947 5076 Est,
1978 5024 2080 5077 est;

507 5083 643 5147 Non,
678 5100 804 5139 non.
835 5086 985 5152 Quod
1013 5100 1187 5141 autem
1218 5089 1575 5141 abundantius
1606 5096 1711 5150 est,
1745 5101 1775 5138 a
1806 5089 1946 5139 malo
1976 5095 2079 5137 est.

508 5152 577 5207 In
607 5154 913 5209 Proverbiis.
943 5160 1177 5213 Arie~sit
1210 5157 1336 5210 falsa
1377 5167 1527 5212 lt‘blls
1570 5157 1820 5227 injustus,
1878 5168 1929 5210 et
1979 5159 2083 5209 im-

511 5227 684 5281 mittet
708 5228 909 5296 judicia
942 5229 992 5281 in
1023 5228 1237 5283 fratres.
1270 5226 1404 5282 Item
1433 5230 1559 5282 illic.
1584 5226 1760 5283 Testis
1789 5236 1965 5280 autem
1997 5241 2086 5279 ve-

512 5301 601 5353 lux
630 5298 862 5367 linguam
912 5300 1127 5356 habebit
1163 5301 1415 5365 iniquam.
1450 5298 1578 5353 Item
1624 5300 1752 5351 illic.
1787 5298 1992 5363 Eeriet
2019 5296 2087 5350 de

510 5369 665 5423 malis
694 5370 927 5426 animam
956 5375 1109 5427 testis
1137 5370 1341 5437 lidebsg
1373 5372 1611 5428 incendit
1639 5379 1819 5424 autem
1846 5368 1976 5421 falsa
2001 5370 2096 5421 do-

586 5507 615 5539 ‘
642 5505 757 5558 Non
798 5506 847 5558 in
878 5506 1138 5569 Levitico,
1187 5505 1280 5561 sed
1313 5506 1363 5560 in
1398 5504 1788 5559 Ecclesiastico.
1821 5501 2086 5556 Caeterum

515 5574 570 5629 in
622 5576 717 5628 hac
762 5579 1054 5642 appendice
1104 5593 1207 5632 non
1249 5578 1413 5632 semel
1461 5576 1712 5646 vapulant
1749 5575 1986 5643 syntaxis
2035 5578 2090 5625 et

516 5647 763 5720 κιμβεία.
799 5648 951 5700 Eun.

2186 4438 2556 4492 honorabitur.
2592 4439 2721 4492 Item
2750 4439 2876 4493 illic.
2911 4440 2961 4492 In
3000 4441 3178 4494 medio
3230 4447 3561 4492 sensatorum
3608 4452 3768 4489 serva

2184 4512 2405 4564 verbum
2431 4512 2705 4576 temporis.
2740 4509 2793 4562 In
2821 4509 3000 4564 medio
3034 4522 3209 4563 autem
3253 4506 3588 4561 tractantium
3625 4508 3767 4558 assi—

2184 4580 2322 4634 duus
2366 4589 2497 4634 esto.
2548 4577 2677 4632 Item
2696 4579 2823 4632 illic.
2880 4579 3278 4648 Indisciplinose
3318 4592 3421 4631 non
3452 4591 3671 4630 suescas
3707 4589 3771 4629 os

2187 4660 2355 4716 tuum,
2378 4661 2461 4705 est
2484 4649 2626 4703 enim
2656 4649 2761 4704 illie
2786 4651 3003 4704 verbum
3027 4651 3245 4719 peccati.

2406 4741 2536 4811 Cap.
2571 4739 2754 4793 XVIII.
2790 4770 2861 4781 —
2889 4738 3207 4811 Fugiendam.
3238 4739 3540 4792 ebrietatem.

2259 4812 2309 4864 1.
2352 4809 2415 4864 In
2440 4809 2748 4864 Proverbiis.
2780 4806 3029 4865 Proterva
3061 4827 3145 4866 res
3183 4820 3262 4863 est
3294 4810 3494 4872 vinum,
3521 4819 3576 4860 et
3625 4806 3771 4874 inju-

2186 4890 2326 4936 rlosa
2355 4882 2607 4941 ebrietas;
2641 4883 2816 4935 omnis
2845 4891 3018 4935 autem
3048 4882 3243 4937 stultus
3267 4881 3345 4933 his
3365 4878 3767 4932 cominiscetnr.

2188 4952 2320 5005 Item
2342 4952 2470 5005 illic.
2504 4951 2617 5005 Noli
2647 4967 2766 5006 esse
2799 4952 3114 5016 vinolentus,
3146 4967 3314 5017 noque
3341 4950 3602 5003 extendas
3628 4958 3679 5001 te
3700 4948 3769 5002 ad

2185 5022 2572 5075 emendandam
2600 5037 2845 5083 carnem;
2876 5022 3050 5076 omnis
3077 5024 3216 5075 enim
3246 5020 3491 5074 ebriosus
3517 5029 3571 5073 et
3602 5020 3769 5072 lorni-

2186 5092 2365 5146 carius
2417 5091 2758 5157 mendicabit,
2790 5100 2846 5146 et
2884 5093 3144 5146 vesﬁetur
3176 5093 3476 5146 conscissos
3537 5100 3766 5157 pannos,

2186 5172 2241 5217 et
2291 5162 2466 5215 omnis
2498 5162 2912 5218 somniculosus.
2946 5162 3079 5217 Item
3122 5163 3250 5215 illic.
3284 5164 3337 5215 Si
3368 5162 3510 5213 enim
3560 5160 3770 5212 inﬁcias

2186 5243 2240 5289 et
2266 5233 2461 5286 calices
2489 5232 2740 5287 dederitis
2781 5234 2962 5287 oculos
3019 5241 3222 5287 vestros
3276 5232 3414 5302 (sic).
3474 5230 3772 5302 novissimo

2188 5302 2529 5356 ambulabitis
2561 5302 2809 5357 nudiores
2841 5306 2962 5373 pilo.
3002 5303 3134 5358 Item
3168 5304 3292 5357 illic.
3347 5303 3616 5361 Potentes,
3664 5301 3769 5373 qui

2187 5375 2425 5429 itacundi
2452 5381 2595 5438 sunt,
2630 5373 2810 5427 vinum
2834 5371 2937 5428 non
2989 5374 3188 5438 bibant,
3219 5388 3286 5426 ne
3333 5387 3455 5425 eum
3509 5371 3768 5434 biberint,

2189 5444 2571 5497 obliviscantur
2600 5444 2936 5510 sapientiam,
2959 5455 3013 5499 et
3041 5455 3181 5499 recte
3213 5459 3316 5496 non
3371 5444 3577 5503 possint
3614 5442 3767 5504 judi-

2188 5530 2313 5570 care
2355 5513 2655 5567 inlirmihus
2695 5514 2897 5583 (I'orte,
2955 5516 3121 5568 intimi
3156 5515 3196 5584 ).
3234 5515 3382 5584 iltem
3409 5514 3535 5565 illic.
3577 5510 3769 5584 §phiz

2192 5595 2484 5639 nascuntur
2516 5584 2574 5638 in
2603 5582 2846 5639 manibus
2874 5586 3090 5642 ebriosi.
3127 5582 3190 5640 In
3221 5583 3541 5637 Ecclesiaste.
3576 5582 3769 5635 Vinum

2193 5667 2246 5710 et
2284 5656 2533 5712 mulieres
2565 5665 2869 5723 apostatare
2892 5659 3089 5712 laciunt
3106 5658 3391 5727 sapientes,
3423 5664 3475 5710 et
3527 5666 3622 5722 aug
3645 5665 3757 5704 amt
