4180 6178
575 244 706 298 I‘ZII

1350 244 1438 297 ΑΙ)
1476 245 1533 299 S.
1576 243 1820 299 ISII-‘ORI
1863 243 2303 299 IIISPALENSIS
2342 244 2566 299 OPEIIA
2613 245 3054 299 APPI‘LNDICES.

3709 247 3843 304 Ε)εὲ

571 374 937 431 vaStcmporc.
956 371 1005 413 et
1023 360 1442 424 adﬁcicnliirtilii
1464 362 1585 414 anni
1603 363 1744 416 vitae.
1764 361 2027 416 Itemillic.
2050 362 2148 427 Qtii
2182 372 2223 426 Α
2258 362 2525 416 hominem
2552 362 2939 429 imprudentem
2961 374 3013 417 et
3038 364 3235 416 fatuum
3262 363 3499 429 impium.
3550 370 3679 420 Item
3704 369 3842 422 illic.

571 442 801 486 sectatur
828 448 981 493 vana,
999 443 1115 495 egi-1
1138 433 1401 485 sensibus.
1425 432 1539 485 Noli
1567 433 1798 500 adjicere
1816 434 1876 483 ad
1903 434 2147 485 mandata

571 503 708 569 ejus,
732 519 794 555 ne
816 504 1068 568 arguaris,
1086 514 1133 555 et
1166 504 1387 555 mendax
1406 504 1499 557 sis.
1525 502 1586 555 In
1607 503 1933 558 Ecclesiaste.
1950 504 2149 556 Altiora

576 584 629 625 te
684 587 748 623 ne
793 572 1092 640 quaisicri<,
1121 582 1171 623 et
1212 574 1426 626 fortiora
1473 589 1537 626 ne
1579 575 2026 641 perscrutaveris,
2057 575 2147 627 sed

572 658 692 708 quae
724 643 964 707 przecip‘it
989 644 1080 695 tibi
1115 642 1390 706 Dominus,
1420 644 1505 697 illa
1533 644 1705 709 cogita
1736 660 1979 709 semper;
2015 655 2067 695 et
2099 647 2149 697 in

569 713 815 779 pluribus
852 714 968 781 ejus
1001 730 1104 766 non
1163 715 1266 766 erit
1313 728 1441 779 cor;
1495 716 1692 767 multos
1747 714 1887 767 enim
1947 714 2149 769 reducit

573 783 805 850 suspicio
828 799 1034 842 eorum.
1060 794 1111 837 et
1139 785 1189 837 iii
1224 784 1456 837 vanitate
1482 785 1741 838 detinebit
1771 800 1986 837 sensum
2037 786 2152 837 illo-

574 869 710 907 rum.
738 851 800 904 Iii
828 854 957 908 libro
990 854 1291 923 Sapientior.
1320 855 1542 908 Difficile
1572 856 1898 908 mstimanius
1943 871 2059 923 quae
2098 854 2151 908 in

571 933 708 977 terra
733 933 874 986 sunt,
892 934 945 977 et
969 941 1085 993 qth
1106 927 1155 977 in
1173 940 1454 993 prospecto
1479 937 1600 979 sunt
1619 928 1917 979 invenimus
1940 942 2058 977 cum
2076 926 2151 978 la-

568 993 1058 1060 bore;qu:catiteiu
1076 998 1125 1048 iii
1153 996 1441 1050 corlissont
1465 999 1582 1064 quis
1608 996 1982 1061 investigavit?
2014 998 2151 1049 Sen-

568 1079 683 1117 sum
705 1074 881 1119 autem
912 1075 1054 1118 tuum
1085 1071 1202 1136 qu‘s
1223 1068 1341 1132 scit,
1360 1068 1460 1121 nisi
1488 1076 1540 1119 tu
1562 1066 1772 1119 dederis
1797 1066 2151 1121 sententiam?

950 1158 1079 1212 Car.
1125 1157 1313 1211 XXIV.
1348 1189 1416 1199 --
1451 1158 1524 1210 De
1552 1160 1766 1229 jejunio.

641 1230 691 1281 1.
734 1228 794 1281 1η
812 1228 1133 1282 Ecclcsiasle.
1151 1231 1249 1294 Qui
1267 1230 1561 1296 baptizatur
1579 1228 1605 1279 a
1624 1238 1855 1291 mortuo,
1876 1228 2002 1295 quid
2024 1243 2152 1291 pro-

575 1300 703 1353 fecit
735 1300 923 1352 lavatio
955 1301 1108 1364 eius?
1149 1302 1235 1352 Sic
1267 1310 1317 1351 et
1345 1302 1503 1352 homo
1528 1299 1614 1364 qui
1638 1299 1846 1365 jcjiinat
1881 1301 1931 1349 iii
1959 1314 2151 1366 pecca-

572 1372 638 1423 tis
669 1372 799 1434 suis,
825 1380 879 1422 et
907 1373 1097 1423 iterum
1127 1370 1313 1423 eadem
1347 1370 1490 1423 facit.
1527 1370 1661 1436 Qtiid
1710 1369 1933 1435 profecit
1982 1368 2153 1421 humi-

574 1440 754 1493 liando
780 1441 874 1493 se?
898 1441 1205 1495 Orationem
1226 1439 1346 1509 ejus
1366 1443 1485 1502 quis
1509 1441 1792 1492 exaudiet?
1818 1439 2151 1492 Sacrificium

569 1511 804 1563 salutare
827 1511 1110 1563 attendere
1155 1512 1437 1574 mandatis,
1467 1517 1522 1562 ct
1571 1511 1844 1564 discedere
1895 1512 1961 1563 ab
2008 1510 2152 1563 omni

573 1582 867 1646 iniquitate.
903 1582 967 1636 In
1000 1580 1299 1645 Evangelia.
1333 1581 1464 1633 Cum
1494 1590 1669 1633 autem
1695 1582 1969 1648 jejunatis,
1993 1581 2156 1634 nolite

574 1652 728 1722 fieri,
777 1654 912 1704 sicut
962 1654 1291 1722 hypocritte,
1353 1652 1554 1722 tristes.
1601 1650 1970 1705 Extcrminant
2010 1651 2153 1705 enim

2255 433 2382 485 Cum
2410 432 2567 486 fatuis
2596 449 2693 486 nec
2723 437 2998 488 consilium
3027 435 3254 487 habt-as:
3289 451 3393 487 non
3422 439 3560 488 enini
3591 449 3845 496 poterunt

2254 504 2549 555 continere.
2589 504 2715 556 Item
2740 506 2790 557 in
2824 504 2963 557 Isaia
2997 506 3261 573 propheta.
3294 504 3500 560 Solius
3546 511 3705 560 stulta
3759 510 3844 560 lii-

2254 577 2452 642 quitur,
2479 584 2531 626 et
2559 589 2652 627 cor
2679 575 2796 643 ejus
2826 590 2959 627 vana
2994 576 3255 643 intelligit.

2430 666 2557 719 CAP.
2590 666 2803 721 XXVII.
2826 698 2897 708 —
2920 666 3256 721 Iracundiam
3279 670 3655 735 deponendam.

2327 757 2377 808 I.
2408 755 2473 809 In
2501 756 2811 812 Proverbiis.
2848 760 3035 811 Anima
3068 761 3343 812 benedicta
3368 758 3543 812 omnis
3572 760 3836 825 simplex;

2253 825 2336 877 vir
2364 838 2538 881 autem
2572 830 2867 893 animosus,
2890 830 2974 882 vel
3010 830 3295 881 iracundus
3319 844 3421 881 non
3456 829 3677 882 honeste
3704 842 3836 891 agit.

2255 894 2387 947 Item
2416 898 2543 951 illic.
2578 900 2779 953 Stultus
2809 900 2922 961 ipse
2967 901 3151 953 eadem
3204 901 3291 952 die
3349 900 3660 966 pronuntiat
3699 902 3834 953 irain

2254 981 2426 1031 suam,
2460 972 2694 1022 occultat
2738 980 2916 1023 autem
2966 971 3342 1023 contumeliam
3396 985 3545 1021 suam
3600 980 3833 1023 astutus.

2256 1034 2389 1088 Item
2432 1038 2557 1092 illic.
2593 1039 2725 1093 Sunt
2770 1042 2858 1107 qui
2906 1040 3130 1093 dicendo
3187 1041 3489 1103 vulnerant,
3542 1051 3599 1091 ut
3648 1039 3831 1107 gladii.

2256 1108 2545 1163 Iracundus
2596 1112 2703 1175 agit
2748 1112 2863 1163 sine
2916 1110 3178 1173 oonsilio;
3240 1126 3319 1162 νιΙ·
3367 1119 3544 1161 autem
3599 1113 3835 1178 prudens

2256 1178 2418 1231 multa
2449 1182 2697 1232 Sustinet.
2751 1181 2826 1233 Ira
2869 1183 3053 1246 perdet
3095 1182 3252 1233 etiam
3284 1182 3577 1248 sapientes,
3613 1196 3836 1242 respon-

2256 1263 2371 1301 sum
2404 1259 2580 1302 atiteni
2617 1250 2815 1303 humile
2845 1253 3033 1303 avertit
3062 1252 3213 1303 iram.
3249 1248 3401 1303 Item.
3427 1250 3518 1303 Vir
3544 1252 3833 1303 iracundiis

2259 1328 2408 1385 parat
2445 1320 2598 1385 lites;
2654 1322 2861 1387 patiens
2909 1334 3084 1375 autem
3134 1322 3291 1373 etiam
3347 1322 3552 1374 futuras
3609 1322 3830 1385 mitigat.

2258 1387 2410 1442 Item.
2438 1388 2552 1442 Noli
2577 1406 2695 1444 esse
2721 1391 2923 1446 amicus
2952 1393 3065 1445 viro
3095 1392 3354 1445 animoso.
3382 1394 3513 1444 (lum
3539 1392 3716 1443 amico
3734 1406 3834 1443 au-

2258 1467 2365 1512 tem
2391 1459 2643 1514 iracundo
2672 1464 2777 1515 noli
2804 1467 3145 1519 commorari.
3196 1478 3261 1514 ne
3310 1463 3445 1516 forte
3491 1462 3668 1514 discas
3726 1462 3834 1514 vias

2257 1530 2396 1597 ejus,
2423 1540 2477 1585 et
2518 1545 2697 1584 sumas
2750 1534 2994 1600 laqueum
3051 1534 3241 1584 animae
3296 1543 3432 1596 tuae;
3479 1539 3645 1585 totam
3702 1532 3834 1583 iram

2257 1616 2407 1654 suam
2437 1602 2636 1663 profert
2670 1608 2888 1669 stultus,
2917 1604 3129 1668 sapiens
3171 1614 3345 1656 autem
3393 1604 3671 1667 dispensat
3717 1616 3834 1655 eam

2260 1685 2355 1737 per
2380 1681 2575 1739 partes.
2606 1671 2760 1726 Item.
2798 1672 2889 1726 Vir
2920 1674 3190 1725 animosus
3237 1674 3367 1725 fudit
3414 1671 3835 1733 contentionem,

571 1720 731 1808 facies
771 1737 916 1808 sitas,
947 1720 1012 1774 ut
1044 1734 1261 1790 pareant
1297 1721 1600 1808 hominibus
1624 1722 1952 1789 jejunantes.
1984 1723 2150 1775 Anien

2262 1720 2340 1794 vir
2360 1720 2536 1796 arutein
2560 1744 2839 1796 iracundus
2856 1742 3128 1797 exsorbuit
3152 1755 3386 1808 peccata.
3412 1742 3477 1794 In
3503 1720 3835 1795 Ecclesiaste:

571 1792 697 1845 dico
723 1793 895 1857 vobis,
940 1804 1295 1861 perceperunt
1327 1792 1627 1845 mercedem
1660 1809 1811 1845 suam
1842 1811 1854 1855 ;
1886 1802 1938 1844 tu
1971 1801 2151 1846 autem

574 1878 694 1913 cum
718 1864 949 1929 jcjiinas,
985 1881 1121 1931 unge
1146 1875 1301 1933 caput
1337 1873 1504 1923 tuum,
1537 1874 1591 1916 et
1622 1863 1812 1933 facient
1842 1873 1983 1916 tuam
2010 1864 2149 1925 lava,

572 1935 899 2004 novidcaris
927 1932 1228 1989 hominibus
1269 1934 1540 2004 ji‘jllnalls.
1574 1934 1666 1986 St‘d
1722 1932 1863 1986 Ρίιίΐί
1914 1943 2027 1998 "ms
2063 1934 2151 2003 qui

570 2002 713 2055 videt
764 2004 813 2056 iii
864 2004 1200 2061 absmiidito.
1247 2002 1302 2058 ct
1349 2004 1504 2057 Pater
1546 2016 1705 2071 tuus,
1758 2004 1847 2073 qui
1901 2004 2045 2058 videt
2102 2009 2153 2058 in

573 2073 905 2137 :iliscmidito,
942 2076 1131 2130 reddet
1160 2078 1273 2130 tibi.

569 2163 697 2218 CAP.
730 2162 897 2219 XXV.
928 2198 993 2206 —
1046 2167 1260 2220 "omini
1304 2170 1589 2227 exemplum
1644 2166 1874 2236 formica:
1922 2166 2001 2219 rel
2043 2166 2153 2237 apis

1068 2241 1179 2291 sine
1209 2240 1417 2307 pigritia
1442 2240 1651 2292 laboris.

645 2306 694 2358 1.
731 2305 792 2357 In
829 2305 1142 2361 Proverbiis.
1182 2305 1323 2362 Vade
1346 2310 1409 2363 ad
1455 2310 1751 2369 foriniCum.
1800 2323 1834 2362 ο
1883 2310 2056 2377 piger,
2102 2316 2156 2361 ct

574 2378 831 2430 aemulare
881 2380 1065 2431 videns
1108 2380 1219 2433 vias
1260 2381 1396 2445 ejus,
1425 2391 1477 2433 et
1527 2390 1647 2433 esto
1702 2381 1787 2433 illa
1837 2381 2150 2444 sapientior.

571 2446 665 2501 Illa
696 2450 835 2499 enim
870 2463 988 2501 cuin
1015 2466 1201 2517 agrum
1231 2466 1333 2503 non
1368 2450 1657 2517 possideat,
1687 2464 1860 2518 neque
1909 2452 2155 2516 compel-

570 2520 768 2571 lcntem
798 2534 857 2572 se
888 2520 1099 2580 liabcat,
1130 2536 1301 2590 neque
1355 2523 1455 2573 sub
1503 2522 1721 2574 domino
1769 2522 1859 2585 sit,
1888 2520 2155 2587 quomodo

572 2598 726 2653 parat
777 2599 964 2642 aestate
1010 2591 1302 2645 alimenta?
1352 2592 1636 2657 Copiosam
1688 2599 1863 2643 autem
1924 2590 2049 2642 facit
2101 2590 2151 2641 in

573 2672 749 2711 messe
786 2661 1188 2725 repositionem.
1236 2661 1325 2714 Vcl
1379 2662 1513 2714 vade
1560 2662 1625 2714 ad
1684 2676 1861 2727 apem,
1909 2668 1962 2713 et
2007 2661 2154 2714 disce

570 2742 729 2795 quam
764 2729 1023 2782 laboriosa
1055 2742 1157 2798 est,
1183 2735 1547 2799 operationem
1591 2740 1772 2785 autem
1818 2747 1977 2798 quam
2027 2744 2152 2784 san-

568 2812 707 2871 ciam
742 2810 1028 2854 mercatur.
1081 2801 1244 2869 Cujus
1272 2802 1483 2856 labores
1509 2816 1660 2871 reges
1688 2812 1739 2855 ct
1763 2801 2061 2855 mediocres
2086 2799 2153 2854 ad

568 2870 854 2943 sanitatem
889 2871 1192 2939 proferunt;
1227 2874 1457 2943 gratim-ti
1491 2870 1775 2928 estautein
1801 2872 1851 2924 iii
1878 2871 2149 2943 omnibus,

567 2948 623 2990 et
659 2941 921 3008 gloriosa;
955 2954 1005 2996 et
1035 2958 1154 2997 cum
1196 2941 1266 2997 sit
1318 2943 1524 2997 viribus
1573 2944 1807 3005 infirma,
1832 2942 2151 3007 sapientiam

568 3011 864 3073 prmdicans
894 3014 1149 3079 prodm-ta
1180 3025 1284 3069 est.
1319 3013 1497 3082 Usque
1545 3030 1651 3081 quo
1705 3013 1853 3080 piger
1906 3011 2147 3082 jacebis:

2259 1811 2430 1866 Ilonio
2477 1815 2760 1867 irai-nudus
2810 1813 3088 1867 exhorruit
3142 1813 3308 1877 litem,
3348 1823 3401 1867 et
3454 1814 3535 1864 vir
3588 1824 3838 1879 peccator

2260 1884 2487 1936 turbavit
2519 1886 2738 1937 amiCos.
2775 1885 2825 1936 lii
2872 1885 3045 1936 medio
3091 1898 3273 1950 pacvm
3323 1882 3629 1935 habentium
3677 1884 3839 1935 mittit

2258 1953 2575 2008 delaturam.
2605 1953 2738 2008 Item
2764 1956 2889 2008 illic.
2915 1955 3157 2017 Zelus,et
3187 1954 3456 2007 iracundia
3486 1955 3672 2005 minuit
3698 1954 3837 2014 dies,

2257 2032 2311 2093 et
2332 2035 2454 2077 ante
2487 2037 2692 2093 tempus
2712 2034 2979 2078 senet-tam
3002 2024 3214 2077 adducit
3241 2028 3524 2093 ciigitatus.
3551 2021 3684 2075 Item
3706 2023 3839 2080 illic.

2257 2092 2376 2147 Noli
2427 2092 2681 2150 festinare
2724 2096 2912 2162 spiritu
2964 2104 3056 2147 tuo
3108 2092 3434 2158 irasi-i,qtiia
3482 2092 3558 2146 ira
3608 2096 3663 2145 in
3717 2094 3837 2145 sinu

2256 2165 2541 2218 stultorum
2571 2168 2874 2235 requiescit.
2908 2163 3106 2218 Paulus
3128 2166 3194 2217 ad
3230 2164 3495 2235 Ephesios.
3552 2163 3718 2235 Nunc
3752 2163 3840 2216 de.

2258 2237 2442 2301 ponite
2487 2253 2580 2289 vos
2623 2234 2836 2290 omnem
2883 2239 3038 2298 iram,
3090 2234 3528 2303 indignationem,
3555 2234 3836 2297 malitiam,

2259 2306 2663 2376 blasnliemiain.
2686 2308 3097 2374 multiloquium.
3126 2305 3190 2359 Iit
3222 2305 3524 2376 Evangelia.
3546 2306 3726 2376 Uiiiiiis
3746 2304 3839 2372 qui

2257 2374 2437 2431 irascit
2461 2378 2610 2431 fratri
2638 2395 2734 2431 suo
2757 2379 2871 2431 sine
2903 2370 3082 2437 causa,
3117 2392 3241 2429 reus
3281 2370 3624 2442 eritjiiiticio.
3675 2370 3836 2427 Item.

2256 2445 2568 2514 Quicunque
2615 2463 2789 2502 autem
2819 2449 3015 2502 dixerit
3038 2447 3185 2499 fratri
3220 2464 3318 2500 suo
3353 2447 3531 2506 racba,
3566 2460 3694 2498 reus
3736 2447 3837 2497 erit

2255 2519 2514 2589 concilio;
2547 2521 2847 2589 quicunque
2880 2534 3006 2572 veio
3036 2517 3234 2571 dixerit
3277 2515 3439 2580 fatue,
3466 2531 3590 2570 reus
3617 2515 3723 2570 erit
3748 2531 3837 2583 ge-

2256 2587 2445 2643 hennae
2474 2589 2633 2659 ignis.

2658 2660 2787 2715 Car.
2816 2661 3054 2716 XXVIII.
3086 2690 3155 2701 —-
3188 2658 3291 2712 IIic
3323 2658 3476 2711 misti.

2328 2752 2377 2805 1.
2416 2752 2480 2805 In
2512 2752 2831 2807 Ecclesiaste.
2873 2754 2999 2807 Esto
3031 2760 3344 2806 mansuetus
3388 2748 3452 2802 ad
3508 2746 3838 2801 audiendum

2254 2822 2497 2884 verbum,
2533 2824 2906 2893 utiiitelligas,
2939 2834 2993 2878 et
3036 2840 3155 2875 cum
3206 2821 3466 2893 sapientia
3508 2818 3731 2893 loquere
3758 2834 3842 2893 re-

2256 2908 2532 2959 sponsum.
2570 2892 2636 2946 In
2684 2888 2995 2947 Proeerbiis.
3050 2894 3249 2949 Servus
3298 2890 3529 2958 prudens
3577 2888 3843 2959 obtinebit

2254 2958 2591 3018 dominorum
2646 2965 3045 3029 imprudentia,
3091 2973 3145 3017 et
3203 2965 3339 3016 inter
3394 2960 3585 3013 fratres
3639 2958 3845 3011 dividet

2258 3044 2484 3098 partem.
2520 3033 2649 3089 Item
2676 3035 2803 3088 illic.
2840 3034 2972 3088 Filio
2993 3035 3182 3087 doloso
3213 3031 3343 3085 nihil
3374 3032 3474 3083 erit
3502 3029 3648 3090 boni,
3682 3043 3844 3082 servo

565 3082 782 3173 quando
829 3094 1004 3173 autem
1056 3101 1243 3173 surges
1266 3079 1601 3173 {Lilliidicuui
1652 3079 2145 3173 quidemliminis,
2180 3079 2225 3142 C
2257 3079 3758 3173 gf.‘.,;}.'."ga},};'.'.'.{Sitisiiéé'eiii"a'ciiiél"infinitio;
3782 3079 3844 3153 Si

568 3152 836 3205 niodictiin
868 3164 1043 3207 autent
1075 3156 1249 3209 sedes.
1276 3154 1537 3209 Modicum
1569 3169 1693 3208 vere
1714 3154 1994 3214 dorinitas,
2036 3166 2149 3203 mo-

566 3220 743 3292 dicum
774 3232 954 3278 autem
994 3227 1240 3279 manilius
1293 3225 1636 3291 amplecteris
1690 3235 1895 3292 pectus.
1951 3223 2152 3277 lieinde

566 3290 817 3347 adveniet
849 3295 963 3359 lilii,
1000 3296 1138 3350 sicut
1188 3296 1360 3349 maliis
1390 3290 1595 3361 viator,
1632 3290 1934 3361 paupertas,
1969 3292 2148 3362 inopia

562 3369 764 3425 autem,
797 3367 935 3419 sicut
963 3366 1135 3420 boans
1168 3383 1374 3425 cursor.
1409 3364 1573 3434 fugiet
1602 3376 1673 3419 te.
1717 3365 1852 3418 Item
1896 3364 2023 3416 illic.
2069 3364 2152 3415 ln-

563 3445 816 3501 Crepatus
848 3437 995 3501 piger
1046 3453 1148 3489 non
1192 3438 1479 3491 erubescit.
1527 3436 1785 3492 Siiiiiiiter
1829 3446 2007 3488 autem
2057 3436 2148 3501 qui

564 3513 770 3556 uiiiiaiit
793 3505 1023 3559 triticum
1052 3509 1101 3559 in
1128 3522 1326 3564 messe.
1358 3505 1490 3559 Item
1517 3508 1607 3557 ibi.
1641 3506 1911 3560 Desideria
1942 3505 2147 3573 pigrum

566 3575 838 3639 occidunt,
870 3589 975 3629 n0n
1008 3578 1150 3630 ciiiiii
1181 3578 1413 3630 destinat
1461 3591 1648 3629 manus
1705 3576 1880 3629 laetere
1928 3574 2147 3643 aliquid.

572 3644 726 3697 Itcm.
758 3646 1085 3701 Occasioncs
1128 3650 1320 3716 quaerit
1369 3646 1537 3717 piger,
1586 3658 1651 3717 et,
1688 3647 1817 3699 dicit
1865 3662 1895 3717 :A
1933 3646 2148 3717 Letbill

564 3718 755 3784 plateis
803 3728 920 3781 est,
955 3719 1005 3770 in
1050 3714 1239 3784 plateis
1288 3714 1464 3770 autem
1513 3716 1817 3770 homicidio.
1873 3714 2004 3768 Item
2056 3715 2146 3767 ibi.

562 3788 707 3840 Sicut
738 3789 931 3839 ostium
968 3793 1017 3842 in
1042 3789 1259 3842 cardine
1292 3788 1539 3851 vertitur,
1576 3790 1643 3840 ita
1702 3788 1849 3854 piger
1902 3788 1952 3839 in
2006 3787 2145 3838 lecto

562 3873 677 3909 suo.
714 3856 845 3910 Item
874 3858 961 3911 ibi.
997 3860 1302 3924 Sapientior
1331 3858 1434 3912 sibi
1469 3858 1616 3927 piger
1640 3856 1847 3913 videtur
1875 3870 2033 3925 quam
2056 3856 2148 3925 qui

562 3929 613 3980 in
648 3929 1037 3983 multitudinem
1071 3932 1207 3983 fetet
1238 3930 1500 3983 tiuiitiuiu.

953 4023 1082 4076 Car.
1127 4021 1316 4076 XXVI.
1358 4049 1424 4060 —-
1475 4019 1549 4072 De
1577 4028 1754 4074 stulto.

640 4091 688 4143 I.
728 4091 815 4144 Vir
837 4094 1033 4147 stultus
1082 4093 1219 4145 mala
1268 4094 1367 4145 sibi
1425 4091 1670 4154 fabricat,
1705 4090 1756 4142 in
1802 4089 1915 4144 suis
1968 4099 2143 4142 autem

562 4161 721 4214 labiis
746 4164 1077 4217 tliesaurizat
1103 4166 1297 4231 ignem.
1331 4162 1445 4215 Non
1471 4166 1792 4231 Conveniunt
1817 4160 1982 4231 stulto
2009 4161 2144 4211 labia

562 4232 766 4296 Iidelia,
797 4247 971 4294 neque
990 4230 1136 4303 justo
1163 4235 1299 4285 labia
1327 4235 1622 4285 mendacia.
1656 4230 1964 4303 Iteiiiillic.
1987 4231 2147 4299 300

569 4303 633 4359 Ut
685 4305 809 4371 quid
837 4300 1112 4357 abundant
1144 4305 1342 4356 divitia:
1390 4305 1609 4371 Stulto.
1645 4300 1919 4367 possidere
1967 4312 2144 4354 autem

559 4370 819 4440 sapientia
853 4372 1137 4427 iiiseiisatis
1170 4389 1272 4426 non
1307 4372 1535 4440 poterit?
1586 4370 1741 4425 Item.
1774 4373 1854 4424 Ira
1886 4382 1970 4424 est
2009 4373 2143 4438 patri

562 4445 704 4498 filius
736 4445 1013 4510 insipiens,
1036 4453 1090 4498 et
1110 4446 1263 4498 dolor
1287 4443 1471 4497 matris
1503 4442 1640 4511 cjtis.
1688 4441 1820 4495 Item
1875 4442 1963 4494 ibi.
2025 4444 2140 4494 Non

559 4518 830 4568 desiderat
868 4514 1148 4584 sapientia,
1173 4518 1254 4569 cui
1302 4519 1453 4568 deest
1504 4527 1732 4575 sensus;
1792 4515 1958 4579 magis
1997 4513 2138 4566 enim

560 4586 752 4639 dicitur
776 4587 1154 4653 imprudentia.
1191 4585 1320 4638 Item
1345 4587 1433 4638 ibi.
1465 4586 1535 4638 Os
1568 4585 1799 4637 hominis
1826 4584 1974 4635 stulti
2006 4598 2139 4635 con-

562 4656 709 4709 tritio
738 4665 817 4709 e~t
844 4660 924 4721 ci;
960 4659 1094 4711 loliia
1130 4675 1304 4711 autem
1342 4659 1457 4722 ejus
1509 4659 1728 4724 laqueus
1776 4653 1973 4707 anima:
2001 4655 2135 4720 ejus.

559 4725 692 4780 Item
716 4727 839 4779 illic.
869 4728 1055 4782 Gravis
1083 4742 1159 4782 est
1192 4729 1345 4794 lapis,
1376 4741 1428 4782 et
1484 4727 1570 4779 vix
1630 4724 1909 4794 poitabilis
1954 4740 2138 4787 arena,

562 4801 634 4850 ira
668 4808 842 4851 autem
892 4802 1051 4852 stulto
1100 4802 1313 4867 gravius
1360 4810 1441 4853 est
1483 4797 1764 4850 ainbobus.
1819 4794 1953 4848 Item
2007 4796 2138 4847 illic.

557 4871 704 4924 Sicut
734 4870 879 4923 cauis
922 4871 1010 4937 qui
1065 4871 1393 4925 convertitur
1440 4871 1506 4922 ad
1555 4870 1811 4922 vomitum
1866 4882 2041 4925 suum,
2087 4877 2141 4918 et

560 4941 774 4994 odibilis
804 4936 1055 5005 efficitur,
1083 4942 1161 4993 sic
1190 4945 1385 4994 stultus
1415 4939 1613 4994 malitia
1656 4954 1751 4991 sua
1798 4951 2045 4990 reversus
2087 4936 2137 4987 iii

562 5014 788 5077 pet-catis
816 5011 947 5064 suis.
980 5011 1111 5065 Item
1142 5013 1269 5065 illic.
1296 5013 1395 5079 Qui
1428 5024 1727 5064 minoraiur
1771 5020 1914 5072 cute,
1942 5010 2141 5074 cogitat

560 5084 752 5142 inania,
788 5093 841 5135 et
899 5084 976 5136 \ir
1022 5084 1335 5151 itiiprudens
1381 5093 1435 5134 et
1480 5096 1669 5134 errans
1699 5082 1897 5145 cogitat
1953 5080 2138 5151 stulta.

559 5151 663 5205 Cor
689 5156 811 5205 tatui
844 5156 992 5221 quasi
1020 5149 1110 5205 vas
1139 5155 1493 5215 confractum,
1521 5163 1574 5205 ct
1623 5166 1861 5221 oninitiui
1911 5149 2139 5201 scientia

560 5239 666 5277 non
691 5220 891 5278 tenebit
921 5226 1130 5278 donius.
1162 5227 1329 5276 Fatua
1358 5225 1538 5277 clausa
1567 5220 1849 5290 sapzeiitia,
1875 5230 1929 5273 et
1958 5221 2138 5273 scieti-

560 5303 631 5346 tia
656 5297 850 5349 sensati
877 5296 1193 5349 enarrabilia
1227 5297 1407 5347 verba.
1443 5292 1741 5363 Compedes.
1788 5290 1956 5346 I‘edes
2006 5291 2140 5343 stul-

560 5375 733 5418 toruiii
780 5367 1045 5429 dot-trina,
1086 5377 1141 5419 ct
1188 5367 1335 5434 quasi
1400 5366 1607 5417 vincula
1666 5378 1855 5415 inaniis
1904 5365 2135 5434 dextra};

557 5437 733 5488 fatuus
762 5438 810 5489 iii
842 5440 947 5490 risu
992 5438 1187 5489 cxaltat
1209 5433 1395 5491 'i-ocvm
1436 5450 1608 5499 suam,
1634 5445 1685 5487 ct
1713 5436 1793 5485 vir
1817 5433 2028 5499 sapiens
2056 5433 2139 5485 vix

557 5508 716 5557 tacite
746 5508 957 5563 ridebit.
986 5507 1117 5560 Item
1141 5509 1263 5560 illic.
1295 5508 1345 5559 lii
1376 5521 1469 5559 ore
1494 5506 1758 5557 fattinriiui
1785 5520 1877 5558 cor
1900 5506 2133 5565 illorum,

554 5586 608 5626 ct
642 5577 694 5627 iii
717 5579 877 5630 corde
908 5580 1224 5644 sapientium
1259 5593 1321 5631 os
1350 5578 1587 5631 illorum.
1619 5575 1717 5640 Qui
1749 5574 1906 5629 docet
1934 5574 2137 5626 fatuum

555 5648 833 5717 εειιιιθηιὶρ,
860 5650 1005 5713 ιμιωί
1041 5651 1318 5717 inglutiuat
1350 5657 1504 5701 testa.
1544 5645 1674 5698 Itum
1707 5647 1830 5699 illic.
1880 5648 2133 5708 Arenatu,

555 5722 606 5771 et
632 5715 815 5779 saleni,
851 5728 901 5769 ct
933 5715 1158 5771 massam
1201 5720 1324 5774 ferri
1367 5718 1576 5773 lat-ilius
1600 5729 1677 5773 est
1710 5726 1920 5784 portare
1978 5730 2135 5783 uitaui

2254 3183 2338 3227 est
2396 3175 2487 3225 tibi
2538 3172 2726 3228 servus
2781 3176 2980 3242 fidelis,
3033 3178 3103 3230 sit
3136 3174 3229 3228 tibi
3260 3173 3408 3240 quasi
3434 3172 3612 3223 anima
3648 3178 3758 3232 tua,
3788 3177 3845 3223 et

2254 3244 2406 3313 quasi
2438 3242 2678 3310 fratrem,
2710 3247 2787 3300 sic
2830 3246 2978 3300 illum
3020 3256 3213 3308 tracta,
3241 3244 3363 3311 quia
3420 3242 3471 3313 in
3522 3242 3841 3313 sanguinein

2254 3311 2446 3386 animze
2473 3324 2575 3369 tua:
2601 3319 2921 3383 comparasti
2946 3317 3102 3386 301
3135 3317 3302 3386 illum.
3338 3312 3393 3368 Si
3426 3311 3632 3364 l.eseris
3688 3311 3839 3386 illum

2255 3385 2472 3451 injuste,
2508 3388 2852 3440 ctextollens
2882 3383 3293 3441 sc'distésserit.
3341 3398 3497 3451 quem
3544 3383 3761 3447 quieris,
3787 3390 3842 3433 et

2252 3450 2354 3522 qua
2382 3456 2461 3508 via
2487 3459 2683 3524 quieris
2710 3456 2895 3510 illum?
2925 3458 3054 3510 Item
3098 3458 3225 3509 illic.
3279 3452 3344 3507 In
3390 3452 3701 3505 Proverbiis.
3738 3450 3843 3504 Lu-

2252 3542 2409 3578 cerna
2442 3535 2524 3580 est
2556 3526 2862 3580 mandatum
2898 3528 3047 3595 legis,
3073 3527 3211 3581 sit-tit
3237 3541 3337 3578 uva
3365 3524 3557 3577 acerba
3589 3524 3842 3595 dentibus

2254 3598 2439 3649 tiuciva
2489 3607 2592 3657 est.
2634 3609 2685 3650 et
2734 3599 2909 3650 fumus
2951 3591 3154 3663 oculis,
3186 3600 3263 3650 sic
3317 3596 3570 3661 iniquitas
3619 3594 3700 3645 eis
3748 3591 3841 3658 qui

2253 3676 2474 3719 utuntur
2499 3682 2637 3720 eain.
2675 3666 2806 3720 Item
2847 3670 2932 3720 ibi.
2970 3669 3138 3722 lloiuo
3185 3678 3359 3718 autem
3393 3680 3451 3717 se
3496 3663 3693 3717 occidit
3743 3677 3843 3730 per

2253 3736 2505 3790 inaliiiain
2535 3753 2707 3791 suam.
2743 3739 2874 3790 Item
2898 3740 3027 3792 illic.
3063 3738 3162 3791 Per
3192 3752 3311 3804 qua:
3338 3744 3520 3802 peccat
3569 3736 3712 3798 quis,
3743 3748 3843 3791 per
3894 3780 3903 3785 -

2253 3806 2367 3860 hcc
2392 3817 2445 3860 et
2476 3816 2770 3873 torquetur.
2815 3808 2946 3863 Item
2976 3810 3102 3861 illic.
3159 3807 3412 3860 Dominus
3436 3805 3719 3857 constituit
3745 3805 3842 3852 lio-

2252 3877 2477 3939 niincm,
2524 3892 2579 3931 et
2624 3881 2835 3945 reliquit
2886 3882 3032 3933 illutn
3086 3878 3137 3931 in
3179 3879 3399 3929 arbitro
3447 3891 3579 3945 suo;
3638 3874 3839 3939 adjecit

2252 3947 2520 4009 mandata,
2568 3960 2621 4003 et
2678 3944 2962 4018 priccepta,
2994 3950 3037 4002 si
3062 3949 3244 4001 voletis
3302 3944 3549 3998 mandata
3599 3958 3836 4018 servare,

2250 4027 2304 4069 et
2336 4019 2495 4072 fidem
2528 4021 2785 4088 placidam
2817 4014 3023 4082 facere;
3054 4019 3294 4087 apposuit
3325 4030 3512 4081 aquam
3543 4024 3600 4088 (ξι
3630 4014 3837 4088 ἱέρεαι.

2249 4089 2314 4139 ad
2338 4090 2477 4156 quod
2514 4084 2612 4155 vis,
2636 4092 2867 4145 extende
2907 4084 3137 4144 niiiitiiii
3166 4099 3341 4148 tuam;
3389 4094 3514 4137 ante
3560 4084 3838 4156 hominem

2251 4155 2433 4211 vitaet
2473 4175 2641 4224 mors,
2673 4162 2866 4213 bonum
2896 4172 2946 4215 et
2981 4163 3197 4222 malum,
3224 4158 3362 4225 quod
3398 4156 3659 4224 placuerit
3686 4155 3840 4209 dabi-

2251 4238 2337 4281 tur
2366 4230 2465 4282 illi.
2487 4228 2617 4283 Item
2644 4232 2773 4284 illic.
2794 4231 2942 4287 Sicut
2975 4234 3110 4284 tinea
3144 4233 3613 4288 vesliinentuni,et
3639 4226 3839 4280 vermis

2250 4297 2475 4368 lignum.
2501 4302 2569 4354 ita
2598 4304 2808 4355 tristitia
2840 4312 2994 4355 uocet
3021 4316 3135 4354 cor.
3168 4300 3323 4352 Item.
3366 4299 3470 4351 Cor
3505 4299 3686 4349 laetum
3735 4297 3831 4348 bo-

2250 4385 2371 4423 nam
2423 4373 2749 4425 voluntatem
2812 4374 2965 4436 facit;
3013 4373 3128 4426 viro
3172 4380 3347 4423 autem
3401 4368 3536 4419 trisd
3585 4375 3840 4418 arescunt

2180 4442 2226 4499 D
2253 4454 2395 4492 ossa.
2430 4442 2494 4494 Iii
2518 4442 2765 4496 Ieremia.
2815 4444 3124 4497 Maledicttis
3171 4442 3327 4493 homo
3354 4440 3442 4505 qui
3491 4450 3641 4503 Spem
3675 4438 3839 4489 habet

2252 4511 2304 4563 in
2330 4511 2563 4575 homine,
2586 4525 2639 4567 ct
2666 4513 3061 4567 continuaverit
3084 4525 3299 4564 carnem
3332 4505 3534 4561 brachii
3580 4508 3689 4570 sui,
3724 4518 3778 4559 et
3806 4524 3835 4558 ει

2246 4581 2471 4656 Domino
2514 4586 2791 4637 reccsSeiit
2823 4600 2915 4637 cur
2938 4583 3075 4652 t-jus.
3113 4581 3244 4656 Item
3268 4580 3397 4656 illic.
3421 4578 3522 4642 Qui
3553 4579 3837 4656 confidunt

2243 4651 2296 4704 in
2325 4653 2539 4707 liotiiiiie
2571 4656 2835 4708 maledicti
2860 4648 3002 4715 sunt,
3034 4653 3280 4719 quoniam
3329 4649 3469 4701 Deus
3518 4648 3609 4699 nili
3640 4648 3655 4700 I
3712 4649 3840 4700 feeit

2245 4722 2411 4777 illum.
2444 4722 2513 4776 In
2545 4723 2874 4779 Ecclesiaste.
2912 4726 3025 4778 Non
3054 4724 3197 4776 desis
3230 4720 3559 4789 plorantibus
3585 4721 3635 4771 in
3657 4732 3840 4771 corro-

2241 4797 2477 4858 gatione,
2507 4806 2560 4847 ct
2588 4812 2708 4849 cuiu
2759 4797 3059 4864 lugentibus
3106 4792 3355 4855 ambula;
3411 4806 3516 4864 non
3563 4791 3838 4864 Apigriteris

2244 4866 2461 4937 visitare
2514 4858 2991 4937 itilii-iiiiiin,'exttis
3045 4865 3182 4937 (sic)
3236 4877 3382 4937 enim
3436 4858 3490 4913 in
3523 4860 3837 4937 _dilectione

2244 4935 2561 4990 lirniaberis.
2596 4935 2793 4989 Paulus
2822 4939 2889 4988 ad
2925 4930 3202 4989 Itoniaiios.
3234 4932 3474 4987 Lividnm
3520 4930 3659 4983 facio
3709 4944 3833 4981 cor-

2244 5020 2339 5072 piis
2370 5022 2569 5073 meum,
2600 5018 2653 5061 et
2675 5008 2915 5061 servituti
2949 5006 3149 5072 allii-in,
3183 5022 3247 5058 ne
3275 5018 3395 5057 cuin
3422 5003 3539 5055 aliis
3561 5000 3824 5070 pntdicri-

2242 5077 2429 5139 veriin,
2458 5081 2567 5145 ipse
2598 5079 2854 5145 reprobus
2878 5077 3101 5131 efticiar.
3143 5075 3210 5129 In
3263 5073 3566 5125 Proverbiis.
3621 5073 3833 5145 Domus

2242 5143 2591 5215 superborum
2620 5143 2858 5202 destruet
2888 5150 3165 5201 Dominus.
3196 5147 3325 5199 Item
3355 5145 3481 5215 illic.
3530 5143 3632 5215 Qui
3668 5145 3833 5215 attain

2241 5211 2365 5272 facit
2394 5220 2611 5273 domum
2654 5235 2802 5272 suam
2848 5220 3041 5287 quazrit
3082 5221 3309 5271 ruinam.
3361 5214 3491 5267 Item
3522 5213 3654 5287 illic.
3700 5211 3833 5261 Cum

2240 5289 2500 5356 sapientia
2533 5285 2883 5343 a-diticaliitur
2913 5291 3125 5350 donius.
3158 5300 3207 5341 et
3235 5302 3354 5339 cuni
3395 5285 3674 5338 intellecw
3716 5295 3833 5357 eri-

2239 5352 2382 5426 gitttr
2410 5377 2423 5425 ;
2454 5376 2574 5414 cum
2608 5377 2767 5414 sensti
2801 5360 3089 5426 implentur
3131 5364 3319 5411 IIOI‘ICI
3374 5362 3529 5425 plena
3575 5352 3829 5404 omnibus

2240 5431 2396 5484 bonis
2417 5444 2466 5485 et
2502 5430 2766 5499 pretiosis.
2799 5430 2929 5484 Item
2958 5433 3083 5501 illic.
3130 5430 3244 5483 Non
3275 5432 3415 5480 enini
3456 5438 3673 5502 omnem
3710 5429 3831 5502 tio-

2240 5502 2436 5555 iiiiueni
2463 5494 2682 5555 inducas
2714 5506 2765 5554 iii
2799 5494 3012 5555 domum
3038 5513 3180 5554 inani
3204 5517 3218 5565 ;
3247 5504 3429 5553 multa:
3452 5496 3593 5552 enim
3619 5494 3832 5565 insidia

2238 5583 2367 5626 sunt
2403 5574 2596 5627 dolosi.
2654 5572 2717 5625 lii
2747 5571 2993 5627 Canticis.
3046 5562 3245 5625 Cavete
3281 5570 3444 5644 vobis
3492 5584 3520 5617 a
3579 5562 3833 5644 vulpibus

2242 5644 2466 5716 pusillis,
2502 5645 2989 5716 exteruiiuantibus
3023 5644 3223 5695 vineas.
3281 5640 3366 5692 Va:
3413 5640 3494 5716 his
3520 5640 3646 5716 _qiii
3695 5648 3829 5716 prof

2242 5707 2467 5781 pllctziiit
2495 5716 2559 5771 dt:
2585 5715 2747 5773 corde
2774 5731 2895 5784 suo,
2930 5729 2981 5770 et
3012 5716 3229 5771 omnino
3282 5726 3387 5766 non
3449 5707 3654 5771 vident,
3691 5708 3833 5759 sicut
