4180 6178
452 260 586 318 Ιέἱῧ

944 264 1232 320 ΛΡΡΕΝΙ).
1276 259 1365 315 Χ-Ι.
1408 291 1475 302 -ι-
1514 257 1925 315 TESTIMONIA
1970 256 2031 310 Dl

2142 252 2225 309 ΗΕ
2264 250 2700 319 SCRIPTURAE,
2745 253 2829 307 ET
2874 251 3181 308 PATIIUII.

3582 248 3715 304 l‘lll

451 382 630 449 vulpes
658 380 711 435 in
741 380 974 435 deserto.
1015 378 1079 433 In
1117 378 1412 445 Evangelia.
1468 376 1569 449 Ala
1626 377 2020 449 laboraverunt,
2055 374 2102 431 Α
2132 366 2324 449 tuenda
2353 376 2433 420 est
2450 381 2620 449 quam
2654 365 2734 420 his
2779 366 2867 449 qui
2914 373 3006 418 aut
3053 363 3489 449 spiritualiterad
3540 363 3716 432 perle-

448 462 501 504 ct
524 443 687 523 vosin
710 451 929 523 labores
959 465 1143 504 eormn
1174 443 1452 501 introistis.
1487 446 1617 499 Item
1637 443 2019 523 illic-amnicum

448 538 551 590 que
595 521 856 594 dimiserit
904 535 1120 594 uxorem
1160 534 1335 594 suam,
1374 530 1626 594 excepta
1662 514 2023 594 fornicationis

448 582 629 655 causa,
680 599 735 664 et
776 592 941 664 aliam
991 590 1222 664 duxerit,
1267 588 1563 664 adulterat:
1601 586 1735 639 Item
1781 582 1910 664 illic.

451 653 747 729 per-caverit
770 660 1076 734 fraterttius
1108 661 1258 734 inte,
1283 660 1495 734 corripe
1513 658 1687 734 illum,
1705 665 1756 707 et
1785 653 1829 734 si
1855 653 2026 720 paeni-

453 724 882 805 ientiamgegerit,
907 732 1112 805 dimitte
1140 729 1247 805 illi;
1283 738 1338 805 et
1371 730 1413 781 si
1452 732 1648 793 septies
1676 727 1726 777 in
1752 724 2027 805 .dierpec:

452 805 651 858 caverit
678 792 841 863 invte,
870 792 929 855 et
957 802 1154 865 septies
1191 798 1369 872 indie
1398 811 1691 872 conversus
1750 794 1907 872 fuerit
1932 792 2024 872 had

453 884 526 938 te,
568 874 753 927 dicens
783 889 795 925 :
825 872 1056 925 Pmtiitet
1082 885 1187 929 me,
1217 869 1424 923 dimitte
1447 868 1541 920 illi.
1575 866 1704 920 Item
1752 866 1879 917 illic.
1925 864 2028 928 Qui

452 943 680 997 seminat
710 944 906 1015 bonum
936 956 1118 1015 semen
1155 949 1237 993 est
1266 938 1429 991 Filius
1480 938 1732 1015 hominis,
1762 949 1887 1002 ager
1932 950 2027 1015 ait:

453 1025 559 1067 tem
593 1015 677 1067 hic
706 1012 1201 1086 mundus;_honum
1254 1023 1395 1086 vero
1435 1024 1644 1086 sentem
1677 1008 1725 1086 lii
1767 1015 1895 1085 sunt
1934 1004 2027 1086 filii

452 1085 624 1152 regni.
658 1083 784 1137 Nam
830 1081 1031 1135 zizania
1076 1081 1165 1133 lilii
1212 1089 1335 1133 sunt
1383 1077 1581 1152 iniqui;
1630 1075 1898 1139 inimicus,
1940 1075 2027 1139 qui

452 1149 1108 1216 seminavitca,diabolus
1136 1161 1252 1214 est;
1309 1149 1500 1203 messis
1549 1157 1724 1201 autem
1778 1160 2031 1199 consum-

452 1224 620 1277 matio
651 1224 827 1278 saaculi
852 1231 930 1276 est
953 1240 966 1287 ;
991 1236 1257 1295 messores
1284 1216 1656 1295 autenrangeli
1686 1224 1830 1269 sunt.
1883 1216 2032 1295 Sicut

452 1306 506 1347 et
534 1310 661 1362 ergo
683 1295 999 1362 colliguntur
1031 1293 1267 1353 zizanire,
1292 1297 1354 1362 et
1373 1290 1491 1362 igni
1515 1289 1922 1362 comburuntur,
1953 1289 2032 1337 sic

452 1365 555 1417 erit
581 1357 631 1417 iii
659 1357 1113 1419 consummatione
1143 1358 1426 1415 saaculiJn
1455 1360 1750 1413 Salomone.
1783 1357 1887 1410 Sex
1911 1363 2034 1409 sunt

451 1450 570 1499 «iure
601 1435 714 1488 odit
766 1435 1044 1497 Dominus,
1098 1443 1150 1485 et
1199 1432 1485 1497 septimum
1542 1430 1680 1494 quod
1736 1427 2033 1499 detestatur

452 1496 626 1558 anima
654 1507 803 1577 ejus:
832 1505 1051 1577 oculum
1074 1496 1381 1577 sublimem,
1425 1501 1651 1577 linguam
1696 1496 2029 1577 mendacem,

455 1590 646 1629 manus
676 1568 1009 1628 elTundcntes
1040 1573 1312 1626 innoxium
1344 1573 1677 1639 sanguinem,
1704 1584 1796 1621 cor
1825 1568 2030 1620 machi-

453 1661 589 1698 nans
612 1647 962 1713 cogitationes
994 1646 1274 1711 pessimus,
1301 1641 1463 1709 pedes
1494 1641 1703 1713 veloces
1731 1639 1794 1692 ad
1815 1653 2034 1690 curren-

2128 440 2359 491 ctionem
2414 434 2704 495 virtutum.
2757 434 2847 488 aut
2887 437 3174 488 carnaliter
3221 434 3287 488 ad
3336 435 3582 487 vitiorum
3621 449 3717 485 co-

2128 507 2291 571 piam.
2328 507 2402 559 lbi
2435 521 2647 573 semper
2675 506 2921 559 elationis
2968 505 3156 558 fortior
3185 514 3371 559 ventus
3411 516 3514 566 εει,
3544 502 3629 556 ubi
3660 512 3718 558 et:

2127 576 2345 630 honoris
2393 577 2578 629 fortior
2625 575 2867 629 altitudo.
2920 574 3098 629 Facile
3137 580 3424 637 credimus,
3466 585 3522 627 et
3566 582 3719 626 ante-

2126 662 2285 715 quam
2314 646 2611 712 iudicemur
2640 645 2958 709 irascimur;
2985 645 3133 698 tnulti
3155 646 3295 698 enim
3322 643 3717 709 saepicionibns

2126 718 2492 782 impelluntur,
2516 732 2581 769 ex
2613 717 2758 769 vultu
2789 718 3003 783 risuque
3030 715 3408 781 alienopejora
3439 716 3715 781 interpre-

2128 788 2221 842 tati
2265 787 2314 840 in
2365 788 2608 842 noetihus
2663 788 2983 841 irascuntur.
3042 786 3299 838 Curiosus
3350 784 3438 852 qui
3498 783 3718 849 inquirit

2127 858 2267 923 quod
2300 857 2365 912 de
2396 874 2455 912 se
2476 860 2676 911 dictum
2698 860 2786 921 sit,
2818 869 2872 910 et
2895 855 3158 923 malignos
3180 869 3480 920 sermones,
3503 853 3716 907 etiamsi

2127 937 2338 982 secreto
2388 936 2511 981 sunt
2558 930 2717 991 dicti,
2768 929 2948 989 eruit,
3002 930 3114 994 ipse
3163 941 3219 979 se
3272 926 3558 988 inquietat;
3591 926 3715 975 dum

2129 999 2270 1050 enim
2306 999 2740 1066 interpretantur,
2774 998 2837 1049 ad
2873 997 2971 1050 hoc
3006 996 3367 1061 perducuntur
3398 1004 3453 1047 ut
3499 995 3717 1047 videan-

2131 1075 2232 1120 tur.
2265 1066 2453 1121 Multas
2500 1067 2718 1136 injurias
2768 1068 2979 1128 transit,
3022 1075 3074 1120 et
3124 1067 3401 1134 plerasque
3432 1080 3534 1117 non
3567 1078 3723 1117 acc;-

2130 1137 2226 1204 pit,
2260 1138 2380 1206 quia
2419 1148 2510 1190 attt
2535 1153 2628 1191 eas
2670 1137 2859 1201 nescit,
2891 1147 2983 1190 aut
3011 1138 3052 1189 si
3094 1137 3295 1199 scierit,
3330 1140 3378 1188 ia
3417 1136 3597 1206 ludum
3626 1148 3722 1188 eas

2125 1206 2414 1276 jucutnque
2442 1207 2723 1261 convertit.
2772 1207 2826 1261 Si
2880 1209 3049 1260 bonus
3082 1206 3161 1260 vir
3208 1216 3309 1270 est,
3339 1205 3427 1273 qui
3470 1206 3718 1276 iniuriam

2133 1274 2278 1343 fecit,
2311 1274 2416 1329 noli
2451 1276 2708 1340 reddere;
2759 1278 2802 1329 si
2853 1280 3039 1337 malus,
3078 1278 3184 1331 noli
3230 1277 3449 1335 imitari,
3484 1274 3723 1342 pruden-

2133 1345 2257 1401 tiori
2306 1347 2463 1411 cede,
2508 1347 2669 1400 stulto
2703 1346 2950 1420 remitte.
3008 1346 3176 1420 Regis
3222 1346 3455 1420 quisque
3497 1347 3726 1420 intrase

2131 1421 2366 1471 animum
2401 1420 2579 1479 habet,
2614 1426 2670 1470 ut
2701 1417 2968 1470 licentiam
3018 1419 3119 1469 sibi
3166 1417 3217 1471 in
3263 1416 3395 1469 alios
3426 1416 3541 1468 dari
3574 1416 3727 1478 velit,

2134 1489 2186 1540 iti
2220 1503 2279 1541 se
2324 1490 2479 1541 nolit.
2511 1487 2627 1541 Non
2667 1495 2903 1553 oportet,
2937 1497 3248 1555 peccantem
3302 1496 3516 1552 peccata
3562 1487 3729 1539 corri-

2133 1574 2301 1626 gere:
2333 1560 2475 1627 quod
2524 1560 2566 1610 si
2618 1566 2823 1611 tantum
2870 1558 3132 1611 irascatur
3180 1558 3413 1620 sapiens,
3467 1566 3727 1622 quantum

2135 1633 2398 1682 scelerum
2446 1629 2730 1697 indignitas
2759 1629 2944 1691 exigit,
2980 1642 3085 1681 non
3134 1628 3475 1681 irascendum
3515 1635 3600 1679 est
3628 1627 3730 1691 illi,

454 1716 577 1769 dum
634 1696 706 1768 ina
739 1717 957 1776 malum,
995 1696 1371 1782 'prol'eren'tem
1432 1712 1787 1771 mendacimn,
1839 1720 2026 1782 testem

2142 1699 2229 1752 sed
2256 1696 2814 1782 illsanimltl‘l‘ltit..N_lllil
2837 1698 3118 1782 gloriosius
3141 1714 3300 1782 quam
3333 1701 3465 1753 iram
3494 1696 3729 1782 amicitia

457 1788 787 1846 fallacem,et
815 1803 933 1840 eum
968 1779 1057 1853 qui
1080 1786 1307 1837 seminat
1329 1784 1469 1836 inter
1492 1784 1684 1833 fratres
1710 1779 2027 1833 discordias.

710 1877 838 1931 Car.
876 1876 1069 1931 XXIX.
1100 1905 1167 1915 —
1200 1874 1506 1929 Testimonia
1546 1872 1784 1925 Patrum.

532 1970 579 2021 1.
624 1969 863 2035 Quatuor
892 1977 1013 2021 sunt
1047 1966 1471 2035 perturbationes
1503 1965 1780 2017 hominum
1825 1962 2036 2035 animas,

459 2039 509 2091 id
537 2034 949 2103 est,’cupiditas,
980 2034 1181 2101 lintitia,
1216 2048 1409 2101 metus,
1441 2035 1673 2089 tristitia.
1710 2035 1881 2102 lpsmn
1923 2034 2040 2086 ani-

460 2125 601 2163 mum
649 2124 770 2163 esse
812 2110 1144 2172 memoriam,
1196 2115 1252 2160 et
1290 2107 1393 2160 vim
1439 2122 1557 2173 qua:
1598 2111 1855 2159 memoria
1888 2118 2037 2156 voca-

461 2188 565 2232 tur.
598 2177 727 2233 Item
759 2178 882 2231 illic.
910 2178 1042 2230 Octo
1072 2187 1194 2229 sunt
1227 2178 1535 2243 priacipalia
1585 2176 1732 2241 vitia,
1782 2191 1898 2243 qua:
1940 2176 2041 2227 bu—

460 2265 674 2302 tnanum
709 2248 959 2302 infestant
999 2262 1184 2315 genus.
1221 2249 1452 2301 Primum
1479 2252 1800 2317 gastrimarg
1821 2262 1872 2309 a,
1903 2246 2042 2315 quod

458 2330 541 2374 est
588 2322 789 2372 ventris
837 2319 1127 2385 ingluvies;
1180 2318 1341 2387 302
1390 2319 1683 2371 secundum
1731 2316 2041 2381 fornicatio;

458 2391 671 2443 tertium
701 2389 1042 2458 pbilargyria,
1077 2386 1126 2438 id
1152 2386 1249 2449 est,
1275 2389 1522 2452 avaritia,
1552 2390 1667 2443 sive
1698 2402 1848 2440 amor
1883 2402 2044 2455 pecu-

460 2462 591 2526 nia»;
620 2470 862 2525 quartum
898 2474 1005 2523 ira;
1038 2459 1281 2528 quintum
1317 2461 1565 2522 tristitia;
1609 2468 1818 2511 sextum
1852 2458 2041 2519 acidia,

459 2532 511 2584 id
541 2542 644 2595 est,
677 2532 947 2592 anxietas,
990 2546 1082 2581 seu
1131 2528 1347 2581 trcdium
1395 2530 1605 2592 cordis;
1636 2530 1920 2595 septimum
1953 2543 2044 2582 ce-

462 2601 712 2661 nodoxia,
745 2602 791 2651 id
826 2612 929 2661 est,
950 2598 1230 2667 jactantia,
1256 2599 1368 2651 sive
1407 2612 1537 2650 vana
1567 2600 1769 2665 gloria;
1798 2610 2045 2652 octavum

460 2673 704 2738 superbia
732 2668 820 2738 (In
858 2670 985 2723 libro
1018 2668 1384 2733 Collatioaum,
1417 2670 1621 2732 scilicet,
1656 2668 1930 2739 Cassiani).

466 2762 598 2815 Car.
642 2761 805 2816 XXX.
846 2790 915 2801 —-
953 2760 1265 2884 I'estimlgnia
1310 2763 1373 2815 de
1417 2761 1692 2817 Sententiis
1736 2761 1943 2835 Evagrii
1980 2764 2048 2816 ad

1184 2843 1363 2884 ratres.

1184 2843 1363 2885 ratres.

536 2925 584 2976 l.
635 2922 1091 2987 Quemadmodum
1123 2923 1263 2975 enim
1294 2924 1503 2977 ﬂamma
1545 2923 1805 2978 comburit
1834 2925 2046 2986 siIVam,

463 2995 537 3046 sic
583 2996 814 3046 visiones
862 2996 1028 3046 malas
1088 2995 1377 3055 exstinguit
1435 3000 1659 3048 esuries.
1730 2994 1860 3048 Item
1915 2997 2044 3048 illic.

463 3063 871 3137 Somniculosos
902 3067 1196 3137 monachus
1226 3063 1494 3137 inciditin
1542 3067 1716 3137 malis,
1747 3068 1834 3133 qui
1867 3077 2043 3119 autem
2074 3077 2118 3137 ρ

461 3136 645 3201 vigilat
674 3134 809 3186 sicut
850 3149 1031 3200 passer
1056 3136 1180 3187 erit.
1214 3133 1346 3186 Item
1391 3135 1518 3188 illic.
1550 3135 1700 3189 Sicut
1730 3137 1862 3205 ignis
1894 3140 2045 3192 tabe-

462 3206 587 3274 facit
616 3217 817 3274 ceram,
859 3206 927 3255 ita
967 3204 1139 3271 vigilia
1190 3206 1327 3259 bona
1367 3206 1720 3274 cogitationes
1760 3204 2042 3271 pessimos.

465 3272 605 3327 Illic.
637 3273 737 3339 Qui
770 3282 913 3325 amat
956 3289 1234 3342 argentum
1282 3291 1386 3328 non
1432 3272 1633 3330 videbit
1662 3278 1964 3339 scientiam,
1993 3289 2047 3332 et

463 3348 549 3411 qui
590 3353 878 3414 congregat
908 3344 1038 3396 illttd
1076 3347 1473 3400 obsecrabitur.
1507 3344 1645 3399 Illic.
1679 3348 1831 3400 Sicut
1858 3363 2044 3401 aurum

465 3427 511 3485 et
545 3424 822 3483 argentum
856 3417 1046 3481 probat
1093 3416 1250 3485 ignis,
1285 3417 1363 3469 sic
1400 3432 1492 3470 cor
1522 3417 1765 3470 monachi
1800 3422 2042 3471 tentatio.

466 3483 595 3537 Itcm
621 3485 748 3536 illic.
774 3485 962 3556 Melior
997 3483 1282 3556 paupertas
1319 3502 1439 3541 cum
1476 3488 1692 3540 scientia
1724 3503 1880 3555 quam
1912 3488 2046 3541 divi-

466 3556 551 3608 tia:
594 3571 723 3609 cum.
768 3555 1094 3623 ignorantia.
1159 3556 1298 3609 Illic.
1350 3557 1809 3623 Quemadmodum
1868 3560 2047 3613 evolat

465 3641 657 3679 corvus
688 3627 877 3679 de'suo
910 3628 1057 3691 nido,
1090 3629 1158 3680 ita
1195 3630 1462 3681 immunda
1493 3628 1669 3680 anima
1704 3629 1772 3681 de
1798 3644 1898 3681 suo
1927 3645 2049 3683 cor-

467 3712 615 3764 pore.
651 3694 787 3750 Illic.
819 3699 968 3750 Sicut
998 3697 1206 3751 A'ricus
1240 3713 1431 3751 ventus
1462 3698 1513 3751 in
1547 3699 1753 3764 pelago,
1787 3699 1855 3751 ita
1902 3698 2047 3752 furor

466 3782 496 3818 e
527 3770 689 3820 corde
724 3766 838 3818 viri.
887 3765 1020 3818 Item
1058 3769 1182 3822 illir.
1230 3770 1413 3822 Melior
1443 3777 1522 3820 est
1561 3770 1834 3822 saecularis
1875 3770 1925 3822 in
1967 3769 2045 3822 iti-

468 3838 983 3889 lirtmtateserviens
1020 3839 1162 3889 fratri
1214 3855 1373 3898 super
1424 3841 1740 3890 ttionachum
1797 3855 1899 3892 llOtl
1949 3842 2045 3893 iiii-

467 3916 731 3959 sereutem
765 3923 1004 3974 proxumi
1046 3924 1166 3962 suo.
1212 3909 1364 3977 I’igct'
1410 3910 1702 3961 monachus
1752 3922 2047 3964 murmurat

468 3978 654 4039 inulla,
681 3986 735 4028 et
770 3978 1159 4030 somniculosos
1201 3979 1406 4031 incusat
1433 3978 1668 4032 dolorem
1709 3982 1900 4046 capitis
1938 3988 2040 4035 sui.

468 4047 757 4099 Monachus
804 4046 1050 4113 bilinguis
1088 4050 1368 4101 cooturbat
1410 4046 1621 4109 fratres,
1658 4050 1825 4105 fidelis
1865 4062 2043 4106 autem

466 4119 702 4183 requiem
747 4117 981 4170 adducit.
1029 4118 1215 4171 Melior
1262 4130 1343 4172 est
1391 4118 1663 4173 s:rcularis
1713 4135 2041 4189 mansnetus,

466 4203 625 4251 quam
676 4189 961 4239 iracundus
1011 4190 1332 4250 monachus,
1384 4201 1478 4241 attt
1522 4192 1813 4254 animosus.
1866 4193 2046 4245 Mona-

466 4259 622 4308 chum
672 4268 1005 4309 tnanstietutu
1055 4260 1225 4328 diligit
1258 4260 1418 4321 Deus,
1464 4260 1823 4314 turbulentum
1865 4274 2043 4317 autem

468 4329 669 4395 repellit
703 4344 729 4379 a
778 4344 854 4381 se.
886 4330 1207 4382 t.b.iritatem
1257 4331 1511 4394 pra-cedit
1552 4332 1839 4395 humilitas,
1871 4335 2045 4386 scien-

469 4398 597 4448 tiam
628 4409 802 4449 autein
836 4400 1069 4452 dilectio.
1104 4404 1251 4455 Sicut
1282 4406 1421 4452 enim
1476 4401 1664 4453 lucifer
1712 4404 1764 4454 iii
1806 4404 1966 4467 caelo,
1994 4415 2046 4456 et

466 4481 604 4519 Slcttl
636 4469 720 4521 nix
754 4468 805 4520 iu
840 4471 1104 4536 paradiso,
1140 4474 1214 4520 sic
1261 4471 1310 4522 itt
1358 4473 1529 4523 anima
1565 4472 1676 4524 mili
1711 4489 1861 4526 mens
1895 4490 2042 4539 pura.

468 4539 803 4604 lnvestiganti
834 4541 1078 4592 Convivia
1123 4541 1478 4605 exstinguitur
1510 4543 1705 4600 lumen.
1736 4545 1911 4596 anima
1952 4559 2046 4595 au-

469 4617 574 4660 tetn
606 4609 720 4676 ejus
752 4609 949 4662 videbit
979 4610 1246 4663 tenebras.
1277 4614 1463 4664 Statue
1506 4612 1555 4663 in
1590 4614 1828 4677 pondere
1858 4630 2043 4679 panem

468 4688 641 4751 tuum,
670 4687 724 4751 et
760 4680 879 4732 bibe
926 4680 978 4732 in
1029 4695 1278 4734 mensura
1320 4697 1519 4751 aquam
1543 4691 1711 4747 tuam,
1745 4695 1798 4737 et
1828 4684 2046 4751 spiritus

469 4749 839 4801 fornicationis
891 4752 1053 4817 lugict
1100 4766 1128 4801 a
1173 4763 1241 4802 te.
1296 4751 1367 4803 Da
1412 4750 1715 4804 senioribus
1759 4749 1960 4816 vinum,
1995 4764 2048 4808 et

466 4820 691 4871 inlirmis
721 4820 854 4872 inler
883 4836 1056 4887 escas,
1094 4831 1310 4887 propter
1338 4822 1477 4888 quod
1516 4826 1886 4878 contriveruut
1930 4841 2048 4877 car-

468 4905 563 4943 nes
616 4890 667 4941 in
714 4889 996 4954 jnventute
1044 4910 1157 4944 sua.
1208 4891 1323 4945 Vidi
1362 4893 1681 4945 iracundum
1731 4910 1938 4959 senem,
1994 4906 2048 4949 et

464 4962 729 5035 elevatum
764 4962 815 5011 in
850 4969 1086 5035 tempore
1106 4977 1234 5035 suo,
1264 4979 1412 5035 spem
1443 4975 1616 5016 autem
1653 4965 1834 5017 habuit
1880 4981 2048 5035 magis

465 5030 672 5097 juvenis
701 5046 856 5098 quam
888 5031 995 5084 ille.
1022 5032 1119 5097 Qui
1146 5034 1316 5100 diligit
1342 5048 1516 5098 apem,
1542 5036 1823 5089 manduCat
1865 5030 2044 5090 favum

465 5100 603 5169 ejus,
632 5110 685 5153 et
713 5109 1040 5169 congregans
1070 5118 1208 5165 eam,
1242 5105 1533 5172 replebitur
1564 5104 1739 5157 mellv.

464 5196 592 5247 (itte.
630 5191 818 5246 XXXI.
845 5223 914 5231 —
939 5192 1246 5247 Tcszimonia
1272 5196 1333 5246 de
1354 5194 1482 5247 libro
1506 5197 1667 5247 sancti
1690 5194 1918 5261 Martini,
1944 5214 2047 5251 non

536 5265 675 5315 tllitts
715 5264 957 5315 'I'uronici
987 5266 1234 5334 episcopi,
1283 5267 1370 5318 sed
1412 5267 1505 5319 iste
1550 5280 1692 5332 pater
1725 5269 1820 5335 [ait
1864 5285 2043 5320 mona-

536 5337 768 5386 chorum.

539 5427 589 5479 Ι.
630 5425 883 5492 Quamvis
918 5425 1210 5479 invalidum
1250 5440 1371 5478 mox
1405 5426 1725 5490 laudaveris,
1758 5428 1875 5495 plus
1906 5430 2047 5481 vale-

469 5494 564 5548 bit.
617 5496 671 5549 Si
722 5511 904 5562 parum
939 5496 1188 5563 ponderis
1237 5504 1533 5562 portant~nt
1574 5500 1723 5563 quasi
1757 5494 2048 5552 admiratus

468 5568 652 5631 lueris,
686 5567 1004 5620 succumbit.
1040 5569 1093 5622 Si
1147 5568 1296 5634 pigro
1334 5569 1533 5621 dixeris
1579 5570 1702 5635 quia
1753 5570 1901 5621 velox
1942 5579 2045 5634 est,

468 5640 718 5691 Continuo
766 5638 1018 5691 evoialiit.
1055 5640 1304 5701 Quamvis
1349 5639 1670 5702 generaliter
1715 5640 1896 5691 multis
1936 5641 2051 5693 IlilYC

469 5712 731 5778 superbia.-
758 5706 902 5765 labes
934 5709 1122 5765 infcsza
1153 5718 1237 5775 b‘ll,
1275 5723 1375 5762 nou
1411 5708 1525 5777 plus
1557 5719 1731 5763 tamen
1777 5713 1894 5766 aliis
1939 5726 2052 5767 nie-

2139 1784 2493 1822 commutare.
2527 1771 2682 1841 303
2715 1770 2967 1826 Irascitur
3004 1773 3233 1840 aliquis?
3266 1782 3319 1825 tu
3351 1781 3532 1824 contra
3570 1776 3735 1825 bene-

2142 1842 2272 1893 licus
2306 1856 2554 1906 provoca,
2590 1846 2734 1896 cadit
2782 1843 2963 1896 statim
3009 1843 3272 1897 simultas.
3330 1842 3584 1895 Remedia
3618 1857 3734 1895 me-

2140 1911 2380 1965 dicorum
2414 1930 2517 1967 non
2550 1914 2601 1964 in
2650 1914 2957 1966 acces~ibus
2988 1915 3381 1971 inlirmitatum.
3412 1914 3505 1965 5rd
3554 1915 3606 1966 in
3651 1928 3735 1965 re-

2143 1986 2488 2037 missiciiibus
2520 1992 2760 2049 prosunt.
2812 1984 3013 2037 Crebro
3045 1982 3306 2052 siquidem
3360 1983 3550 2037 faciem
3586 1998 3736 2036 men-

2142 2053 2277 2106 dacii
2346 2056 2541 2107 veritas
2605 2056 2818 2108 retinet.
2889 2054 3090 2107 Crebro
3162 2054 3496 2108 mendacium
3554 2056 3737 2121 Specie

2144 2125 2382 2176 veritatis
2429 2122 2711 2177 ot-cttlitur.
2772 2125 2903 2177 Nam
2959 2126 3095 2178 sicut
3157 2126 3442 2192 aliquoties
3500 2126 3735 2177 frontem

2144 2193 2368 2255 amicus,
2398 2201 2453 2247 ct
2484 2195 2729 2247 blandam
2774 2196 3017 2247 adulator
3048 2196 3300 2259 ostendit,
3344 2195 3421 2248 sic
3452 2194 3735 2248 verisimili

2144 2265 2435 2317 coloratur.
2486 2264 2658 2316 Lauda
2712 2279 2888 2331 parce,
2925 2267 3163 2333 vitupera
3211 2268 3461 2333 parcius;
3496 2282 3615 2318 nam
3666 2266 3738 2318 si-

2148 2333 2344 2405 militer
2373 2333 2810 2402 reprehensibilis
2838 2346 2919 2387 est
2950 2338 3109 2387 uunia
3160 2336 3415 2401 laudatio,
3445 2351 3605 2405 quam
3638 2337 3739 2387 im-

2148 2404 2419 2457 Inut'erala
2468 2405 2727 2473 culpatio.
2785 2406 3022 2459 Prudens
3078 2421 3345 2474 nunquam
3397 2404 3507 2458 otto
3567 2404 3740 2474 pascit

2148 2475 2407 2537 animum,
2437 2476 2722 2539 aliquando
2752 2475 2933 2535 habet.
2967 2491 3235 2544 nunquam
3267 2488 3444 2529 tamen
3476 2477 3733 2528 solutum.

2151 2544 2472 2597 llaniilitatis
2504 2545 2671 2597 virtus
2701 2561 2804 2598 non
2836 2557 3117 2598 Vct‘inirtlnt
3161 2547 3417 2607 elatione,
3452 2547 3544 2598 sed
3589 2560 3741 2598 men-

2152 2616 2216 2667 tis
2250 2616 2479 2681 puritate
2507 2615 2814 2684 requiritur.
2852 2616 2894 2667 Α
2925 2615 3098 2669 Verbis
3128 2632 3344 2684 quoque
3376 2617 3619 2682 turpibus
3645 2618 3741 2669 ab-

2149 2693 2310 2749 stine,
2342 2688 2465 2753 quia
2497 2686 2707 2738 licentia
2737 2701 2922 2739 eorum
2974 2688 3359 2752 impudentiam
3393 2688 3582 2740 nutrit.
3615 2688 3743 2739 Ser-

2152 2770 2336 2809 mones
2362 2756 2585 2809 subtilcs
2618 2754 2782 2822 magis
2816 2756 2930 2825 (sic)
2962 2771 3120 2823 quini
3175 2756 3352 2810 facito.
3401 2754 3602 2812 Omnes
3645 2758 3741 2810 tibi

2154 2840 2309 2891 pares
2341 2825 2521 2880 facies.
2553 2826 2607 2879 Si
2652 2825 2930 2879 interiores
2961 2826 3320 2894 superbiendo
3360 2843 3465 2880 non
3499 2838 3743 2882 contem-

2153 2910 2267 2959 nas,
2312 2897 2617 2961 superiores
2667 2906 2811 2949 recte
2857 2897 3084 2949 vivendo
3128 2912 3235 2950 non
3269 2899 3475 2952 timeas.
3521 2901 3742 2951 Cunctis
3784 2946 3791 2949 .

2153 2973 2269 3017 esto
2318 2965 2597 3034 benignus,
2640 2966 2836 3019 nemini
2884 2966 3146 3031 blandus;
3192 2970 3374 3034 paucis
3423 2968 3740 3031 familiaris;

2154 3036 2403 3088 omnibus
2448 3049 2623 3089 tamen
2673 3051 2875 3102 aequus.
2932 3038 3203 3105 Sapientia
3259 3039 3453 3107 cupido
3495 3049 3549 3093 et
3576 3040 3740 3093 docili

2151 3107 2432 3178 qtnegnosli
2463 3108 2578 3159 sine
2624 3108 2923 3172 arrogantia
2960 3109 3245 3173 pustulanti
3278 3110 3586 3178 itnperties,
3620 3126 3740 3177 quae

2149 3176 2343 3236 nescis,
2373 3174 2488 3229 sine
2529 3178 2881 3230 occultatione
2924 3178 3235 3244 ignorantia:
3273 3174 3369 3233 tibi
3398 3182 3607 3247 postula
3637 3174 3743 3232 im-

2150 3249 2356 3313 pertiri.
2400 3250 2583 3299 Justus
2609 3260 2820 3299 secreta
2851 3262 2957 3299 non
2990 3249 3185 3314 prodit,
3231 3250 3451 3302 tacenda
3485 3251 3626 3302 enim
3664 3260 3743 3303 ta—

2147 3327 2252 3381 cet,
2288 3315 2552 3384 loquenda
2587 3316 2849 3383 IOllltiiul';
2897 3328 3057 3386 atque
3088 3318 3156 3370 ita
3187 3318 3291 3370 alta
3321 3318 3396 3371 illi
3448 3334 3547 3385 pax
3576 3330 3658 3372 est
3685 3331 3743 3374 et

2146 3400 2332 3439 secura
2377 3386 2753 3453 tranquillitas,
2795 3388 2919 3438 dum
2971 3388 3075 3440 alia
3128 3390 3280 3440 malis
3328 3400 3621 3442 vmcuatur
3671 3393 3743 3443 ali

2148 3457 2242 3508 illo
2267 3457 2423 3509 mala.
2455 3457 2862 3525 Magnanimitas
2890 3466 2975 3511 est
2998 3474 3096 3512 nec
3117 3460 3411 3513 timendum
3441 3462 3735 3526 hominem,

2149 3542 2249 3581 nec
2280 3529 2557 3581 audacem.

2331 3642 2456 3697 CAP.
2492 3642 2704 3697 XXXII.
2740 3673 2809 3683 --
2845 3644 2915 3696 De
2937 3644 3064 3698 libra
3093 3645 3256 3698 sancti
3285 3644 3559 3700 Ambrosii.

2221 3737 2273 3790 ‘l.
2321 3736 2374 3790 In
2408 3740 2516 3790 vite
2565 3738 2768 3803 religio,
2808 3739 2857 3789 in
2889 3740 3008 3792 oleo
3050 3753 3175 3805 pax,
3208 3740 3258 3791 in
3290 3754 3409 3791 rosa
3453 3738 3624 3805 pudor
3656 3754 3741 3792 sa-

2147 3822 2255 3860 crae
2283 3809 2597 3875 virginitatis
2632 3808 2912 3860 inolesi'at.
2947 3810 3135 3863 Frater
3183 3824 3333 3862 meus
3373 3810 3651 3873 candidus,
3684 3820 3739 3865 et

2148 3879 2344 3931 robeus
2369 3895 2384 3944 ;
2409 3878 2668 3930 candidus
2716 3881 2934 3942 merito,
2964 3882 3086 3947 quia
3130 3881 3294 3946 patris
3333 3879 3618 3947 splendor;
3654 3896 3743 3932 ru-

2150 3948 2297 4007 bens,
2329 3948 2450 4016 quia
2498 3961 2678 4016 partus
2707 3959 2790 4001 est
2825 3952 3063 4018 virginis,
3099 3954 3248 4003 color
3294 3953 3344 4002 in
3376 3967 3441 4003 co
3474 3950 3639 4018 fulget
3686 3959 3742 4004 et

2148 4020 2330 4070 rutilat
2373 4022 2650 4087 utriusque
2697 4030 2919 4072 naturae.
2956 4020 3185 4074 Castitas
3215 4022 3372 4073 etiam
3413 4023 3631 4087 angelos
3662 4021 3741 4075 fa-

2146 4089 2251 4159 cit;
2290 4090 2378 4156 qui
2427 4104 2543 4159 eam
2592 4092 2865 4154 servavit,
2911 4096 3132 4157 angelus
3176 4098 3288 4151 est;
3336 4093 3424 4159 qui
3484 4092 3736 4159 perdidit,

2146 4158 2412 4230 diabolus.
2447 4158 2603 4225 Virgo
2654 4170 2757 4223 est,
2790 4162 2878 4227 qui
2925 4161 3036 4215 Deo
3084 4162 3263 4225 nubit;
3299 4164 3585 4227 meretrix,
3617 4158 3737 4230 qtae

2145 4229 2276 4282 deos
2320 4230 2475 4303 facit.
2512 4230 2647 4283 Iliae
2687 4232 2914 4285 inversis
2944 4232 3180 4303 vestigiis
3208 4233 3298 4284 lilii
3343 4233 3453 4287 Noe
3492 4235 3737 4300 pudenda

2150 4305 2418 4372 texerunt.
2446 4302 2575 4365 Qua:
2609 4316 2801 4368 prooax
2847 4302 3002 4365 vidit,
3038 4302 3313 4355 modestus
3343 4306 3571 4367 erubuit,
3619 4306 3739 4372 pius

2152 4367 2282 4422 texit
2312 4372 2635 4433 ollensuros,
2667 4372 2711 4425 si
2758 4383 2811 4424 et
2844 4373 2939 4440 ipsi
2972 4373 3248 4427 vidissent.
3280 4375 3484 4437 Quanta
3518 4367 3632 4427 vini'
3657 4385 3742 4428 est

2079 4433 2122 4490 Ι)
2152 4439 2250 4503 vis,
2279 4451 2328 4492 ut
2358 4458 2515 4509 quem
2550 4444 2747 4495 diluvia
2777 4433 2880 4494 non
2908 4446 3269 4504 nudaverant,
3294 4433 3411 4495 vina
3444 4444 3735 4498 nudarent!

2151 4510 2316 4563 Debet
2343 4515 2484 4566 enim
2529 4512 2571 4564 is
2617 4517 2702 4579 qui
2750 4516 2909 4565 docet
2940 4531 3099 4581 super
3125 4528 3246 4564 eum
3274 4514 3363 4579 qui
3394 4513 3617 4568 docetur
3642 4532 3739 4569 ex-

2147 4582 2361 4635 cellere.
2393 4582 2749 4637 Tolerabilius
2778 4593 2858 4635 est
2886 4596 3114 4636 mentem
3147 4582 3402 4649 virginem
3432 4600 3589 4651 quam
3621 4601 3740 4639 car-

2148 4665 2269 4722 nem
2301 4653 2517 4706 habere.
2555 4654 2747 4707 L-tnbra
2775 4654 2973 4706 Judwis
3002 4653 3330 4717 carnalibus,
3362 4653 3534 4722 imago
3560 4656 3736 4721 nobis,

2147 4720 2345 4775 veritas
2386 4723 2788 4776 resurrecturi-is.
2824 4724 2945 4776 Tria
2985 4724 3125 4776 enim
3175 4725 3286 4776 haec
3336 4720 3626 4777 secundum
3661 4720 3741 4781 le—

2146 4804 2263 4857 gem
2315 4806 2437 4845 esse
2483 4794 2850 4862 cognovimus,
2896 4800 3163 4857 umbram,
3208 4794 3514 4861 imaginem,
3545 4798 3742 4849 verita-

2148 4870 2293 4935 tem;
2341 4866 2580 4915 umbram
2633 4865 2683 4915 in
2737 4866 2872 4929 lege,
2922 4864 3203 4931 imaginem
3256 4867 3306 4916 iti
3344 4865 3654 4935 Evangelia,
3688 4870 3741 4922 in

2143 4934 2347 5000 judicio
2372 4936 2689 4993 veritatem;
2723 4944 2776 4985 et
2822 4937 2960 5004 ideo_
2991 4950 3086 5002 per
3114 4935 3328 5004 Moysen
3377 4935 3463 4988 lex
3500 4934 3591 5003 per
3625 4954 3743 4992 um-

2148 5007 2318 5065 bram,
2334 5006 2482 5070 quasi
2506 5019 2596 5071 per
2622 5004 2912 5066 hominem,
2935 5002 3097 5073 ﬁgura
3119 5002 3213 5071 per
3232 5007 3423 5072 legem,
3445 5002 3536 5073 per
3553 5008 3737 5065 Jesinn

2149 5075 2360 5128 veritas.
2394 5076 2526 5137 Quid
2552 5081 2634 5126 est
2662 5076 3129 5143 gazophylacmm?
3160 5076 3455 5129 consolatio
3484 5078 3738 5146 lideliutn,

2150 5156 2391 5209 Sumptus
2422 5160 2730 5209 pauperum,
2758 5146 2966 5209 requies
2989 5161 3296 5213 egenorum.
3317 5146 3536 5200 I’eccata
3560 5162 3736 5205 autem

2148 5218 2529 5290 alittltitttlltlttr,
2553 5216 2923 5277 atttdeletilur,
2942 5226 3031 5267 aut
3055 5226 3331 5284 teguntur;
3358 5219 3620 5273 donantur
3643 5238 3740 5290 per

2148 5286 2395 5350 gratiam,
2430 5286 2675 5356 delentur
2709 5299 2797 5349 per
2832 5300 3172 5356 sanguinem,
3207 5294 3454 5353 teguntur
3495 5304 3586 5356 per
3614 5286 3742 5344 elia-

2150 5355 2381 5429 ritatem.
2411 5354 2560 5418 Quod
2594 5355 2757 5429 David
2788 5355 2919 5429 dicit
2945 5373 2959 5407 :
2991 5354 3173 5408 Libera
3198 5371 3275 5429 me
3298 5359 3361 5410 de
3379 5354 3740 5429 sang'nittibus,

2152 5428 2325 5487 idest,
2352 5441 2379 5475 a
2406 5427 2639 5491 peccatis
2664 5427 2973 5479 mortalibus
3003 5442 3060 5477 se
3092 5428 3322 5494 pustulat
3356 5427 3592 5484 liberari.
3623 5427 3738 5489 Non

2153 5507 2203 5549 te
2229 5494 2478 5563 subjuges
2510 5496 2865 5563 potestatibus
2891 5498 3090 5563 carnis,
3137 5511 3295 5565 quem
3336 5497 3478 5552 Deus
3510 5502 3736 5559 liberum

2153 5565 2336 5643 voluit.
2368 5568 2521 5643 lxidla
2557 5568 2646 5619 .ibi
2676 5568 2954 5619 excusatio
2977 5568 3047 5643 de
3074 5566 3277 5643 atnbitu
3304 5570 3606 5643 nuptiarqu
3630 5586 3735 5643 est,

2151 5638 2435 5711 Voluptatis
2485 5647 2630 5699 stitit,
2682 5653 2784 5689 nou
2834 5639 3197 5691 necessitatis.
3241 5639 3298 5693 St
3338 5641 3618 5711 benignus
3666 5638 3742 5701 sis

2152 5724 2274 5776 erga
2326 5709 2660 5777 indigentes,
2714 5720 2937 5776 inriguus
2988 5724 3095 5765 eris
3149 5713 3287 5780 apud
3335 5709 3526 5768 Deum.
3584 5718 3738 5781 Quod
