4180 6178
509 252 647 305 1213

1298 254 1385 307 AD
1427 254 1482 308 S.
1527 251 1770 308 lSlDORI
1814 250 2252 308 lllSPALENSIS
2290 252 2518 308 OPERA
2559 253 3000 316 APPENDICES.

3634 258 3773 314 lz’IG

508 375 679 429 Deum
727 382 929 441 patrem
974 386 1160 435 vocas,
1214 372 1317 442 line
1358 371 1411 426 in
1459 372 1665 427 actibus
1705 371 1810 424 tuis
1836 370 2079 425 osmnde.
2112 373 2159 430 Α
2187 369 2361 423 amico
2386 370 2575 425 vitiosa
2617 373 2863 442 voluptas
2903 390 3082 428 amara
3116 383 3215 428 est.
3243 369 3445 426 Tamdiu
3478 373 3620 425 enim
3651 375 3776 439 quis

512 446 654 497 Dona
685 459 835 497 mens
874 443 1068 496 chorus
1099 452 1181 495 est
1234 441 1347 504 Dei,
1395 443 1528 496 mala
1577 458 1726 495 mens
1755 442 1952 495 chortis
2000 448 2086 493 est

507 516 834 568 daemonum.
862 513 1067 579 Quanta
1100 513 1224 564 vitia
1258 514 1413 564 habet
1451 513 1649 575 anima,
1697 520 1773 563 tot
1822 520 1876 563 et
1913 510 2085 564 domi-

510 598 624 638 nos.
664 584 1081 636 Fundamentum
1129 582 1339 651 pietatis
1370 591 1455 635 est
1492 582 1837 643 continentia,
1872 581 2083 634 culmen

510 666 684 708 autem
732 653 943 719 pietatis
992 663 1073 706 est
1120 650 1374 705 amicitia.
1424 652 1560 704 Nulli
1610 650 1855 704 suadenti
1901 660 1951 704 te
1996 665 2085 703 ac-

508 725 749 790 quiescas
790 724 965 776 facere
990 722 1129 790 quod
1164 738 1267 775 non
1298 730 1381 774 est
1426 723 1643 775 bonum.
1678 722 1971 774 Pessimum
2004 727 2089 790 est

509 789 877 860 peccatoribus
908 794 957 847 in
989 789 1151 846 unum
1180 792 1488 855 convenire,
1518 808 1637 844 cum
1670 798 1912 857 peccant.
1939 789 2085 843 Multi

506 864 610 915 cibi
642 864 933 926 impediunt
978 864 1316 926 cliaritatem,
1354 871 1407 915 et
1438 861 1819 915 incontinentia
1845 860 2084 913 ciborum

506 930 833 986 immundum
1101 932 1367 1003 hominem
1416 932 1635 987 faciunt.
1681 930 1793 1003 Non
1835 930 1965 997 cibi,
1998 932 2086 997 qui

507 1016 604 1069 per
631 1019 689 1055 os
722 1002 1040 1065 inferuntur,
1066 1003 1306 1069 pollnunt
1340 1002 1627 1065 hominem,
1659 1002 1751 1055 sed
1782 1016 1843 1053 ea
1873 1016 1993 1067 qua!
2022 1016 2087 1055 ex

506 1073 661 1125 malis
704 1075 939 1127 moribus
988 1073 1346 1140 proferuntur.
1393 1074 1463 1124 tia
1507 1073 1699 1139 excipe
1743 1088 1769 1122 a
1808 1072 1935 1133 Deo,
1969 1086 2088 1137 qua:

508 1147 751 1206 accipere
793 1146 860 1197 ab
907 1145 1119 1197 homine
1160 1158 1262 1195 non
1299 1154 1467 1207 potes.
1519 1143 1701 1194 Melius
1731 1152 1812 1195 est
1861 1142 2087 1200 lapidein

506 1213 700 1266 frustra
727 1214 933 1279 jactare
959 1230 1116 1281 quam
1149 1213 1385 1268 verbum.
1426 1213 1606 1266 Brevis
1649 1213 1749 1264 erit
1798 1214 1847 1263 in
1880 1226 2089 1264 sermo-

504 1284 663 1335 nibus
707 1287 922 1352 sapiens
953 1285 1002 1337 in
1030 1284 1255 1351 judicio,
1290 1283 1567 1350 imperitia:
1598 1292 1677 1334 est
1722 1283 1871 1349 longa
1893 1296 2090 1352 narra-

505 1357 598 1405 tio.
634 1354 761 1407 Cum
814 1370 981 1419 pr:ees
1026 1355 1352 1416 hominibus,
1395 1364 1662 1405 memento
1692 1354 1815 1419 quia
1867 1351 1959 1403 tibi
2008 1360 2092 1405 est

508 1423 669 1487 Deus,
704 1434 756 1476 et,
780 1425 1025 1490 judicans
1059 1424 1321 1482 homines.
1350 1425 1482 1474 scito
1514 1423 1633 1488 quia
1668 1432 1719 1473 et
1751 1424 1863 1485 ipse
1890 1421 2089 1487 judica—

500 1493 653 1545 beris
676 1512 700 1545 a
737 1495 863 1549 Deo.
897 1494 1025 1547 Cole
1069 1494 1360 1559 sapientem
1401 1494 1599 1556 virum,
1628 1493 1777 1559 quasi
1806 1492 2087 1559 imaginem

511 1563 601 1615 Dei
636 1564 884 1619 viventi“.
916 1564 1127 1616 Nullum
1182 1573 1460 1630 propterea
1504 1565 1754 1625 honores,
1800 1562 1885 1625 qui
1933 1563 2091 1616 habet

506 1636 703 1686 inultas
744 1635 1022 1702 perunias;
1056 1633 1275 1686 diflicile
1307 1642 1385 1685 cst
1436 1633 1654 1685 divitem
1698 1632 1912 1702 salvari.
1947 1633 2090 1684 Nun-

2188 450 2402 507 percata
2452 456 2570 503 sna,
2602 458 2722 510 quae
2764 459 2944 507 nosse,
2982 456 3036 499 et
3078 445 3277 499 deﬂere
3315 442 3495 505 debet,
3536 444 3770 508 ignorat,

2186 511 2418 578 qnaiidiu
2457 513 2702 567 curiosus
2741 514 2911 569 aliena
2953 516 3290 574 considerat,
3323 513 3461 579 quod
3508 512 3552 566 si
3593 529 3780 569 mores

2187 595 2325 653 suos
2346 580 2413 653 ad
2458 595 2521 653 se
2565 582 2737 646 ipsum
2782 598 3076 639 conversus
3125 585 3363 653 aspiciat,
3396 598 3500 653 non
3546 586 3778 649 requirit

2187 650 2326 722 quod
2356 650 2409 703 in
2440 652 2891 722 aliisspecialiler
2922 650 3297 721 reprehendat,
3322 653 3443 722 quia
3477 652 3529 705 in
3564 668 3625 706 se
3652 657 3777 719 ipso

2190 718 2348 793 habet
2390 722 2531 793 quod
2564 721 2772 790 lugeat:
2803 718 3023 793 proinde
3062 723 3285 778 fratrum
3329 718 3633 776 nostromin
3665 718 3774 776 tion

2189 786 2349 843 facile
2372 786 2929 855 debemus'accus'are,
2962 796 3051 848 sed
3078 810 3310 861 gemere.
3343 795 3452 845 Illis
3472 795 3613 845 enim
3637 810 3777 859 quo—

2191 874 2305 931 rum
2337 870 2549 925 peccata
2575 864 2801 917 humana
2834 866 3022 917 notitia
3055 866 3239 925 latent.
3266 878 3363 917 nec
3391 863 3458 916 ab
3486 861 3613 931 ipsis
3640 879 3779 917 con-

2191 930 2349 999 fessa,
2375 944 2473 984 nec
2503 932 2571 984 ab
2597 933 2717 986 aliis
2741 935 3025 999 publicata,
3052 936 3093 988 si
3117 951 3177 989 ea
3209 934 3448 988 confiteri
3474 930 3551 986 vel
3576 947 3777 987 einen-

2190 998 2320 1071 dare
2352 1002 2647 1065 noluerint,
2686 998 2883 1068 Deum,
2924 1021 3079 1071 quem
3118 1006 3312 1058 habent
3344 1013 3562 1066 testem,
3595 1005 3773 1069 ipsum

2192 1070 2417 1121 habituri
2470 1082 2591 1124 sunt
2640 1082 2694 1125 et
2744 1070 2991 1129 ultorem.
3037 1074 3471 1127 Contumeliosus
3517 1082 3635 1137 est,
3676 1074 3773 1139 qui

2191 1141 2755 1215 iiieiiilaciterarguit;
2799 1156 2849 1195 et
2880 1146 3204 1198 mendaciter
3232 1145 3425 1215 arguit,
3457 1144 3545 1211 qui
3575 1156 3772 1215 contu-

2192 1210 2403 1261 meliam
2450 1211 2591 1263 fat-it.
2638 1215 2868 1267 Securus
2910 1218 3102 1282 quippe
3152 1210 3372 1274 malitia,
3405 1210 3490 1277 qui
3530 1212 3771 1267 caelestia

2192 1282 2496 1351 noiibahet,
2535 1293 2739 1335 terrena
2772 1294 2986 1338 strenue
3020 1286 3368 1338 militantibus
3393 1293 3627 1351 praestat.
3662 1282 3772 1336 Illae

2193 1350 2347 1403 nobis
2378 1360 2499 1403 sunt
2530 1353 2827 1406 ambit-nili-
2874 1355 3093 1411 divitiai,
3129 1370 3245 1421 quae
3286 1350 3615 1406 nos’ornare
3646 1368 3775 1419 pos—

2192 1430 2315 1492 sunt
2361 1421 2577 1485 pariter,
2611 1432 2665 1475 et
2710 1424 2950 1490 munire;
2982 1434 3195 1490 propter
3226 1425 3324 1478 hoc
3368 1423 3525 1491 igitur
3559 1422 3640 1476 eis
3679 1424 3774 1492 qui

2195 1490 2422 1561 militant
2473 1495 2578 1544 Deo
2619 1494 2878 1560 fugiendie
2923 1504 3081 1559 sunt;
3112 1510 3243 1561 quas
3284 1490 3498 1546 divitias
3547 1508 3613 1545 ex
3660 1490 3775 1546 toto

2192 1559 2357 1612 corde
2387 1561 2476 1628 qni
2522 1559 2719 1616 habere
2754 1566 2954 1628 volunt,
2986 1568 3103 1617 sine
3132 1559 3326 1617 labore
3356 1579 3459 1615 non
3504 1574 3771 1629 qiizrrunt,

2193 1629 2309 1681 sine
2334 1632 2645 1684 dilticuliate
2669 1650 2771 1685 non
2797 1634 3094 1700 inveniunt,
3113 1636 3227 1688 sine
3249 1650 3373 1687 cura
3401 1650 3503 1687 non
3530 1645 3771 1698 servant,

506 1713 661 1779 qnam
707 1701 812 1757 eris
858 1706 1090 1779 sapiens,
1124 1705 1166 1779 s_i
1202 1713 1251 1755 te
1302 1704 1570 1779 putaveris
1609 1701 1927 1779 sapientein.
1961 1709 2085 1754 Ura.
2126 1722 2167 1779 Β
2195 1715 2311 1751 sine
2357 1704 2512 1779 anxia
2566 1702 2917 1779 delectatione
2964 1720 3066 1779 non
3110 1706 3401 1779 pOSsideiit,
3431 1704 3546 1779 sine
3587 1706 3775 1779 dolore

506 1773 705 1826 tionem
740 1791 842 1826 non
871 1776 1087 1827 exaudit
1134 1774 1271 1826 Deus
1302 1772 1536 1826 hominis
1577 1776 1665 1840 qui
1709 1788 1932 1840 egenum
1984 1787 2088 1826 non

505 1845 741 1897 exaudit.
782 1845 879 1911 Qui
923 1845 1147 1912 sapienti
1180 1859 1284 1897 non
1328 1844 1682 1911 obtemperat,
1713 1858 1813 1898 nec
1855 1844 1963 1896 Deo
1992 1846 2089 1894 oh-

507 1916 846 1980 tenipciahit.
880 1916 1030 1980 Quod
1060 1931 1163 1967 non
1200 1914 1446 1982 posuisn,
1478 1929 1580 1967 non
1614 1913 1792 1977 tollas,
1823 1916 1915 1982 sed
1942 1912 2091 1965 sufti-

504 1986 647 2037 ciaitt
673 1986 762 2037 tibi
792 2002 907 2051 qua:
944 1996 1030 2037 tua
1062 1981 1212 2041 sunt.
1238 1985 1625 2037 'I'emulentiain
1657 1984 1806 2051 quasi
1837 1981 2090 2036 infamem

506 2054 649 2120 fuge,
698 2056 817 2123 quia
862 2055 949 2122 qni
996 2056 1165 2109 ventii
1208 2054 1397 2107 belline
1447 2054 1638 2106 similis
1685 2062 1785 2114 est,
1843 2053 2089 2106 vincitur.

508 2127 774 2187 Quantum
825 2126 1034 2179 laboras
1070 2139 1163 2193 pro
1204 2139 1449 2191 corpore,
1484 2124 1527 2176 si
1558 2132 1758 2176 tantum
1793 2139 1885 2189 pro
1915 2127 2091 2176 anima

508 2195 736 2257 laboras,
784 2199 997 2262 sapiens
1044 2196 1172 2249 eris.
1222 2194 1604 2261 Philosophum
1648 2194 1939 2258 hominem,
1981 2202 2094 2246 tan-

507 2281 664 2330 qnain
703 2266 791 2318 Dei
825 2269 1149 2329 ministrum,
1192 2266 1391 2318 honora
1425 2273 1543 2328 post
1573 2266 1757 2317 Deum.
1791 2264 2094 2318 Miiiistrare

506 2337 625 2388 aliis
653 2337 838 2389 melins
872 2352 1028 2405 quam
1062 2334 1355 2405 ministrari
1389 2334 1457 2387 ab
1494 2336 1635 2405 aliis.
1673 2334 1861 2388 Melius
1889 2344 1971 2388 est
2002 2351 2095 2399 per

506 2408 701 2458 laniem
734 2404 897 2472 mori,
920 2422 1076 2476 quam
1124 2421 1219 2474 per
1262 2404 1702 2476 incontinentiam
1745 2407 1946 2459 ventris
1980 2405 2095 2457 ani-

509 2490 649 2528 iiiam
680 2474 971 2531 maculare.
1000 2476 1232 2530 Verbum
1265 2477 1331 2529 de
1357 2474 1465 2527 Deo
1487 2478 1573 2542 qui
1603 2476 1837 2543 loquitur
1868 2476 1948 2530 his
1970 2478 2091 2544 qni-

508 2544 604 2596 hus
632 2562 735 2599 non
785 2547 929 2608 licet,
964 2549 1204 2613 proditor
1256 2546 1350 2599 Dei
1408 2545 1670 2611 putandus
1708 2554 1810 2598 est.
1849 2546 1963 2598 Non
2014 2554 2095 2598 est

508 2629 692 2668 verum
724 2618 862 2683 quod
892 2618 1055 2670 Deuin
1091 2616 1254 2677 Colat,
1284 2615 1371 2683 qui
1405 2613 1677 2668 hominem
1710 2616 1872 2668 laedit.
1908 2615 2094 2669 Melius

507 2694 589 2735 e~t
622 2688 753 2738 nihil
785 2688 982 2740 habere
1010 2702 1164 2752 quam
1200 2686 1364 2738 multa
1413 2686 1697 2738 habentem
1752 2686 1947 2739 nemini
1992 2689 2091 2737 im-

511 2758 728 2825 pertire.
758 2758 814 2809 Si
844 2772 949 2809 non
989 2757 1086 2809 das
1110 2755 1410 2824 egentibus,
1443 2769 1561 2809 cum
1596 2754 1790 2825 possis,
1823 2771 1927 2810 non
1954 2755 2093 2810 acci-

509 2823 626 2891 pies
654 2840 682 2879 a
718 2827 845 2894 Deo,
872 2842 991 2881 cuiu
1022 2823 1276 2896 posmlas.

581 2937 709 2992 CAP.
743 2939 979 2994 XXXIII.
1010 2972 1083 2983 —
1112 2938 1421 2995 Testinioni'a
1471 2940 1533 2993 de
1582 2938 1709 2994 libro
1756 2937 2021 3010 Prosperi.

584 3031 633 3082 l.
668 3031 720 3086 Si
754 3048 837 3086 ine
868 3048 982 3087 mea
1017 3035 1286 3088 rusticitas
1315 3032 1545 3087 faciebat
1573 3033 1883 3095 invalidum,
1917 3043 2090 3087 vestra

511 3100 625 3152 fieri
677 3103 877 3156 credidi
912 3104 1035 3168 fide,
1077 3104 1166 3170 qui
1194 3104 1481 3169 jnbebatis,
1532 3104 1804 3158 idoneum.
1834 3076 2089 3158 Necessa.
2124 3073 2168 3135 (ἶ

512 3170 706 3223 riaruiii
739 3175 983 3226 tractatio
1011 3175 1365 3241 quaestionum
1397 3178 1495 3229 etsi
1546 3188 1651 3227 non
1698 3175 1925 3227 instruet
1950 3178 2096 3228 inve~

509 3242 708 3312 iiieiiiis
737 3245 877 3309 quod
916 3246 1109 3312 quierit
1154 3245 1416 3307 animum,
1447 3256 1662 3297 exercet
1692 3248 1915 3298 salutem
1948 3261 2093 3311 qua:—

509 3311 679 3364 retitis
706 3311 1000 3380 ingenium.
1044 3312 1300 3381 Scientia,
1330 3316 1469 3369 sicut
1494 3315 1611 3369 sine
1640 3314 1781 3368 dono
1807 3314 1922 3378 Dei,
1955 3314 2095 3382 quod

508 3391 591 3451 est
635 3384 892 3451 cliaritas,
943 3384 1112 3449 iiillat,
1159 3385 1254 3448 ita,
1287 3387 1330 3439 si
1367 3386 1414 3438 ei
1457 3384 1691 3439 cliaritas
1720 3385 2093 3449 admisceatur,

509 3450 758 3505 mdilicat.
801 3455 890 3508 Sic
933 3457 1000 3509 ab
1047 3456 1243 3523 iniquis
1270 3456 1399 3524 justi
1440 3457 1670 3523 separati
1700 3465 1826 3509 sunt
1859 3456 1909 3508 in
1940 3468 2095 3509 teter-

512 3536 665 3594 tium,
713 3531 771 3574 ιιι
802 3540 900 3578 nec
930 3525 1041 3593 jam
1089 3527 1411 3579 reiiiunerati
1444 3530 1722 3594 praemium
1758 3525 1965 3587 finiant,
2000 3540 2098 3580 nec

509 3590 747 3645 damnati
781 3590 1123 3661 supplicium.
1158 3597 1305 3649 Sicut
1333 3590 1476 3649 enim
1507 3596 1799 3663 corporalis
1832 3605 2096 3663 saturitas

510 3677 700 3734 tlltzlll‘S
732 3678 944 3717 saturos
974 3669 1251 3734 aequaliter
1282 3665 1464 3729 habet,
1517 3662 1759 3733 quamvis
1799 3662 1992 3731 singuli
2022 3668 2098 3719 ci-

511 3730 630 3803 bos,
676 3748 779 3787 non
823 3730 1122 3802 aiqualiter,
1167 3736 1260 3789 sed
1314 3751 1409 3803 pro
1449 3730 1801 3803 possibilitate
1843 3750 2096 3803 percepe-

510 3802 645 3861 t‘itit;
684 3805 753 3855 ita
785 3821 971 3859 omnes
1010 3807 1199 3869 sancti,
1229 3816 1282 3861 et
1313 3802 1356 3859 Si
1390 3802 1587 3860 fuerint
1621 3808 1796 3875 aliqua
1835 3802 2095 3871 graduum

510 3885 729 3925 snornin
763 3876 1079 3931 diversitate
1108 3875 1364 3941 distincti,
1394 3892 1582 3931 omnes
1628 3892 1727 3930 una
1768 3876 2098 3930 beatitudine

513 3943 743 4016 perfecti
762 3958 939 4011 erunt,
980 3949 1099 4016 quia
1149 3957 1204 4001 et
1250 3963 1352 4000 una
1406 3946 1727 4015 perfectione
1767 3948 1904 4000 beati
1936 3946 2095 4000 futuri

511 4022 656 4065 sunt.
702 4014 811 4068 Nec
854 4033 881 4068 a
928 4014 1082 4071 nobis
1134 4020 1185 4071 in
1229 4018 1369 4070 diem
1396 4014 1578 4085 judicii
1617 4019 1777 4071 verba
1809 4018 2095 4085 quaerenda

513 4094 659 4145 stitit,
699 4085 792 4137 sed
846 4102 1029 4147 opera.
1079 4090 1174 4153 Qui
1224 4105 1327 4140 non
1358 4088 1665 4153 crediderit,
1713 4102 1816 4140 non
1852 4086 2099 4140 habendo

517 4152 699 4227 Iidem,
733 4170 829 4227 nec
872 4156 1134 4226 justitiam
1183 4160 1361 4211 cordis
1395 4159 1590 4213 habere
1630 4152 1843 4227 poteiit,
1871 4171 1970 4210 nec
2012 4172 2099 4209 sa-

514 4224 702 4301 lutent.
736 4223 1287 4301 Taiii'gravisuscrino
1315 4229 1471 4281 debet
1492 4245 1612 4301 esse
1631 4223 2012 4301 'potitiiicis,_ut_
2031 4230 2098 4283 ab

514 4293 864 4367 intelligi-tilia
894 4293 974 4349 sui
1005 4298 1206 4364 niillns,
1233 4301 1474 4364 quamvis
1499 4293 1797 4367 imperitus,
1826 4299 2091 4351 excludat.

512 4362 655 4417 Sana
685 4382 834 4417 mens
866 4362 1324 4433 incorporalnliter
1347 4362 1589 4435 amplius
1618 4367 1936 4422 obedientia:
1988 4373 2095 4421 Iru-

2197 1786 2318 1844 non
2338 1774 2581 1844 perdunt.
2612 1774 2713 1837 Qiti
2743 1776 2912 1827 otiosa
2938 1777 3113 1844 quiete
3146 1778 3453 1843 perfruitur,
3487 1775 3584 1826 ιιὶμι
3616 1776 3773 1840 spiri—

2197 1842 2407 1911 tiialitcr
2441 1840 2650 1903 viterit,
2684 1860 2830 1897 more
2864 1840 3123 1911 pec-udum
3146 1840 3302 1899 ivivit.
3338 1845 3506 1898 Nemo
3538 1845 3775 1911 possidet

2195 1910 2383 1982 Deum,
2420 1912 2518 1963 nisi
2552 1913 2638 1980 qni
2693 1910 2991 1981 possidetur
3031 1930 3059 1966 a
3095 1916 3233 1980 Deo;
3263 1917 3331 1967 sit
3373 1918 3482 1982 ipse
3532 1910 3775 1980 prinii‘us

2198 1981 2289 2032 llei
2325 1983 2613 2053 possessio,
2640 1993 2695 2035 tit
2724 1985 2988 2037 efliciatnr
3017 1986 3065 2039 ei
3095 1987 3233 2039 Deus
3257 1986 3546 2053 posses~io,
3570 1994 3623 2037 et
3653 2002 3773 2051 por-

2196 2059 2291 2123 tio.
2317 2052 2566 2123 Omnium
2612 2056 2881 2119 conditor,
2916 2057 2997 2109 cui
3040 2056 3170 2109 nihil
3212 2052 3384 2123 potest
3428 2070 3611 2107 eorum
3654 2071 3776 2120 qua:

2196 2119 2329 2193 fecit
2360 2122 2592 2193 aequari,
2626 2140 2728 2177 non
2778 2126 3023 2193 dignatur
3068 2119 3321 2178 cuin-liis
3369 2140 3487 2192 qnze
3535 2119 3776 2178 condidit

2193 2191 2474 2262 possideri.
2496 2194 2595 2255 Qui
2618 2194 2724 2246 vult
2749 2191 2911 2247 Deum
2940 2196 3234 2262 possidere,
3258 2191 3525 2247 renuntiet
3550 2197 3772 2257 iiiuiido,

2194 2270 2250 2311 nt
2278 2260 2357 2333 sit,
2385 2262 2456 2313 illi
2492 2264 2631 2315 Deus
2680 2266 2830 2316 beata
2875 2260 3158 2333 possessio.
3197 2263 3289 2318 Dei
3326 2279 3455 2330 Opus
3495 2268 3634 2330 agit.
3678 2268 3769 2332 qui

2194 2344 2279 2403 res
2326 2331 2441 2403 Deo
2489 2346 2830 2386 consecratas
2875 2331 2977 2387 non
3028 2336 3254 2403 alicujus
3297 2335 3618 2401 cupiditatis,
3672 2331 3772 2387 sed

2196 2401 2518 2453 Iidelissinne
2565 2404 2982 2471 dispensationis
3041 2401 3332 2459 intentione
3389 2421 3494 2456 non
3549 2404 3767 2457 dese-rit.

2192 2476 2527 2543 Quapropter
2571 2477 2958 2540 possessiones,
2988 2491 3118 2543 quas
3159 2476 3360 2528 ablatas
3389 2488 3418 2525 a
3450 2475 3648 2541 pepulo
3682 2490 3773 2528 su-

2193 2541 2423 2614 scipiunt
2454 2547 2781 2606 sacerdotes,
2814 2562 2916 2597 non
2964 2541 3086 2599 sunt
3126 2546 3235 2614 ja-tl
3289 2558 3375 2598 res
3419 2544 3598 2597 mundi
3648 2558 3770 2598 ere-

2194 2610 2400 2674 deiidte,
2420 2614 2510 2664 sed
2536 2614 2643 2665 Dei.
2676 2614 2790 2667 Non
2816 2617 2933 2668 ideo
2957 2610 3339 2669 erubescebant
3366 2616 3528 2666 Adam
3556 2624 3609 2668 et
3636 2615 3770 2674 Eva,

2193 2682 2312 2747 quia
2355 2694 2499 2736 veste
2540 2694 2692 2736 erant
2730 2688 3062 2739 extriiiseciis
3105 2686 3325 2755 protecti
3364 2683 3579 2749 divini;
3620 2686 3771 2755 deni-

2193 2765 2297 2818 que
2322 2763 2442 2804 ante
2465 2764 2735 2820 peccatum
2768 2756 2893 2808 nudi
2924 2768 3105 2819 erant,
3137 2766 3191 2807 et
3219 2771 3324 2808 non
3355 2754 3766 2819 eruliescebint,

2194 2823 2314 2887 quia
2356 2824 2483 2874 nihil
2524 2837 2707 2876 contra
2748 2828 3073 2879 voluntatem
3123 2826 3249 2891 Dei,
3286 2825 3428 2877 unde
3471 2824 3769 2877 confunde-

2194 2902 2399 2956 ientur,
2450 2893 2797 2948 admiserant.
2836 2895 2948 2948 Non
2999 2897 3157 2961 igitur
3204 2912 3231 2948 a
3284 2904 3526 2948 Creatore
3573 2911 3670 2948 suo
3717 2898 3770 2946 iii

2196 2974 2492 3015 creatniain
2541 2964 2831 3042 divinitats
2878 2965 3159 3042 aliet'tioite
3213 2966 3481 3032 collapsus
3519 2973 3773 3042 move-et

2198 3043 2379 3096 aperta
2408 3036 2861 3101 Cnitcnpiscentia,
2895 3036 2995 3089 nisi
3026 3052 3118 3090 eos
3148 3045 3274 3090 ante
3319 3036 3645 3103 coi'rupisset
3675 3047 3769 3088 oc.

2199 3103 2335 3153 culta
2364 3104 2630 3169 snpeibia.
2665 3107 3102 3173 (.‘oncupiscentia
3131 3108 3308 3159 carnis
3346 3105 3411 3157 ab
3441 3120 3518 3158 eis
3556 3106 3772 3170 impleta

2195 3182 2297 3233 est,
2324 3176 2460 3238 quod
2484 3174 2553 3226 de
2581 3175 2719 3241 ligno
2751 3180 2910 3227 vetito
2939 3187 3312 3243 gnstaverunt;
3338 3175 3770 3239 concupiscentia

2197 3246 2502 3314 Oculorum,
2553 3243 2694 3310 qnod
2733 3246 2833 3298 sibi
2876 3262 3085 3314 aperire
3126 3248 3309 3300 oculos
3354 3255 3672 3311 cupieiunt;
3717 3256 3772 3298 et

2197 3311 2416 3384 ambitio
2458 3315 2639 3367 saeculi
2664 3355 2678 3377 ,
2710 3316 2850 3381 quod
2894 3311 2952 3370 se
2996 3317 3110 3369 tieri
3159 3330 3313 3383 posse
3348 3316 3490 3384 quod
3523 3314 3663 3368 Deus
3690 3325 3774 3369 est

2197 3381 2560 3437 crediderunt.
2596 3385 2807 3439 Dulcior
2833 3387 2972 3439 enim
3023 3386 3082 3440 lit
3124 3381 3289 3449 salus,
3322 3381 3443 3439 cum
3488 3387 3638 3438 dolor
3672 3400 3774 3439 ex-

2196 3455 2399 3505 cruciat
2444 3463 2499 3525 et
2549 3455 2795 3509 sanitatis
2842 3460 3053 3510 amissa:
3106 3455 3442 3510 dulcedinem
3500 3456 3773 3525 languoris

2195 3523 2495 3576 amaritudo
2530 3526 2889 3579 commendat.
2920 3526 3087 3580 Adam
3129 3542 3225 3580 nos
3266 3523 3771 3580 obnoxiavit'tualis

2196 3594 2444 3665 omnibus
2477 3608 2568 3665 per
2599 3597 2864 3661 propriam
2895 3598 3128 3661 culpam,
3158 3597 3353 3665 quibus
3398 3610 3494 3649 nos
3527 3596 3773 3649 liberavit

2197 3663 2461 3734 adventus
2504 3662 2700 3718 Christi
2749 3680 2840 3733 per
2880 3671 3121 3734 gratiam.
3161 3662 3370 3720 Deliciae
3415 3667 3692 3733 quislibet,
3723 3665 3769 3718 si

2199 3732 2400 3801 absque
2428 3734 2693 3788 desiderio
2725 3732 3104 3805 percipiantur.
3133 3737 3393 3800 officiunt,
3416 3732 3471 3789 et
3499 3738 3631 3789 viles
3661 3736 3768 3788 cibi

2202 3805 2877 3881 pleiuniqueabstinentiie
2919 3808 3214 3881 profectui,
3256 3810 3300 3859 si
3331 3816 3644 3881 appetenth
3680 3821 3773 3859 ac-

2198 3874 2480 3941 cipiantur,
2514 3874 2830 3942 impediunt.
2855 3877 3123 3930 lulirinnni
3154 3874 3485 3931 stomachum
3516 3877 3769 3928 modeiao

2200 3950 2284 4015 tus
2326 3959 2453 3997 usus
2485 3948 2591 4015 viiii
2623 3947 2911 4015 contonat,
2942 3949 3171 4001 ebrietas
3199 3948 3432 3999 animum
3462 3962 3768 4015 corpusque

2199 4013 2460 4066 debilitat.
2492 4014 2635 4068 Nihil
2665 4030 2849 4071 contra
2891 4013 3265 4072 abstinentiam
3311 4018 3537 4079 faciunt,
3564 4033 3652 4083 qui
3682 4013 3768 4070 ιι-

2200 4098 2324 4155 tium
2358 4100 2459 4137 non
2505 4101 2597 4150 pro
2625 4086 2907 4155 ebrietate,
2928 4088 3020 4142 sed
3052 4098 3252 4141 tantum
3282 4103 3375 4155 pro
3405 4090 3651 4153 corporis
3684 4103 3771 4139 sa-

2201 4153 2310 4206 lnte
2345 4158 2660 4221 pcicipiuut,
2695 4172 2794 4211 nec
2826 4153 2925 4212 hoc
2949 4162 3027 4211 eis
3054 4162 3209 4212 oll‘ei-t
3237 4153 3498 4225 voluptas,
3528 4161 3623 4209 sed
3649 4173 3770 4222 per-

2201 4226 2670 4281 tiiittiiiiiliruiitas.
2690 4225 2745 4281 Si
2768 4242 2907 4281 enim
2930 4228 3193 4296 quoslibet
3209 4226 3771 4295 advenieiitesjejuuio

2202 4296 2506 4348 intermis'so
2539 4299 2742 4362 relicio,
2773 4315 2877 4351 non
2907 4300 3078 4351 solum
3104 4298 3313 4367 jejuno,
3343 4299 3435 4351 sed
3462 4302 3768 4362 exemplum

2200 4367 2471 4417 cliaritatis
2514 4367 2710 4420 ellicin.
2743 4367 3005 4422 Caeterum
3048 4369 3091 4421 si
3139 4379 3350 4437 propter
3390 4368 3767 4421 abstinentiam

512 4448 655 4508 cium
685 4435 841 4489 debet
880 4429 1153 4508 appiiteie,
1183 4453 1341 4507 quam
1374 4429 1541 4491 vitare
1570 4438 1777 4508 injustas
1824 4438 2091 4492 obtrecta-
2126 4429 2178 4489 D
2203 4438 2506 4500 Spirituales
2534 4438 2745 4501 fratres,
2777 4454 2909 4507 quos
2938 4438 3099 4508 306
3128 4429 3271 4502 novi,
3297 4452 3415 4492 mea
3447 4438 3769 4491 remissione

514 4504 677 4578 tionis
705 4505 1043 4573 (ιριιι-υιιίιιηι.
1090 4504 1223 4562 Cum
1266 4509 1458 4561 veritas
1503 4504 1852 4578 undecunque
1894 4510 2093 4562 clama-

514 4575 676 4648 verit,
702 4591 805 4648 non
849 4581 919 4630 sit
966 4579 1178 4648 ingenio
1211 4584 1440 4631 humano
1467 4575 1790 4647 deputanda,
1820 4580 1914 4633 sed
1958 4578 2088 4634 Deo.

512 4645 843 4699 Uliedieiitiie
883 4663 946 4700 ac
996 4645 1262 4716 patientiae
1314 4653 1506 4704 virtute
1541 4645 1781 4711 lutltluti,
1833 4650 2091 4717 majorum

513 4731 734 4768 suorum
783 4732 886 4769 non
936 4719 1231 4773 discutiunt
1271 4724 1577 4783 constituta,
1626 4725 1719 4775 sed
1765 4718 1981 4772 faciunt.
2014 4722 2092 4774 Ad

518 4786 1005 4860 I'acicmpublicain
1039 4793 1300 4857 patienter
1329 4789 1435 4859 jam
1466 4794 1689 4860 I‘ugiunt,
1722 4801 1777 4843 et
1818 4791 1868 4842 in
1913 4790 2095 4844 animo

516 4856 805 4911 iracundia:
850 4860 994 4912 virus
1037 4856 1392 4925 abscondunt,
1438 4862 1502 4913 ad
1525 4856 1849 4914 'iioceiidiiin
1901 4863 2089 4926 parati,

514 4941 635 4978 cum
682 4930 906 4981 nocendi
949 4937 1157 4997 tempus
1206 4931 1522 4983 invenerint.
1576 4931 1665 4985 Sic
1712 4932 1872 4983 debet
1919 4932 2094 4984 omnis

519 4997 702 5059 homo,
750 5001 908 5053 modo
944 5003 1210 5063 docendo,
1242 5002 1397 5053 modo
1425 5004 1777 5061 exhortando,
1810 5002 1966 5051 modo
2006 5016 2095 5051 su-

518 5068 804 5139 stinendo,
859 5073 1017 5122 modo
1082 5074 1446 5139 increpando,
1502 5088 1674 5123 curari
1744 5082 1791 5123 tit
1844 5073 1942 5122 sub
1995 5085 2096 5138 0pc

516 5137 716 5191 Christi
758 5141 933 5194 nullus
968 5146 1037 5194 de
1085 5137 1257 5195 salute
1305 5142 1357 5194 iii
1410 5146 1508 5194 hac
1536 5143 1637 5193 vita
1683 5143 1874 5193 debeat
1912 5137 2097 5207 despe-

517 5222 660 5262 rare.
704 5212 893 5280 Argue,
941 5213 1167 5275 obsecra,
1216 5214 1422 5278 increpa
1465 5215 1516 5263 in
1560 5212 1695 5263 omni
1736 5212 1999 5277 patientia,
2051 5220 2096 5262 et

517 5280 788 5352 doctrina,
839 5283 990 5349 quasi
1037 5284 1260 5345 diceret,
1309 5298 1473 5352 argue
1529 5286 1848 5351 coaequales,
1874 5286 2093 5333 obsecra

517 5350 797 5421 seniores,
846 5353 1057 5421 inerepa
1101 5350 1629 5421 λυυιυτωᾙιυυιιυτ
1666 5350 1964 5418 Castigatus
2007 5368 2098 5404 cx-

519 5417 667 5489 ltihet
720 5417 1069 5476 reverentiam
1101 5417 1411 5484 vcestigaiiti
1446 5462 1460 5485 ,
1518 5417 1857 5489 aspeiitatein
1917 5433 2097 5475 antem

519 5487 681 5559 305
714 5496 914 5562 inania:
966 5494 1339 5562 increpationis
1381 5487 1644 5555 olleiisns,
1700 5510 1798 5545 nec
1854 5495 2098 5559 increpa-

522 5567 599 5609 tto
654 5561 815 5627 (sic),
878 5578 973 5615 nec
1029 5561 1277 5618 s..lutciii.
1338 5564 1531 5618 litanda
1600 5565 1792 5630 pietate
1853 5564 2096 5629 portandi

524 5639 680 5691 δυηιο
714 5633 801 5703 qui
839 5634 1099 5703 iiiciepaii
1150 5652 1244 5700 pio
1284 5651 1377 5689 sua
1421 5638 1781 5701 increpatione
1830 5650 1932 5686 tton
1979 5648 2099 5699 pos-

526 5708 651 5751 Siiit.
701 5700 843 5752 Sicut
892 5702 1050 5755 viitns
1102 5720 1322 5759 Otlt‘l'UziI
1387 5715 1468 5759 cst
1519 5719 1741 5769 vitioso,
1774 5710 1841 5757 ita
1895 5706 2100 5757 virtutis

2195 4507 2462 4559 delectare
2483 4509 2760 4571 cotilristo,
2786 4507 3101 4562 abstinentia
3128 4524 3242 4562 mea
3271 4524 3375 4562 non
3404 4518 3487 4561 est
3514 4508 3765 4569 dicenda,

2194 4580 2289 4629 Sed
2320 4577 2524 4628 vitium.
2552 4577 2701 4631 Sient
2731 4578 2897 4631 virtus
2918 4594 3153 4632 animum
3181 4578 3283 4632 Sibi
3308 4577 3563 4631 veraciter
3593 4578 3766 4631 iuliae-

2195 4656 2423 4709 rentein,
2456 4648 2498 4700 si
2532 4647 2692 4701 fuerit
2735 4665 2878 4714 vera,
2919 4648 3198 4717 jiistilicat,
3247 4650 3313 4700 ina
3344 4649 3587 4701 simulata
3636 4663 3768 4699 coii-

2194 4718 2429 4769 deinnat.
2461 4718 2574 4770 Non
2606 4728 2784 4785 potest
2828 4735 2979 4772 mens
3009 4735 3224 4785 regnent
3260 4719 3455 4771 habere
3484 4720 3765 4781 virtutum,

2195 4787 2295 4857 nisi
2323 4787 2506 4856 juguin
2540 4804 2687 4857 prius
2716 4792 3011 4843 excusserit
3040 4788 3303 4842 vitiorum.
3329 4789 3524 4841 Tantos
3554 4788 3768 4841 iiiVnIus

2196 4855 2352 4927 habet
2385 4855 2725 4926 justa‘poena
2776 4870 3029 4926 tortores,
3062 4872 3287 4927 Quantos
3334 4858 3627 4913 invidiosus
3668 4862 3766 4909 lia-

2194 4926 2369 4979 bnerit
2402 4933 2723 4982 laudatores.
2758 4930 3026 4997 Siquidem
3073 4926 3389 4981 invidiosum
3434 4928 3559 4982 facit
3587 4930 3767 4982 excel-

2198 4998 2377 5059 lentia,
2411 5002 2512 5051 ιιι-ιι
2538 5002 2728 5052 invnlia
2766 5015 2918 5067 pinna
2966 5010 3202 5065 peCcati;
3249 5015 3349 5052 nec
3373 5016 3422 5052 et
3450 5002 3517 5052 ab
3550 5000 3767 5050 homin-2

2199 5078 2371 5134 potest
2414 5070 2651 5122 adhiberi
2696 5072 2985 5123 remedium
3007 5108 3021 5131 ,
3056 5071 3206 5137 cujus
3235 5080 3317 5123 est
3343 5071 3532 5123 vulnus
3571 5073 3767 5122 occul-

2200 5148 2329 5208 tum.
2361 5138 2470 5191 lloc
2495 5143 2637 5192 enim
2670 5141 2953 5208 loquuntur
2992 5141 3189 5206 quique
3214 5144 3355 5208 quod
3398 5142 3645 5207 diligunt,
3668 5139 3769 5193 dc-

2198 5205 2513 5261 leCtahiliter
2539 5205 2753 5262 anditttii
2784 5210 2921 5277 quod
2946 5205 3177 5263 asSidnis
3206 5205 3613 5280 cogitationibus
3646 5213 3763 5261 vol-

2197 5286 2344 5329 vmit.
2378 5280 2640 5346 Cogitatio
2669 5281 2863 5348 quippe
2892 5295 2971 5333 est
3000 5296 3117 5347 qua:
3148 5293 3379 5333 mentem
3426 5283 3563 5333 sicut
3594 5282 3766 5346 turpis

2198 5350 2455 5415 inquinat,
2484 5351 2574 5412 ita,
2593 5352 2638 5403 si
2666 5354 2823 5404 fuerit
2845 5351 3088 5414 honesta,
3112 5352 3366 5419 pni‘iticat.
3393 5349 3507 5404 Non
3533 5350 3764 5403 Sordida:

2197 5429 2542 5486 cogitationes
2567 5431 2794 5474 mentem
2819 5422 3086 5474 sordidam
3110 5421 3359 5486 reddunt,
3377 5426 3471 5474 sed
3494 5436 3559 5475 ex
3584 5432 3763 5474 mente

2198 5491 2410 5543 sordida
2444 5491 2674 5543 sordidae
2703 5492 3050 5559 cogitationes
3077 5494 3332 5544 existant.
3365 5491 3597 5545 Auribus
3617 5494 3762 5543 enim

2200 5564 2359 5612 castis
2384 5562 2602 5613 obsceni
2632 5575 2908 5614 sermones
2935 5577 3057 5613 cum
3085 5577 3217 5613 sono
3245 5563 3520 5623 deliciunt,
3555 5577 3653 5613 nec
3678 5576 3765 5613 se-

2199 5642 2403 5684 cretum
2449 5632 2622 5699 pudici
2652 5636 2826 5685 cordis
2858 5635 3173 5698 irrumpunt.
3207 5631 3307 5685 Per
3346 5646 3407 5684 os
3449 5634 3629 5685 carnis
3658 5647 3767 5685 non

2202 5702 2448 5771 irrumpit
2486 5704 2763 5757 delectatio
2793 5713 2975 5773 gustus
3003 5703 3069 5758 ad
3108 5713 3371 5770 utentem;
3405 5716 3501 5758 uec
3534 5711 3764 5766 erumpit
