4104 6184
322 313 458 368 ill?

1499 303 1789 360 APPEND.
1833 304 1948 360 XII.
1987 334 2056 346 —-
2097 302 2484 360 SERMONES.

3452 307 3584 359 1³213

318 434 498 475 sermo
520 417 686 485 turpis
716 431 778 471 ex
812 424 1009 485 mente,
1033 413 1134 466 nisi
1166 428 1224 467 se
1253 414 1552 485 voluntarie
1584 429 1736 468 mens
1767 423 1893 485 ante
1932 418 1973 474 Α
2006 412 2184 467 Prima
2218 427 2362 466 mors
2392 412 2623 467 animant
2653 411 2924 485 dolentem
2969 422 3106 467 tenet
3141 412 3191 466 in
3235 425 3488 485 corpore,
3516 415 3584 462 ab

316 483 643 557 corrumpat.
671 487 866 557 Eadem
897 483 1122 557 quisque
1153 486 1368 557 nomina
1403 484 1712 557 frequenter
1742 484 1902 557 habet

319 559 372 615 in
402 575 518 622 ore,
539 554 776 626 quorum
804 556 1065 609 desideria
1096 555 1373 607 vulnerato
1413 561 1584 622 gestat
1623 555 1673 626 in
1713 554 1900 626 corde,

318 645 381 682 ac
429 624 847 695 turpitudinem,
897 639 1057 690 quam
1106 639 1360 695 exercere
1410 624 1801 695 verecundatur
1849 625 1902 679 iit

321 698 484 760 facto,
511 693 656 752 tenet
683 708 806 749 rcus
839 696 890 747 in
920 697 1122 757 animo,
1151 709 1255 746 non
1292 693 1524 745 humano
1550 693 1779 759 judicio,
1806 697 1900 749 sed

319 771 526 823 divino.
567 765 948 828 Considerate.
1003 765 1262 827 obsecro,
1316 765 1546 828 qualiter
1594 766 1754 817 invidi
1805 780 1948 830 pu--

321 839 498 893 utendi
552 837 661 890 sint
708 836 862 888 malis
913 835 1055 898 suis,
1104 848 1239 903 quos
1280 833 1444 903 etiam
1489 837 1625 887 bona
1679 837 1906 901 puniunt

323 910 518 964 aliena.
563 905 700 974 Quid
752 906 969 974 prodest
1010 902 1297 974 cuiquam,
1328 905 1372 956 si
1415 902 1688 974 foris,ulii
1733 915 1907 972 potest

323 994 544 1047 magnus
588 973 1123 1047 credipsplcndeat,
1153 984 1208 1028 et
1251 973 1412 1038 intus,
1447 973 1535 1027 ubi
1583 973 1722 1028 Deus
1764 974 1908 1028 videt

321 1045 488 1115 Solus,
530 1045 810 1118 squaleat?

677 1135 808 1190 CAP.
850 1130 1087 1188 XXXIV.
1115 1160 1188 1173 ——
1217 1131 1294 1188 De
1321 1133 1525 1206 jejunio

397 1229 447 1282 ι.
490 1226 722 1294 Jejonia,
769 1225 1132 1288 abstinentim,
1176 1221 1393 1291 vigiliae.
1439 1224 1820 1294 eleemosynae.
1853 1235 1908 1279 et

323 1311 516 1354 caetera
549 1295 854 1366 hujusutodi
898 1309 1109 1366 augere
1135 1294 1333 1366 debent
1371 1295 1590 1366 bonum.
1640 1297 1770 1366 bam
1803 1312 1908 1350 non

325 1370 524 1432 velare,
559 1362 833 1435 peccatum
876 1362 1018 1434 (sic).
1068 1362 1222 1418 Nulla
1265 1379 1352 1417 res
1375 1378 1494 1435 nos
1522 1365 1589 1419 ab
1616 1364 1758 1418 omni
1789 1380 1907 1428 pec-

323 1450 446 1494 cato
487 1433 570 1492 sic
607 1447 786 1492 servat
830 1433 1120 1498 immunes,
1155 1439 1293 1488 sicut
1350 1433 1509 1487 timor
1553 1435 1821 1504 supplicii,
1853 1443 1910 1489 et

325 1525 478 1563 amor
509 1509 636 1571 Dei;
687 1506 813 1561 elati
858 1521 953 1575 per
993 1507 1340 1573 supercilium
1379 1519 1530 1558 vana:
1571 1505 1910 1576 loquacitatis

325 1581 464 1635 dicta
495 1594 589 1633 sua
622 1577 795 1646 magis
822 1577 1041 1645 cupiunt
1072 1576 1276 1646 laudari
1303 1590 1458 1642 quam
1495 1576 1638 1639 fieri;
1661 1591 1759 1630 nec
1784 1587 1910 1630 sunt

325 1655 393 1704 de
416 1646 699 1702 sanctitate
725 1645 926 1710 operis.
957 1645 1051 1699 sed
1084 1645 1153 1698 de
1191 1646 1459 1699 sermonis
1485 1647 1780 1699 elucubrati
1817 1661 1908 1700 ve-

326 1728 541 1774 nustate
589 1716 823 1771 solliciti.
862 1717 938 1770 Ex
981 1731 1044 1770 ea
1075 1715 1218 1769 enirn
1252 1723 1401 1783 parte
1439 1715 1560 1784 quis
1603 1727 1808 1781 peccat,
1838 1733 1902 1770 ex

327 1771 431 1859 qua
464 1789 640 1842 minus
670 1786 840 1859 diligit
877 1771 1331 1859 Deutn,_quetn'._~i
1358 1800 1424 1839 ex
1454 1771 1756 1859 iutocorde
1781 1771 1904 1859 dili-
1940 1771 1983 1829 Β

327 1855 544 1928 guinis,
580 1855 852 1928 nihilerit
895 1856 953 1928 in
984 1857 1154 1928 nobis
1196 1855 1336 1928 unde
1387 1857 1589 1923 peccati
1639 1857 1911 1928 desiderio

327 1925 645 1983 serviamus.
679 1927 830 1982 Sicut
871 1927 1024 1980 nobis
1066 1925 1338 1979 subveniri
1378 1936 1647 1994 Optamus,
1681 1933 1750 1979 ita
1790 1927 1912 1981 aliis

327 2015 426 2068 pro
467 1999 667 2052 viribus
705 1996 1123 2068 subveniamus;
1171 2005 1263 2048 aut
1301 1995 1344 2048 si
1385 1995 1610 2068 facultas
1653 1997 1908 2058 defuerit.

328 2066 659 2123 voluntatem
718 2066 1070 2121 subveniendi
1126 2075 1426 2120 teneamus.
1486 2066 1540 2121 Si
1600 2081 1910 2134 peccantem

329 2139 506 2204 video,
537 2149 592 2194 et
628 2152 731 2191 non
773 2140 945 2189 solum
989 2151 1094 2190 non
1133 2151 1320 2204 arguo,
1353 2137 1446 2189 sed
1476 2137 1637 2190 etiam
1669 2141 1911 2204 peccanti

330 2209 640 2271 consentio,
690 2207 1001 2274 participem
1042 2221 1127 2261 me
1166 2207 1526 2260 damnationis
1563 2206 1682 2276 ejus
1711 2208 1910 2272 cilicio,

330 2289 386 2332 et
425 2281 476 2334 in
515 2278 766 2332 omnibus
798 2277 1144 2344 peccantibus
1176 2291 1370 2344 pecco,
1404 2277 1617 2345 quando
1654 2293 1748 2331 eos
1779 2293 1916 2346 quos

329 2351 443 2404 scio
473 2362 723 2416 peccasse
751 2347 979 2416 quadam
1005 2347 1236 2401 crudelis
1264 2347 1429 2401 animi
1453 2345 1779 2414 malignitate
1798 2345 1914 2401 non

330 2421 572 2489 increpo.
606 2417 707 2485 Qui
750 2417 979 2471 amicum
1023 2429 1238 2489 propter
1265 2417 1600 2489 commodum
1641 2419 1919 2485 quodlibet

330 2488 814 2556 amattemporale,
843 2502 951 2541 non
979 2488 1208 2542 amicum
1238 2488 1570 2541 convincitur
1595 2501 1800 2554 amare,
1823 2489 1917 2544 sed

331 2558 699 2614 commodum.

521 2628 652 2686 Car.
695 2627 915 2683 XXXV.
941 2656 1011 2669 —
1037 2625 1116 2682 De
1152 2627 1282 2680 libro
1322 2626 1724 2681 Sententiarum.

408 2719 460 2772 1.
493 2717 797 2774 lnnocentia
847 2734 972 2773 vera
1021 2728 1124 2783 eSt,
1168 2733 1287 2786 quso
1321 2732 1418 2770 nec
1452 2718 1575 2777 sibi,
1621 2731 1720 2772 nec
1767 2718 1921 2774 alteri

332 2799 524 2854 nocet,
565 2798 620 2845 et
657 2804 814 2842 nemo
845 2790 992 2857 prius
1039 2791 1088 2841 in
1129 2803 1190 2843 se
1229 2803 1386 2857 quam
1427 2787 1478 2840 in
1521 2790 1679 2841 alium
1717 2800 1920 2856 peccat.

332 2862 423 2914 Sic
453 2861 704 2928 diligendi
733 2871 857 2912 sunt
889 2859 1153 2924 homines,
1187 2868 1240 2911 ut
1272 2873 1456 2912 eorum
1504 2875 1606 2912 non
1639 2859 1926 2927 diligantur

333 2945 570 2991 errores,
604 2931 727 2999 quia
759 2931 900 2982 aliud
931 2940 1014 2983 est
1040 2945 1244 2988 amare,
1277 2928 1417 2994 quod
1450 2928 1572 2981 facti
1607 2941 1752 2991 sunt,
1785 2931 1926 2983 aliud

332 2999 514 3054 odisse
535 2998 674 3069 quad
707 3001 924 3054 faciunt.
967 3000 1098 3053 Vera
1127 3011 1209 3052 est
1237 2999 1508 3069 confessio
1540 2998 1926 3067 beoeiliccntis,

333 3085 456 3124 cum
489 3067 629 3125 idem
660 3085 825 3123 sonus
863 3081 944 3122 est
986 3083 1038 3122 et
1073 3069 1206 3131 oris,
1248 3078 1302 3122 et
1332 3067 1538 3131 cordis;
1588 3070 1721 3124 bene
1750 3081 1925 3124 autem

2010 496 2232 552 utraque
2259 493 2410 552 parte
2439 485 2797 536 communiter
2827 484 3072 548 habetur,
3099 495 3152 534 ttl
3176 484 3317 548 quod
3348 499 3449 534 non
3477 486 3580 536 vult

2008 550 2203 617 auiiu'a,
2236 550 2304 605 die
2331 567 2429 606 suo
2456 567 2681 621 corpore
2713 553 2964 619 patiatur.
2997 554 3131 622 Cum
3167 553 3359 622 bonum
3389 568 3583 619 opera-

2008 623 2102 688 ris,
2137 623 2319 676 hilaris
2342 619 2595 690 Operare;
2621 639 2738 675 nam
2771 623 2816 676 si
2845 622 2970 690 quid
3000 621 3128 675 boni
3150 619 3322 676 tristis
3348 623 3498 685 facis,
3530 624 3582 674 iit

2007 691 2241 746 deterior
2272 694 2439 760 magis
2469 708 2625 758 quam
2661 692 2814 746 facis.
2852 694 3035 746 Melior
3062 699 3144 746 cst
3171 691 3315 745 enim
3347 691 3398 744 in
3433 693 3588 745 malis

2009 761 2162 815 factis
2194 763 2409 816 humilis
2439 763 2727 824 Confessio,
2761 777 2917 829 quam
2950 762 3000 815 iii
3031 763 3182 816 bonis
3210 765 3435 827 superba
3467 766 3586 831 glo-

2007 831 2183 886 riatio.
2219 831 2385 885 Nemo
2415 831 2641 901 injustus
2672 833 2953 897 bcnelacit,
2995 843 3151 886 etsam
3183 832 3224 884 si
3276 832 3470 884 bonum
3503 841 3587 885 est

2008 905 2146 968 quod
2183 902 2335 966 faeit,
2369 906 2490 966 quia
2535 903 2664 956 nihil
2712 902 2925 969 prodest
2964 903 3177 967 Spiritus
3225 901 3461 962 timoris,
3498 903 3584 955 ubi

2009 986 2113 1024 non
2146 983 2228 1026 est
2270 974 2490 1040 spiritus
2519 973 2813 1026 eliaritatis.
2845 973 3028 1026 Melior
3055 985 3133 1026 est
3161 973 3322 1025 animi
3360 975 3585 1039 aiqttltas

2009 1057 2166 1109 quam
2194 1045 2433 1110 ci'rporis
2463 1050 2681 1096 Sanitas.
2709 1043 2855 1096 Finis
2883 1044 3024 1095 enim
3055 1042 3185 1110 legis
3211 1041 3453 1095 Christus
3477 1053 3582 1105 est,

2011 1111 2063 1164 in
2091 1125 2198 1178 quo
2237 1112 2316 1163 lex
2341 1110 2561 1182 justitia:
2593 1130 2695 1166 non
2723 1115 2966 1176 sumitur,
3000 1113 3092 1166 sed
3136 1114 3402 1180 impletur.
3436 1112 3588 1165 Sicut

2011 1193 2151 1234 terra
2184 1183 2250 1234 de
2274 1188 2411 1236 creto
2435 1192 2710 1246 esspectat
2742 1184 2994 1250 pluviam,
3020 1193 3073 1235 et
3103 1183 3294 1244 lucem,
3319 1185 3398 1236 sic
3424 1183 3584 1234 homo

2007 1251 2077 1304 de
2121 1253 2228 1303 Deo
2269 1263 2582 1317 exspectare
2626 1253 2786 1306 debet
2821 1253 3266 1314 misericordiam,
3295 1261 3349 1304 et
3389 1251 3588 1305 verita-

2012 1329 2138 1374 tem.
2178 1322 2349 1373 Prima
2383 1321 2528 1373 salus
2572 1331 2654 1374 est
2695 1323 2962 1375 declinare
3008 1332 3319 1389 peccatum,
3352 1322 3585 1375 secunda

2009 1401 2094 1445 est
2138 1407 2242 1444 tton
2271 1392 2556 1458 desperare
2595 1391 2662 1443 de
2702 1394 2884 1454 venia;
2929 1407 3048 1444 nam
3082 1394 3194 1458 ipse
3233 1393 3281 1444 in
3325 1399 3585 1444 atteriiutn

2013 1464 2170 1529 perit,
2198 1462 2285 1529 qui
2329 1465 2466 1527 apud
2513 1461 2911 1514 misericordem
2957 1463 3186 1530 judirein
3229 1461 3294 1515 ad
3326 1462 3591 1528 paeniten-

2013 1534 2098 1583 tia:
2139 1531 2432 1584 remedium
2477 1545 2580 1583 non
2627 1533 2874 1585 recurrit.
2911 1531 3071 1599 Virgo
3118 1533 3238 1584 tidei
3271 1532 3590 1586 Christiana}

2013 1601 2182 1654 tribus
2225 1601 2552 1668 temporibus
2583 1600 2854 1665 incitatur,
2891 1617 3136 1667 vestiere,
3168 1616 3345 1665 mane,
3376 1613 3426 1654 et
3468 1618 3590 1652 me-

2012 1671 2176 1734 ridie;
2211 1685 2433 1739 vespere
2462 1671 2604 1723 enim
2643 1670 2898 1724 Dominus
2931 1672 2983 1724 in
3013 1687 3195 1734 cruce,
3231 1687 3383 1724 mane
3416 1671 3465 1722 in
3502 1685 3589 1722 rc-

2012 1741 2368 1805 Sllrrt'Clitllle,
2397 1742 2621 1794 meridie
2647 1743 2697 1793 in
2728 1745 3064 1794 ascensione.
3093 1743 3262 1796 Utinm
3291 1741 3354 1792 ad
3386 1741 3594 1808 patien-

2012 1811 2137 1863 tiam
2168 1810 2360 1872 occisi,
2404 1811 2546 1865 aliud
2587 1811 2650 1862 ad
2694 1814 2853 1864 vitam
2896 1812 3229 1877 resuscitati,
3274 1814 3482 1864 tertium
3527 1809 3597 1863 ad

2010 1882 2229 1950 gloriam
2266 1882 2495 1948 pertinet
2529 1881 2821 1948 majestatis
2855 1885 2905 1934 iii
2941 1880 3111 1934 Patris
3152 1883 3372 1935 dextera
3415 1882 3597 1934 consi-

2013 1951 2209 2004 dentis.
2241 1951 2320 2005 Ad
2363 1952 2463 2005 hoc
2507 1951 2778 2018 exagitant
2820 1952 3059 2005 homines
3103 1952 3506 2013 tribulationes,
3539 1958 3595 2003 ut

2013 2037 2139 2075 vasa
2174 2021 2451 2076 elecriouis
2495 2030 2821 2075 evacuentur
2862 2023 3126 2088 nequitia,
3177 2031 3232 2075 et
3280 2022 3600 2087 impleantur

2012 2092 2204 2159 gratia.
2247 2091 2435 2161 Melior
2464 2100 2564 2161 est,
2593 2093 2804 2145 tristitia
2852 2094 3026 2159 iniqua
3077 2093 3407 2161 pteuitentis,
3437 2105 3598 2158 quam

2015 2161 2199 2216 laetitia
2241 2160 2420 2227 iniqua
2471 2160 2734 2214 facientis.
2781 2161 2982 2214 Bonum
3016 2160 3096 2215 est
3127 2178 3157 2214 a
3187 2162 3410 2215 veritate
3436 2161 3596 2220 vinci,

2014 2233 2080 2284 ad
2107 2232 2502 2301 correptiottem
2533 2242 2749 2295 superet.
2774 2234 2972 2284 veritas
3005 2233 3349 2297 voluptatein.
3384 2229 3515 2284 Nam
3545 2238 3602 2281 et

2018 2303 2244 2354 invitum
2275 2304 2387 2370 ipsa
2417 2314 2656 2369 superat.
2682 2302 2772 2355 Sic
2802 2302 3038 2369 suntqui
3069 2306 3249 2355 colunt
3277 2302 3436 2364 idola,
3471 2315 3604 2368 quo-

2017 2373 2176 2424 tnodo
2204 2371 2294 2442 qui
2334 2375 2386 2424 ιιι
2415 2372 2640 2425 somniis
2686 2373 2867 2425 vident
2899 2387 3053 2425 vana.
3085 2374 3140 2425 Si
3171 2385 3348 2425 autem
3383 2373 3603 2437 vigilent

2017 2443 2209 2495 aniune
2245 2444 2524 2512 ipsorum,
2559 2443 3074 2512 intelligit,quaudo
3105 2443 3242 2495 iacta
3271 2451 3380 2504 est,
3413 2452 3465 2494 et
3496 2456 3601 2492 non

2019 2512 2148 2565 colit
2187 2511 2329 2580 quod
2373 2512 2484 2579 ipse
2517 2515 2662 2566 fecit.
2696 2511 2795 2577 Qui
2838 2511 2948 2566 Deo
2989 2513 3194 2573 sitiunt,
3230 2520 3338 2564 tota
3390 2526 3484 2563 sua
3513 2512 3604 2564 de-

2023 2585 2148 2635 bent
2190 2583 2341 2636 sitire
2389 2584 2707 2645 substantia,
2758 2581 2809 2634 id
2852 2592 2956 2647 est,
2987 2590 3041 2635 et
3081 2584 3280 2646 anima,
3312 2591 3365 2635 et
3406 2593 3606 2644 carne;

2021 2651 2144 2718 quia
2193 2663 2245 2706 et
2277 2652 2470 2704 animae
2502 2652 2642 2706 Deus
2671 2653 2758 2706 dat
2793 2668 2983 2721 panem
3031 2667 3219 2715 suum,
3251 2652 3300 2704 id
3330 2660 3443 2716 est,
3478 2664 3604 2721 ver-

2023 2723 2148 2777 bum
2197 2722 2476 2790 veritatis;
2513 2732 2567 2775 et
2617 2720 2802 2776 carnis
2840 2724 3144 2776 necessaria
3195 2721 3336 2775 Deus
3385 2720 3606 2790 praebet.

2024 2794 2146 2861 quia
2194 2799 2420 2861 utraque
2465 2789 2579 2858 ipse
2631 2793 2828 2859 pascit,
2861 2792 2981 2859 quia
3031 2803 3254 2860 utraque
3303 2792 3414 2857 ipse
3457 2789 3606 2843 fecit.

2030 2863 2174 2916 Duas
2218 2863 2269 2915 in
2313 2871 2426 2916 toto
2465 2862 2663 2915 mundo
2699 2863 2940 2916 civitates
2977 2863 3174 2914 faciunt
3213 2864 3318 2912 duo
3361 2873 3605 2914 amores:

2028 2932 2325 2987 Jerusalem
2353 2931 2481 2986 facit
2506 2948 2741 2986 amorem
2775 2932 2900 2996 Dei;
2925 2931 3221 3002 Babylonia
3248 2945 3484 3002 amorem
3512 2945 3614 3002 sa:-

2031 3003 2156 3056 culi.
2181 3003 2475 3070 Intermget
2499 3017 2557 3057 se
2577 3017 2705 3071 ergo
2732 3001 3114 3069 unuSquisque,
3138 3015 3191 3056 et
3214 3001 3449 3054 inveniet
3474 3001 3615 3052 unde

2033 3074 2101 3126 sit
2131 3073 2284 3126 civis.
2310 3071 2424 3126 Non
2456 3083 2541 3127 est
2571 3075 2618 3126 iu
2649 3073 2881 3126 carendo
2909 3074 3215 3135 dil'licultas,
3248 3072 3353 3124 nisi
3383 3086 3503 3125 cum
3532 3082 3618 3123 est

334 3140 516 3208 loqui,
563 3149 620 3194 et
648 3139 786 3194 male
808 3139 1029 3210 ivivere,
1062 3117 1206 3191 nihil,
1239 3147 1321 3192 est
1351 3117 1692 3210 aliudi'quam
1734 3154 1792 3194 se
1833 3154 1927 3192 sua
1955 3117 2000 3177 ο
2036 3145 2088 3195 ιιι
2124 3144 2368 3196 habendo
2393 3144 2683 3210 cupiditas,
2734 3153 2788 3197 et
2826 3142 2944 3197 ideo
2977 3145 3027 3196 id
3060 3117 3231 3196 solum
3264 3155 3409 3196 reete
3438 3141 3617 3207 diligi-

338 3225 470 3264 voce
495 3211 776 3264 damnare.
806 3209 1010 3263 Bonum
1053 3209 1384 3262 intellectum
1428 3209 1619 3274 habet,
1654 3210 1742 3278 qui
1787 3211 1928 3278 quod

339 3278 644 3335 faciendum
677 3288 823 3334 recte
849 3279 1120 3348 intelligit,
1153 3280 1324 3346 qualis
1353 3279 1469 3332 sine
1498 3280 1688 3334 timore
1718 3285 1931 3348 sapit-u-

340 3353 431 3404 tia:
479 3350 618 3420 (sic).
654 3350 788 3404 Mala
835 3366 980 3404 mors
1021 3351 1250 3418 putanda
1296 3364 1400 3403 non
1443 3358 1563 3416 est,
1598 3367 1753 3418 qttam
1792 3354 1928 3404 bona

339 3422 446 3473 vita
479 3419 835 3489 praicesserit.
866 3419 1030 3474 Justis
1057 3421 1312 3489 quidquid
1346 3421 1609 3472 malorum
1641 3423 1706 3475 ab
1737 3421 1930 3488 iniquis

344 3489 600 3545 Dominus
643 3493 929 3559 irrogatur,
963 3507 1067 3544 non
1102 3505 1254 3557 pretia
1282 3501 1364 3544 est
1394 3489 1656 3554 criminis,
1696 3496 1789 3544 sed
1824 3493 1931 3543 vir-

343 3561 471 3615 tutis
525 3576 784 3626 examen;
835 3575 956 3614 nam
998 3561 1203 3624 bonus,
1249 3560 1410 3613 etiam
1459 3561 1504 3612 si
1555 3574 1772 3630 regnet,
1812 3575 1931 3614 Scr-

347 3645 444 3685 vus
486 3640 590 3686 est.
621 3630 873 3685 Diabolus
923 3630 1184 3700 superbus
1224 3630 1493 3683 hominem
1535 3631 1930 3696 superbientem

347 3701 595 3770 perduxit
651 3700 716 3753 ad
772 3710 1030 3762 mortem,
1084 3699 1332 3754 Christus
1388 3700 1604 3752 humilis
1654 3700 1932 3756 botiiinetn

345 3769 680 3825 ultedientem
725 3771 934 3824 reduxit
977 3769 1136 3840 307
1167 3770 1232 3822 ad
1264 3771 1446 3822 vitam.
1476 3770 1610 3835 Quia
1661 3773 1797 3824 sicut
1845 3773 1934 3825 ille

347 3841 516 3894 elatus
547 3841 761 3907 cecidit,
791 3852 846 3894 et
873 3843 1002 3908 jecu
1029 3846 1099 3894 ob
1125 3849 1180 3893 et
1208 3840 1668 3905 consentientem;
1713 3841 1790 3894 sic
1835 3843 1934 3896 is:e

349 3912 660 3965 humiliatus
683 3920 914 3965 surrent
938 3911 1246 3964 credentem
1266 3911 1407 3980 (sic).
1429 3909 1726 3964 Perfectum
1752 3912 1932 3965 odium

347 3991 431 4035 est
454 4023 468 4042 ,
499 3983 642 4050 quod
673 3995 771 4035 nec
793 3982 1029 4049 justitia,
1061 3979 1412 4036 nec'scientia
1443 3988 1624 4045 caret,
1655 3979 1704 4034 id
1734 3996 1814 4036 cst
1834 4023 1847 4046 ,
1881 3992 1937 4036 ut

351 4066 451 4105 nec
490 4061 708 4119 propter
738 4055 860 4106 vitia
906 4052 1154 4105 homines
1193 4051 1391 4116 oderis,
1423 4065 1524 4104 nec
1560 4052 1685 4105 vitia
1718 4067 1936 4121 promer

351 4122 600 4176 homines
625 4122 838 4192 diligae.
874 4122 930 4176 In
959 4136 1150 4190 magna
1177 4131 1416 4192 egestate
1444 4132 1591 4188 sunt,
1633 4126 1720 4192 qui
1747 4122 1798 4175 io
1830 4126 1936 4177 ini-

352 4192 558 4262 quitate
585 4191 739 4258 sunt,
751 4192 974 4261 justitiae
996 4208 1130 4262 opus
1152 4201 1207 4246 et
1224 4191 1500 4259 sapientia:
1525 4191 1802 4246 thesauros
1832 4210 1935 4247 non

353 4261 640 4327 habentes;
669 4278 757 4330 qut
795 4274 971 4316 autem
1013 4261 1252 4316 serviunt
1287 4263 1536 4327 Domino,
1567 4277 1629 4316 ea
1672 4264 1812 4318 bona
1843 4280 1936 4318 ac-

355 4335 583 4403 quirunt
610 4347 731 4401 qua:
773 4336 944 4401 perire
991 4348 1096 4386 non
1141 4343 1382 4401 possunt.
1428 4335 1571 4386 Bona
1602 4345 1684 4388 est
1731 4339 1936 4403 pecizati

356 4402 653 4475 confessio,
699 4403 743 4456 si
769 4403 1056 4475 etcuratio
1087 4413 1467 4472 consequatur.
1500 4405 1629 4458 Nam
1659 4402 1784 4473 quid
1818 4424 1938 4475 pro-

2034 3223 2139 3274 tur,
2171 3212 2313 3282 quod
2367 3229 2634 3282 nunquam
2675 3217 2810 3270 bene
2849 3215 3169 3267 admittitur.
3203 3213 3258 3266 lu
3309 3213 3478 3278 primo
3522 3211 3618 3263 ho-

2033 3287 2174 3337 mine
2200 3284 2389 3350 patuit,
2412 3290 2552 3352 quod
2581 3284 2812 3336 hominis
2838 3286 3116 3336 arbitrium
3149 3282 3352 3336 Valeret
3379 3283 3442 3334 ad
3474 3295 3619 3332 mor-

2036 3365 2166 3417 tem,
2201 3371 2252 3404 ιιι
2278 3355 2513 3422 secundo
2536 3363 2736 3416 autent,
2767 3354 2906 3422 quod
2939 3354 3030 3405 Dei
3062 3353 3386 3413 ad;utoriutn
3412 3352 3619 3422 valeret

2032 3425 2098 3475 ad
2126 3424 2311 3474 vitam.
2337 3421 2548 3476 Primus
2573 3424 2712 3476 enim
2741 3421 2900 3475 homo
2925 3438 3029 3476 non
3061 3425 3104 3477 is
3131 3423 3320 3486 homo;
3349 3421 3620 3474 secundus

2033 3507 2160 3546 vero
2207 3491 2346 3545 Deus
2390 3501 2444 3545 et
2475 3495 2666 3558 homo;
2704 3500 2973 3556 peceatum
3004 3508 3132 3545 vero
3167 3493 3361 3545 factum
3403 3499 3488 3544 est
3533 3504 3623 3558 re-

2034 3560 2308 3630 liCtoDeo,
2345 3563 2553 3630 justitia
2588 3557 2690 3616 non
2715 3565 2770 3615 lit.
2794 3565 2909 3617 sine
2935 3563 3061 3615 Deo.
3090 3563 3344 3616 Dominus
3364 3561 3438 3614 ait
3469 3578 3480 3614 :
3508 3557 3621 3629 Ego

2031 3648 2142 3685 sum
2166 3632 2268 3697 via,
2282 3644 2326 3686 et
2341 3635 2543 3697 veritas,
2561 3646 2605 3688 et
2623 3636 2741 3695 vita,
2759 3633 2858 3686 hoc
2875 3644 2974 3695 est,
2993 3650 3084 3702 per
3099 3650 3182 3686 me
3201 3635 3405 3685 venitur
3425 3636 3489 3681 ad
3513 3646 3618 3691 me,

2036 3704 2087 3756 in
2139 3718 2223 3756 me
2269 3707 2592 3773 pervenitur,
2629 3715 2975 3773 petlllttlleltlt‘
3025 3707 3074 3756 in
3119 3722 3224 3756 me.
3257 3704 3403 3756 Odor
3451 3701 3622 3773 bonus

2037 3774 2174 3828 fama
2211 3772 2344 3826 bona
2379 3785 2492 3836 est,
2542 3772 2696 3839 quam
2744 3777 2968 3842 quisque
3012 3774 3162 3825 bona}
3210 3776 3328 3825 vita:
3371 3772 3625 3838 operibus

2040 3844 2309 3907 habuerit,
2345 3845 2471 3896 dum
2505 3843 2704 3898 Curisti
2738 3846 2956 3912 vestigia
2991 3847 3270 3910 sequitur:
3301 3849 3462 3910 pedes
3494 3858 3628 3912 quo-

2037 3917 2329 3968 dummodo
2359 3915 2475 3983 ejus
2501 3917 2715 3978 pretiosi
2742 3910 2998 3984 unguenti
3030 3915 3194 3968 odore
3219 3912 3505 3982 perfundit.
3528 3910 3630 3963 La-

2037 3987 2138 4038 bor
2189 3990 2398 4052 piorum
2451 3985 2614 4054 308
2658 3988 2975 4054 (‘XCI‘CllallQ
3021 3992 3123 4049 est,
3177 4001 3280 4038 non
3329 3985 3625 4035 damnatio.

2037 4054 2172 4109 Justi
2217 4071 2282 4109 ex
2331 4053 2481 4119 [ιι-οξ
2511 4053 2615 4109 non
2664 4071 2730 4110 ex
2779 4053 3084 4108 hominibus
3138 4063 3450 4117 nascuntur,
3499 4068 3631 4116 quo-

2038 4125 2182 4178 niam
2237 4125 2540 4188 nascendo,
2595 4144 2695 4178 nou
2748 4124 3086 4179 ascendendo
3137 4129 3192 4177 lit
3238 4125 3443 4194 justus,
3489 4121 3630 4173 unde

2039 4199 2200 4249 etiam
2237 4198 2534 4264 regenerati
2567 4197 2656 4249 lilii
2684 4195 2778 4249 Dei
2805 4197 3078 4249 dicuntur.
3106 4195 3259 4248 Aliud
3290 4205 3370 4247 est
3402 4195 3631 4260 migrare

2037 4280 2293 4334 corpore,
2318 4268 2461 4320 aliud
2495 4269 2724 4335 migrare
2753 4268 2945 4330 corde;
2974 4268 3204 4333 migrate
3228 4280 3472 4330 corpore,
3499 4279 3630 4329 quo-

2040 4341 2200 4390 tnodo
2233 4351 2428 4404 corpus
2454 4349 2622 4390 mutat
2661 4337 2868 4402 locum;
2899 4337 3128 4408 migrare
3167 4336 3360 4399 corde,
3396 4349 3629 4408 ιιιιυιιιιιτ

2042 4409 2112 4460 do
2151 4420 2203 4461 tu
2233 4400 2410 4461 cordis
2443 4419 2614 4462 mutas
2649 4400 2922 4462 allectum.
2977 4400 3036 4462 Si
3085 4409 3228 4460 aliud
3257 4418 3436 4466 antas,
3487 4400 3632 4454 aliud

357 4472 476 4526 dest
503 4474 752 4543 detegere
794 4474 1033 4542 plagam,
1065 4482 1122 4528 et
1159 4487 1265 4527 non
1306 4475 1562 4529 adhibere
1590 4472 1938 4532 medicinam.
1973 4475 2018 4534 D
2045 4480 2286 4544 amabas,
2313 4495 2498 4533 nones
2525 4479 2597 4532 ibi
2627 4479 2715 4533 ubi
2741 4493 2886 4530 eras.

371 4605 3630 4636 W

1539 4721 2135 4808 APPENDIX
2212 4727 2418 4808 XII.

1809 4883 2085 4939 SI‘ZRMON
2095 4883 2200 4940 ES.

601 5013 786 5069 Sentio
816 5013 1201 5069 munus—Ad
1224 5031 1406 5072 carnes
1430 5016 1705 5072 tollendas.

438 5107 491 5160 ι.
521 5105 734 5162 Fratres
764 5106 1072 5162 charissimi
1091 5148 1108 5174 ,
1143 5123 1272 5178 rogo
1302 5123 1418 5174 vos,
1451 5119 1504 5164 et
1533 5110 1798 5164 admoneo
1828 5126 1943 5176 vos,

369 5188 429 5232 ut
468 5179 520 5232 in
554 5178 659 5230 isto
691 5179 926 5245 legitimo
951 5192 1014 5232 ac
1043 5181 1406 5234 sacratissimo
1438 5181 1548 5246 die,
1583 5182 1819 5244 exceptis
1847 5183 1950 5236 Do-

369 5249 580 5303 tniuicis
608 5249 818 5320 diebus,
847 5248 1022 5320 nullus
1050 5250 1314 5316 prandere
1341 5261 1656 5320 prtesumat,
1683 5254 1784 5306 nisi
1813 5255 1949 5308 forte

370 5321 463 5392 ille
508 5334 666 5392 quem
711 5317 957 5392 jejunare
1003 5319 1286 5374 infirmitas
1335 5317 1440 5376 non
1494 5324 1782 5392 permittit;
1824 5325 1945 5390 quia

372 5390 494 5444 aliis
533 5389 724 5444 diebus
766 5390 1016 5459 jejunare
1059 5400 1152 5443 aut
1181 5389 1508 5462 remedium,
1539 5404 1633 5448 aut
1667 5389 1947 5463 praemium

447 5523 630 5580 Statio
657 5539 697 5579 ι.
727 5540 782 5578 ιι.
808 5524 860 5578 1.
889 5523 964 5577 De
995 5523 1096 5578 hoc
1123 5534 1373 5580 sermone
1396 5527 1505 5582 dixi
1537 5528 1590 5582 in
1622 5527 1952 5590 lsidorianis,

374 5610 495 5662 cap.
521 5596 623 5661 7'2,
657 5612 712 5648 ιι.
740 5594 774 5646 8
801 5603 855 5648 et
890 5608 1040 5662 seqq.
1071 5594 1402 5660 Quibusdam
1447 5599 1498 5652 in
1541 5599 1671 5653 locis
1704 5598 1953 5652 librario-

379 5683 496 5719 rnin
525 5665 724 5739 incuria
755 5672 1164 5739 corruptusest.
1200 5664 1302 5718 Pro
1331 5670 1677 5724 sacratissimo
1701 5668 1786 5723 die
1815 5682 1956 5739 pran-

381 5739 575 5792 stiterit
599 5736 775 5806 legere
797 5735 1138 5789 sacratissimo
1159 5744 1402 5805 tempore.

2056 5029 2167 5084 est;
2211 5019 2263 5074 in
2306 5017 2720 5088 Quadragesima
2763 5033 2871 5074 non
2911 5016 3158 5086 jejunare
3199 5028 3476 5089 peccatum
3522 5035 3639 5090 est;

2057 5091 2166 5144 alio
2202 5099 2444 5160 tempore
2486 5091 2576 5160 qui
2608 5089 2849 5160 jejunat,
2880 5092 3073 5159 accipit
3117 5091 3532 5160 indulgentiam,
3582 5089 3634 5148 in

2056 5159 2470 5229 Quadragesima
2504 5159 2619 5230 qui
2664 5159 2876 5232 potest,
2911 5168 2966 5213 et
3017 5177 3121 5216 non
3170 5159 3391 5230 jeju’nat,
3439 5168 3639 5221 sentiet

2058 5246 2291 5302 poenam.

2127 5325 2180 5378 ‘2.
2218 5325 2283 5378 Et
2313 5325 2426 5394 ipse
2456 5333 2633 5380 tamen
2665 5323 2755 5392 qui
2785 5324 2938 5394 (non)
2967 5323 3214 5392 jejunare
3245 5324 3522 5392 praevalet,
3543 5327 3640 5382 sed

2061 5395 2259 5449 rectius
2284 5395 2384 5449 sibi
2412 5396 2535 5464 soli,
2564 5405 2654 5449 aut
2674 5395 2790 5451 sive
2809 5395 2946 5452 alius
2972 5397 3214 5452 intirmus
3237 5411 3360 5450 cum
3391 5397 3507 5465 ipso
3533 5398 3639 5452 sibi

2131 5525 2186 5599 ‘2.
2220 5525 2490 5592 Excusus,
2508 5529 2757 5599 jejunare
2777 5529 3033 5597 prtevalet.
3055 5527 3160 5586 Sed
3185 5527 3488 5585 addendum
3511 5548 3637 5598 non,

2064 5596 2286 5668 Reliqua
2307 5639 2320 5660 ,
2359 5599 2459 5653 etsi
2489 5596 2826 5654 correctione
2870 5601 3132 5668 indigent,
3180 5602 3311 5654 satis
3343 5612 3521 5656 tatnen
3554 5596 3643 5656 in;

2067 5667 2404 5744 tel‘lignntur.
2435 5668 2781 5744 ln_ltnpresso
2808 5680 2923 5744 erat
2952 5667 3051 5724 non
3067 5671 3382 5744 valere,pro
3409 5688 3514 5742 quo
3546 5689 3641 5744 po-

2071 5739 2152 5794 sui
2185 5754 2286 5794 non
2308 5738 2451 5795 velle.
2484 5741 2620 5806 Quid
2649 5740 2717 5796 sit
2749 5739 2969 5809 ηάίιιεει,
3005 5758 3104 5796 non
3137 5738 3395 5812 intelligo.
