4180 6178
554 242 689 295 £225

1314 242 1400 295 Al)
1444 242 1499 294 S.
1545 240 1783 294 lSlDOlll
1829 235 2269 293 IIISPALENSIS
2310 234 2541 289 OPERA
2582 234 3029 291 APPENDlCIiS.

3688 242 3822 294 liti!

553 360 845 425 pericufum
881 358 1068 427 mortis
1105 368 1348 409 accessit.
1392 356 1538 409 Nunc
1584 356 1770 426 igitur,
1818 366 2137 424 coniugium,
2170 357 2213 411 Λ
2245 348 2367 414 tl"ia
2400 364 2500 403 “"3
2533 350 2662 404 Imm
2690 350 2811 427 "ila?
2840 359 2939 404 ιυαε
2970 350 3200 419 Spatium
3227 364 3330 403 ῐιῦῐι
3362 350 3551 416 “ab”.
3586 369 3686 409 ιιίὲε
3718 374 3830 427 μυ-

552 432 811 483 intendite
843 432 1014 491 qualis
1045 426 1199 489 huius
1228 429 1372 479 VtN‘iS
1415 444 1439 476 τι
1475 428 1746 492 Scriptura
1787 439 1970 480 sancta
2016 427 2131 478 imi-

554 504 682 553 Ialin
713 507 1056 566 proponatur;
1092 513 1197 547 non
1230 498 1370 549 enim
1404 500 1654 559 praedicat
1680 498 1818 566 quod
1856 496 2015 548 fuerit
2043 513 2137 547 au-

554 587 636 633 ro,
663 569 966 629 unmilibus,
1003 570 1083 619 vel
1111 577 1253 619 vi'ste
1280 568 1533 633 pretiosa,
1570 568 1866 621 forinsecus
1901 577 2133 628 compta,

553 657 673 691 cum
700 638 855 691 fuerit
884 640 1021 690 intus
1053 640 1233 701 utique
1263 638 1524 691 castitatis
1553 648 1738 689 ornata
1767 638 1989 703 pudore.
2019 642 2137 687 Urn.

553 711 709 762 nibus
736 723 863 761 vero
890 709 1131 759 Lhristus
1172 707 1332 759 vitam
1365 708 1604 773 donavit,
1635 708 1824 775 quibus
1858 708 2027 758 bonos
2060 710 2138 757 in-

556 779 726 832 stituit
768 795 965 831 mores.
1015 780 1078 830 Et
1108 788 1387 845 propterea
1438 781 1551 843 ipse
1594 793 1674 828 v.r
1715 779 1781 831 de
1822 779 2014 831 l'erriina
2057 787 2139 829 est

555 851 700 902 nasci
751 849 1018 917 dignatus,
1075 848 1195 916 quia
1239 851 1304 899 ab
1335 849 1449 911 ipso
1491 859 1711 915 uterque
1755 857 1869 901 erat
1910 864 2067 900 sexus
2108 864 2135 897 a

553 931 727 973 morte
761 922 1085 973 liberandus.
1118 918 1274 970 Multa
1308 920 1560 981 diximus,
1596 918 1804 985 fratres.
1843 917 2138 970 lntenrrssi-

554 1005 641 1044 me
668 990 908 1051 audistis,
942 990 1127 1056 epulas
1167 990 1458 1041 dominicas
1490 989 1836 1041 libentissime
1867 989 2138 1040 conicitis-

555 1063 643 1113 tis.
666 1060 956 1128 Ilependite
969 1075 1091 1123 ergo
1116 1059 1280 1109 vicem
1306 1058 1648 1112 ministratori
1668 1074 1863 1120 vestro,
1888 1068 1944 1110 ιιι
1964 1076 2005 1110 si
2032 1075 2135 1111 non

553 1133 736 1197 verbo,
767 1134 956 1183 vestris
979 1131 1166 1183 saltem
1199 1129 1527 1181 orationibus
1558 1136 1754 1191 pascat.
1784 1129 2037 1197 Ettplicit.

1001 1241 1185 1294 Seruio
1226 1239 1311 1293 ΙΙΙ.
1341 1270 1410 1279 -—-
1438 1238 1691 1292 Horttiltit.

633 1355 650 1406 l
715 1354 963 1418 Fratres,
996 1350 1203 1420 oportet
1229 1393 1242 1415 ,
1292 1368 1387 1405 nos
1425 1353 1554 1405 satis
1586 1354 1772 1406 timere
1813 1369 1921 1407 ires
1949 1370 2137 1411 causas

554 1441 649 1491 per
675 1442 805 1489 quas
840 1435 979 1476 totus
1003 1425 1228 1475 mundus
1254 1424 1421 1490 periit,
1452 1426 1593 1492 gula,
1626 1425 1909 1489 cupiditas,
1949 1442 2137 1493 snper-

562 1501 664 1547 tua.
697 1495 830 1560 Quia
865 1495 1105 1547 diabolus
1152 1510 1244 1557 per
1293 1494 1420 1544 istas
1472 1508 1798 1546 ires.c;rusas
1834 1501 1999 1549 Adam
2033 1502 2137 1563 pri-

558 1582 698 1617 mum
750 1565 1015 1637 hominem
1049 1564 1430 1637 circumvenit,
1470 1564 1655 1637 dicens
1688 1582 1707 1637 εξ
1744 1564 1803 1617 In
1840 1584 2138 1637 quacum/ne

554 1638 637 1687 die
665 1634 943 1687 comedens
973 1634 1034 1686 de
1066 1635 1159 1684 hoc
1182 1635 1340 1703 ligno.
1374 1636 1540 1686 statim
1568 1635 1857 1702 aperientur
1882 1639 2017 1688 oculi
2039 1634 2129 1692 iui.

553 1706 659 1758 Nos
683 1717 858 1757 autem
885 1719 1096 1771 semper
1130 1703 1407 1755 timeamus
1450 1704 1541 1756 has
1569 1716 1675 1759 tres
1700 1720 1912 1774 causas,
1942 1723 2027 1767 ne.
2062 1712 2133 1761 si-
2170 1708 2209 1765 Β

552 1786 643 1828 cut
672 1774 870 1835 Adam,
927 1774 977 1825 iu
1030 1774 1236 1826 inferno
1275 1775 1609 1829 damuemnr.
1666 1776 1897 1842 Fratres,
1941 1788 2125 1833 contra

550 1848 727 1910 gulam
779 1854 1051 1899 teneamus
1094 1843 1506 1912 abstinentiam,
1560 1857 1745 1898 contra
1785 1847 2127 1913 cupiditatem

555 1916 873 1981 largitatem,
908 1924 1090 1967 contra
1117 1915 1419 1979 superbiam
1462 1916 1833 1969 humilitatem.
1866 1918 1995 1970 Nunt
2028 1918 2129 1974 hoc

553 1987 775 2048 scimus,
808 1985 947 2052 quod
973 1986 1257 2055 Christiani
1288 1986 1537 2045 dicimur,
1568 1989 1707 2052 quod
1737 1990 1982 2055 angelum
2023 2007 2123 2043 rn-

553 2057 766 2109 atodein
800 2056 1077 2119 habemus,
1098 2054 1218 2121 quia
1246 2055 1355 2122 ipse
1382 2054 1623 2109 Salvator
1646 2058 1779 2110 dixrt
1800 2054 1989 2111 {Amen
2014 2062 2127 2112 dico

552 2127 686 2178 vobis
714 2126 833 2193 quia
872 2128 1044 2195 angeli
1077 2139 1252 2178 eorum
1290 2142 1488 2194 seraper
1519 2128 1684 2180 viderit
1727 2129 1911 2195 faciem
1950 2127 2127 2182 Patris

549 2199 665 2262 mei,
696 2197 784 2265 qui
808 2198 858 2249 in
887 2197 1023 2249 cretis
1048 2206 1143 2249 est.

623 2289 676 2342 2.
706 2288 837 2354 Quia
862 2304 955 2355 pro
976 2297 1126 2342 certo
1156 2289 1306 2361 nobis
1331 2290 1653 2361 credendum
1684 2301 1765 2346 est
1792 2292 1911 2361 quia
1945 2295 2123 2348 oni-ia

547 2373 707 2425 npcra
728 2367 903 2412 nostra
933 2368 1037 2411 tam
1064 2361 1114 2411 in
1134 2360 1219 2411 die
1234 2376 1387 2426 quam
1409 2360 1461 2412 in
1486 2373 1659 2424 nocte,
1679 2360 1820 2415 omni
1847 2365 1995 2421 liora.
2016 2367 2127 2419 sive

551 2432 708 2491 bona,
736 2432 848 2503 sive
876 2430 1033 2503 mala,
1061 2434 1659 2503 quicumquelucinius,
1696 2434 1761 2486 ab
1790 2434 1908 2503 ipso
1934 2440 2124 2503 angelo

548 2501 915 2553 renuntiantur
941 2502 1290 2566 illCtlllspCClll
1322 2501 1432 2553 Dei.
1463 2502 1593 2553 Nam
1617 2519 1736 2555 cum
1765 2501 1985 2563 angelus
2012 2501 2125 2557 bor-

548 2579 689 2623 tatur
717 2570 870 2622 nobis
899 2570 1176 2641 consilium
1210 2572 1273 2641 ad
1297 2572 1434 2641 bona
1467 2588 1626 2639 opera
1657 2573 1911 2631 iacienda.
1950 2574 2123 2641 ipsuru

544 2641 791 2709 angelum
834 2654 1045 2711 semper
1089 2638 1252 2708 314,
1295 2638 1802 2695 haberecrcdiinus
1828 2638 2119 2711 ades-tris;

545 2725 665 2762 cum
698 2720 873 2761 autem
907 2709 1203 2783 cogitainus
1236 2715 1427 2761 malum
1456 2727 1634 2779 agere.
1672 2724 1757 2764 aut
1785 2714 1957 2781 aliqua
1993 2709 2116 2783 pecé

547 2791 665 2833 cata
695 2793 950 2852 conamur
974 2780 1309 2832 cirntmittere
1340 2789 1446 2833 tam
1485 2784 1732 2849 capitalia
1760 2780 1914 2852 quam
1949 2780 2123 2839 minu-

545 2859 617 2912 ta,
649 2862 772 2903 tunc
816 2848 1071 2903 habemus
1126 2852 1450 2922 liortatorem
1498 2848 1790 2922 malignum
1825 2852 2119 2919 diabolum,

546 2929 600 2973 ut
631 2934 750 2974 cum
795 2934 1013 2991 peccare
1052 2920 1348 2986 cogitamus
1372 2960 1387 2985 ,
1438 2932 1490 2975 et
1520 2920 1835 2991 peccamus,
1877 2925 2120 2981 diabolus

547 2992 741 3059 gaudet
764 3030 778 3050 .
814 2990 903 3044 ille
931 3000 1144 3044 sanctus
1182 2993 1403 3061 angelus
1437 2994 1696 3047 tristatur.
1727 2990 1862 3048 Cum
1892 2996 2118 3052 dicimus

542 3057 712 3114 otiosa
744 3062 935 3128 verba,
977 3070 1029 3115 et
1061 3077 1219 3129 prava
1244 3057 1574 3126 {consilium
1605 3074 1689 3118 est
1723 3066 1955 3128 diaboli;
1997 3084 2116 3122 cum
2146 3057 2191 3117 C

544 3142 719 3205 autem
755 3132 1189 3205 ingemiscimus,
1233 3142 1287 3186 et
1330 3134 1699 3200 suspiranius,
1742 3146 1796 3189 et
1824 3140 2121 3205 cogitamus

543 3203 723 3271 aliqua
755 3202 891 3255 bona
914 3217 1075 3269 opera
1107 3200 1283 3256 facere
1310 3244 1326 3268 ,
1370 3216 1494 3258 tunc
1524 3206 1782 3260 habemus
1819 3200 2124 3262 consiliato-

544 3289 655 3327 rem
681 3274 827 3327 illum
857 3282 1096 3327 sanctum
1127 3275 1371 3342 angelum
1398 3274 1513 3329 Dei.

614 3363 669 3420 5.
704 3364 833 3437 Nam
876 3364 963 3418 illa
1007 3366 1101 3417 tria
1146 3366 1283 3437 mala
1323 3381 1509 3435 opera,
1552 3383 1670 3437 qua:
1707 3369 1955 3437 superius
1983 3371 2123 3427 dixr-

545 3450 663 3505 tnus
687 3475 702 3496 ,
747 3436 989 3489 diabolus
1015 3436 1442 3491 subministravit
1479 3453 1574 3505 per
1607 3436 1805 3493 malum
1835 3443 2120 3497 consiliqu

546 3507 598 3559 in
641 3504 830 3571 Adam,
884 3505 1117 3578 hocest,
1166 3511 1305 3572 gula,
1343 3504 1636 3576 cupiditas,
1689 3512 1957 3578 superbia.
2005 3513 2121 3569 Ista:

545 3586 656 3651 tres
679 3591 858 3651 causa:
890 3576 1209 3651 multamala
1234 3588 1515 3651 generant,
1546 3580 1597 3633 id
1622 3576 2116 3651 est,sacrilegium,

548 3646 914 3717 homicidium,
947 3646 1299 3711 adulterium,
1331 3646 1527 3702 furtum
1552 3690 1565 3714 ,
1601 3650 1876 3704 avaritiam
1904 3692 1920 3717 ,
1954 3646 2120 3706 Ῑιιιιιιὲ

545 3717 704 3793 riam,
734 3715 926 3793 falsum
961 3718 1343 3793 testimonium,
1376 3721 1530 3780 iram,
1557 3715 1913 3793 discordiam,
1939 3724 2121 3793 perju-

545 3788 702 3858 riunt.
734 3787 833 3839 ista
875 3789 1049 3858 Omnia
1071 3803 1180 3858 _per
1206 3789 1320 3843 illas
1352 3800 1462 3844 tres
1492 3787 1965 3858 prmvaricatioues
1992 3787 2116 3850 sub-

546 3856 983 3911 miuistraverunt
1024 3854 1217 3931 [ib’orre
1258 3854 1761 3931 subministrantur]
1791 3872 1916 3916 ante
1947 3864 2119 3918 horni-

546 3941 666 3980 nem
713 3943 804 3993 per
833 3938 1003 3980 artem
1030 3928 1373 3983 diabolicam.
1408 3931 1528 3985 Istis
1554 3928 1803 3996 periculis
1839 3934 2032 3989 animae
2065 3937 2114 3989 iri

544 3998 808 4074 infernum
839 3998 1153 4065 religantur.
1178 4000 1319 4074 ljirgo
1346 4014 1620 4074 sumamus
1646 4017 1745 4054 nos
1766 4018 1913 4055 arma
1940 4008 2115 4074 angeli

546 4066 660 4143 Dei,
690 4068 788 4143 hoc
811 4077 912 4143 est,
938 4083 1150 4123 crucem
1182 4066 1397 4123 Christi.
1426 4072 1693 4124 Ponamus
1717 4082 1902 4126 contra
1928 4066 2117 4143 snper-

544 4134 682 4188 biam
716 4137 1088 4209 humilitatem,
1114 4149 1297 4192 contra
1328 4143 1506 4209 gulam
1537 4142 1910 4196 abstinentiam
1932 4185 1945 4208 ,
1981 4134 2115 4199 coo-

546 4216 622 4257 ira
657 4206 996 4280 cupiditatem
1038 4206 1498 4277 eleemosyriarum
1539 4213 1891 4280 largitionem,
1930 4206 2115 4271 contra

543 4276 879 4343 Sacrilegium
914 4292 1092 4329 veram
1125 4276 1511 4345 pwnitentiam,
1552 4276 1737 4334 contra
1771 4276 2113 4341 homicidium

543 4347 880 4400 dilectionem
926 4346 1015 4399 Dei
1064 4359 1116 4400 et
1164 4352 1429 4415 proximi,
1476 4362 1661 4403 contra
1708 4355 2109 4410 fornicationem

2251 429 2494 472 testatem
2527 436 2679 474 uinus
2708 421 2835 473 dii-i.

2309 490 2361 542 5.
2394 489 2634 552 Fratres,
2673 507 2775 542 non
2804 488 3032 557 decipiat
3064 504 3155 543 vos
3191 490 3290 543 ista
3333 506 3491 559 prava
3517 496 3786 551 securitas
3808 540 3825 561 ,

2239 562 2331 611 sed
2362 575 2574 626 semper
2598 562 2735 613 diem
2766 562 2957 613 mortis
2988 573 3111 613 ante
3149 564 3332 614 oculos
3375 564 3666 617 habeamus
3695 583 3826 620 curn

2242 630 2450 702 timore,
2485 643 2691 702 etvera
2724 640 3051 696 ptemtcnba.
3082 631 3196 692 Dic,
3239 633 3328 683 ubi
3361 644 3481 684 sunt
3517 648 3694 702 reges,
3730 641 3822 690 ubi

2239 700 2433 752 divites
2455 738 2470 762 ,
2517 701 2600 753 ubi
2634 701 2833 754 divitiae
2879 716 3064 752 eorum
3086 740 3101 763 ,
3142 709 3197 753 et
3245 713 3558 757 ornamenta
3585 700 3779 759 eum...
3804 712 3827 759 ’ξ

2240 769 2362 833 Ipsi,
2398 770 2538 821 velut
2570 772 2780 833 umbra,
2813 772 3160 832 transierunt,
3203 780 3261 823 ut
3290 772 3555 826 somnium
3583 790 3824 831 eratme-

2240 851 2394 902 l'lllll;
2428 856 2637 901 aurum,
2672 852 2722 894 ει
2753 848 3053 909 argentum,
3084 852 3137 893 θι
3168 843 3343 894 omnia
3379 856 3695 898 ornamenta
3727 866 3825 900 eu-

2238 925 2354 961 rum
2395 925 2445 962 in
2489 911 2590 963 hoc
2632 911 2827 963 mundo
2861 920 3231 964 remanserunt
3258 950 3275 975 ,
3319 922 3373 965 ct
3411 912 3509 978 ipsi
3552 917 3671 967 sine
3716 918 3824 971 line

2239 982 2543 1033 cruciantur
2568 983 2618 1034 in
2645 982 2867 1042 inferno,
2895 983 2981 1034 ubi
3006 996 3218 1033 vermes
3239 996 3421 1034 eorum
3452 999 3556 1035 tton
3583 1002 3823 1040 mortuu-

2240 1062 2343 1112 tur,
2387 1060 2434 1103 et
2467 1050 2601 1118 ignis
2630 1066 2816 1104 eorum
2844 1067 2946 1104 non
2979 1051 3352 1116 exstinguitur.
3382 1052 3433 1103 lu
3468 1068 3575 1119 quo
3609 1056 3822 1111 inferno

2241 1134 2346 1171 non
2381 1129 2463 1174 est
2503 1123 2605 1173 ulla
2638 1136 2765 1184 vox,
2803 1121 2903 1174 nisi
2935 1120 3190 1189 gemitus;
3238 1120 3307 1174 ibi
3342 1139 3445 1173 non
3487 1136 3569 1176 est
3597 1128 3703 1180 ulla
3730 1144 3818 1180 re—

2238 1190 2409 1254 quies,
2442 1192 2540 1243 nisi
2568 1194 2798 1253 llamma,
2834 1194 2919 1244 tibi
2952 1192 3097 1244 multi
3130 1204 3374 1259 qmerunt
3399 1196 3558 1246 liuern
3592 1200 3775 1250 mortis
3800 1239 3816 1259 ,

2238 1268 2292 1311 et
2321 1259 2455 1313 mori
2496 1276 2601 1314 non
2637 1270 2875 1325 possmit.
2920 1263 3188 1329 Scriptum
3230 1273 3310 1316 est
3351 1262 3497 1316 enim
3532 1282 3544 1316 :
3578 1263 3817 1321 Potentes

2240 1338 2469 1396 potenter
2493 1340 2741 1384 tormenta
2773 1334 3057 1399 patiuntur.

2309 1400 2361 1451 6.
2388 1402 2432 1452 Ο
2464 1400 2675 1465 fratres,
2705 1401 3001 1467 intelligite,
3032 1400 3162 1453 dicit
3189 1400 3465 1455 Psalmista
3497 1420 3509 1454 :
3540 1402 3666 1456 Non
3694 1424 3813 1459 mor-

2241 1470 2314 1521 tui
2330 1470 2611 1523 laridabunt
2629 1484 2696 1536 te,
2718 1471 2949 1535 Domine,
2970 1488 3130 1539 neque
3146 1488 3316 1525 omnes
3330 1474 3415 1540 qui
3435 1472 3749 1528 descendunt
3766 1482 3815 1531 in

2240 1540 2523 1607 infernum.
2544 1540 2780 1606 Fratres,
2797 1544 3065 1609 quomodo
3082 1555 3302 1613 possunt
3326 1543 3605 1597 nominare
3630 1546 3812 1613 Deusu,

2239 1612 2326 1676 qui
2354 1626 2567 1680 semper
2590 1624 2713 1665 sunt
2743 1614 3081 1682 intenebris,
3114 1622 3165 1665 et
3198 1612 3247 1663 in
3279 1614 3395 1665 loco
3424 1620 3739 1682 lumbum".
3766 1612 3814 1673 Cl

2239 1695 2452 1747 semper
2480 1687 2713 1735 clamant
2741 1700 2752 1733 :
2798 1681 2885 1735 Va:
2917 1692 3021 1733 tam
3056 1684 3371 1735 umbrosum
3401 1685 3591 1746 licunt,
3624 1698 3725 1739 tam
3750 1702 3814 1741 te-

2240 1751 2503 1804 nebrosam
2529 1753 2745 1821 foveam,
2776 1754 2937 1823 315
2963 1765 3065 1804 tam
3093 1754 3361 1805 obscuram
3392 1770 3690 1821 cavernam,
3718 1772 3814 1809 tum

2231 1834 2466 1874 aurarum
2486 1824 2674 1889 locum,
2701 1834 2805 1874 tum
2834 1823 3169 1876 ntiwrrimant
3196 1825 3368 1886 vitam,
3392 1833 3494 1875 lunt
3522 1826 3813 1880 dulciorem

2232 1894 2543 1967 nramioneru
2567 1893 2589 1944 ?
2617 1894 2872 1955 Omiseri,
2904 1896 2971 1946 de
3003 1904 3108 1967 tam
3142 1908 3300 1967 parva
3328 1908 3427 1945 vita
3462 1906 3568 1947 tam
3604 1901 3811 1967 longua

2230 1970 2477 2026 mortem,
2502 1963 2568 2015 de
2596 1970 2699 2015 tim
2724 1978 2880 2031 parva
2904 1966 3266 2016 consolatione
3290 1972 3392 2016 latri
3424 1967 3635 2032 longam
3660 1963 3739 2029 ui;
3763 1970 3814 2022 li-

2229 2033 2470 2103 vitatem,
2501 2035 2568 2086 de
2591 2042 2695 2087 tam
2721 2049 2877 2101 parva
2925 2033 3103 2087 laetitia
3135 2046 3239 2085 tam
3276 2035 3484 2103 longam
3522 2038 3585 2087 tri
3621 2038 3809 2097 titiam,

2227 2100 2294 2154 de
2324 2113 2427 2155 tam
2467 2117 2629 2170 parvo
2660 2100 2806 2157 lucro
2829 2116 2930 2156 tam
2953 2119 3114 2171 grave
3136 2100 3423 2165 damnaui,
3455 2105 3520 2157 de
3552 2120 3663 2158 tam
3699 2126 3813 2171 par-

2230 2186 2293 2243 vo
2334 2172 2537 2228 honore
2577 2183 2680 2227 tam
2711 2176 2896 2243 longus
2922 2175 3152 2233 dolores,
3196 2174 3262 2226 de
3298 2184 3401 2227 tam
3432 2189 3589 2240 parva
3614 2176 3817 2243 jucun-

2227 2241 2391 2297 ditate
2422 2253 2525 2297 tam
2557 2259 2764 2297 atnaras
2799 2241 3088 2313 facryinas,
3123 2255 3226 2297 tam
3262 2246 3516 2296 immensa
3544 2241 3774 2312 stiSpiria
3796 2288 3813 2310 ,

2229 2320 2332 2383 tam
2353 2316 2618 2367 luctuosos
2633 2315 2879 2380 gemitus,
2902 2328 3005 2366 tant
3025 2330 3265 2383 magnam
3295 2330 3422 2366 iram
3442 2324 3495 2367 et
3517 2319 3811 2373 tristitiam.

2226 2380 2302 2455 lbi
2328 2399 2431 2436 nou
2457 2386 2673 2451 adptvat
2697 2395 2843 2450 pater
2867 2386 2931 2437 ad
2961 2380 3153 2448 liliuui,
3190 2398 3287 2437 nec
3318 2386 3454 2455 libus
3484 2386 3546 2437 ad
3572 2398 3810 2455 patrem;

2230 2454 2299 2504 ibi
2331 2468 2435 2507 non
2467 2456 2728 2507 invenitur
2755 2456 2956 2508 anticus
2978 2457 3063 2521 qui
3094 2456 3317 2506 redimat
3343 2454 3595 2520 arnium,
3637 2473 3809 2525 neque

2230 2526 2391 2575 lrater
2412 2527 2500 2591 qui
2530 2536 2807 2579 soccurrat
2836 2526 3001 2577 fratri.
3027 2525 3099 2575 lbi
3125 2535 3331 2577 amatur
3365 2528 3697 2592 pietiitentia,
3716 2530 3808 2583 sed

2229 2595 2373 2646 tarde
2402 2595 2595 2660 agitur.
2647 2595 2770 2648 Vae!
2810 2595 2994 2648 duram
3045 2599 3408 2657 mansionem,
3454 2604 3558 2648 tam
3603 2613 3808 2653 crocu-

2226 2663 2382 2716 bileiu
2417 2666 2705 2726 llammam,
2742 2676 2846 2718 tam
2880 2668 3137 2718 inuneusa
3165 2676 3444 2718 torruenta.

2298 2734 2350 2787 7.
2390 2734 2465 2786 lbi
2507 2736 2685 2789 miseri
2716 2752 2835 2789 cum
2868 2736 3093 2792 miseris.
3137 2735 3351 2802 superbi
3378 2752 3498 2789 cum
3526 2737 3800 2804 superbis,

2226 2805 2507 2857 homicidae
2531 2820 2651 2858 cum
2679 2807 2977 2867 hornieidis,
3001 2807 3228 2859 adulteri
3252 2821 3366 2857 cum
3393 2806 3671 2870 adulteris,
3705 2810 3806 2859 ini-

2225 2876 2314 2947 qui
2340 2878 2482 2929 fures
2512 2892 2631 2947 cum
2658 2880 2669 2928 l
2692 2880 2801 2929 alsés
2824 2877 3231 2939 mercatoribus,
3266 2876 3377 2927 falsi
3409 2878 3655 2929 monachi
3680 2896 3804 2930 cunt

2225 2941 2371 2998 falsis
2386 2947 2592 3013 puellis,
2613 2946 2731 3000 falsi
2751 2946 3053 3000 sacerdotes
3067 2962 3187 2999 cum
3211 2947 3356 2998 talsis
3372 2948 3660 3014 episeopis.
3684 2952 3803 3001 laici

2224 3018 2468 3069 similiter
2505 3031 2625 3070 cum
2674 3017 2917 3085 pessimis
2957 3019 3125 3068 laicis.
3158 3014 3233 3069 lbi
3269 3020 3507 3082 pessima:
3543 3019 3800 3071 mulieres

2227 3100 2349 3139 cum
2381 3086 2757 3141 infelicissimis
2790 3087 3165 3141 meretricibus
3198 3105 3209 3139 :
3243 3101 3429 3141 omnes
3465 3088 3805 3141 inenarrabi-

2228 3156 2362 3208 libus
2382 3160 2761 3210 cruciabunlur
2811 3159 3078 3219 llaunuis,
3132 3169 3184 3208 et
3227 3171 3332 3209 non
3390 3160 3663 3210 trahebant
3713 3174 3801 3211 re-

2224 3229 2424 3292 quiem,
2450 3229 2549 3279 tiisi
2580 3230 2849 3281 Doiuinica
2873 3227 2960 3279 die
2987 3227 3416 3293 resurrectionis,
3449 3231 3587 3280 sicut
3611 3232 3798 3283 beatus

2226 3294 2550 3365 Augustinus
2593 3299 2719 3351 dicit
2754 3316 2766 3349 :
2811 3298 3082 3350 Dominica
3126 3298 3213 3351 die
3260 3298 3667 3352 resurrectionis
3698 3315 3802 3364 qua

2225 3366 2353 3419 liora
2386 3370 2639 3422 Dominus
2671 3380 2850 3422 noster
2877 3379 3107 3421 surrexrt
3138 3383 3166 3419 a
3200 3380 3425 3421 mortuis
3465 3383 3645 3431 mane,
3687 3368 3793 3423 ille

2222 3439 2412 3490 animae
2457 3439 2719 3506 justorum
2765 3440 2978 3492 veniunt
3018 3439 3229 3490 visitare
3269 3442 3514 3505 sepulcra
3555 3454 3689 3504 sua,
3730 3450 3789 3494 et

2223 3507 2402 3561 dicere
2438 3523 2452 3560 :
2496 3510 2640 3562 Bene
2672 3525 2731 3561 va
2757 3524 2849 3562 eas
2877 3549 2890 3571 ,
2933 3510 3072 3561 borte
3110 3522 3254 3561 socie
3283 3510 3403 3577 quia
3448 3510 3585 3563 bene
3631 3511 3795 3576 egisri

2224 3593 2428 3630 mecum
2462 3579 2512 3630 in
2548 3582 2646 3632 bOc
2677 3581 2894 3641 steculo,
2926 3582 3121 3631 bonum
3152 3593 3263 3640 vas,
3305 3579 3477 3632 amice
3508 3580 3797 3634 dilectissi-

2223 3663 2331 3700 tnc.
2356 3645 2433 3700 Tu
2474 3650 2641 3717 magis
2669 3651 2985 3702 ciriise..sisti
3028 3664 3173 3701 arma
3207 3648 3464 3716 angelica,
3499 3666 3662 3717 quam
3694 3652 3795 3702 im-

2224 3716 2597 3786 pugnationem
2630 3722 2828 3773 diaboli
2854 3759 2867 3781 .
2915 3721 3038 3787 quia
3087 3719 3345 3784 scripturn
3370 3728 3495 3771 est:
3535 3716 3688 3773 Volui
3718 3723 3801 3787 je-

2219 3791 2428 3855 junarc,
2461 3790 2830 3858 pmriitentiaiu
2862 3805 3017 3857 agere
3039 3828 3055 3851 ,
3086 3793 3463 3857 eleeumsyuas
3491 3790 3658 3853 dare,
3706 3808 3798 3842 nu-

2221 3864 2319 3912 dos
2346 3870 2569 3923 vestire,
2602 3861 2841 3913 inlirrnos
2878 3860 3097 3913 visitare
3118 3898 3134 3921 ,
3165 3861 3230 3911 ad
3269 3859 3548 3912 ecclesiam
3577 3860 3795 3925 venire,

2220 3940 2433 3982 saucias
2473 3929 2774 3997 Scripturas
2804 3929 2986 3984 audire
3008 3969 3023 3993 ,
3052 3939 3107 3983 et
3134 3930 3404 3983 custodire
3428 3967 3443 3992 ,
3488 3928 3584 3982 Dei
3612 3944 3797 3983 servos

2220 4012 2423 4065 amare,
2462 4012 2515 4052 tu
2539 4001 2668 4053 mihi
2690 4001 3029 4063 consensisti,
3061 4010 3114 4052 et
3151 4000 3457 4061 bonorasti,
3492 4004 3620 4065 quia
3654 4010 3709 4053 to
3742 4017 3799 4054 es

2220 4072 2419 4124 Iactura
2448 4070 2562 4136 Dei,
2597 4082 2651 4125 et
2678 4085 2777 4138 ego
2811 4071 3085 4138 inSpiratio
3114 4070 3235 4121 vita:
3258 4108 3273 4131 ,
3315 4080 3369 4121 et
3396 4084 3427 4123 a
3452 4070 3560 4122 Deo
3588 4081 3795 4124 creata.

2220 4140 2297 4193 'l'u
2329 4141 2601 4209 requiesce
2651 4143 2916 4195 modicum
2961 4150 3170 4207 tempus
3198 4142 3263 4208 _in
3295 4155 3423 4206 pace
3449 4155 3681 4192 securus
3701 4180 3716 4199 ,
3747 4152 3801 4193 et

2218 4226 2319 4279 ego
2351 4224 2585 4265 revertar
2617 4213 2681 4264 ad
2723 4212 2854 4264 tein
2898 4210 3175 4263 mansione
3217 4221 3416 4262 retenta
3444 4251 3458 4273 ,
3509 4219 3568 4262 ut
3611 4210 3794 4265 videas

2218 4283 2431 4347 qualem
2464 4283 2794 4335 mansionem
2833 4291 2884 4334 et
2913 4292 3163 4349 quautam
3209 4281 3431 4345 gloriam
3480 4281 3635 4333 nobis
3668 4298 3800 4348 prie-

2222 4353 2427 4416 paravit
2461 4354 2599 4406 Deus
2631 4357 2680 4405 iu
2705 4362 2988 4411 :cternnm,
3028 4352 3151 4418 quia
3192 4351 3378 4403 felices
3401 4359 3528 4404 sunt
3559 4354 3649 4418 qui
3681 4366 3798 4404 ser-

543 4415 947 4481 coutiuentiain,
978 4428 1160 4491 contra
1193 4418 1388 4491 furtum
1414 4422 1703 4475 bonitatem
1734 4432 1789 4475 et
1815 4425 2111 4491 beniguiia-
2145 4415 2192 4473 Ι)
2224 4415 2373 4474 ι’ἰυιιι
2402 4423 2449 4476 ei
2475 4461 2491 4487 ,
2525 4432 2577 4476 et
2609 4423 2879 4491 lucebunt,
2901 4435 3021 4475 cum
3046 4415 3136 4472 'eo
3178 4420 3317 4472 sicut
3345 4422 3423 4473 sol
3445 4459 3462 4484 ,
3508 4415 3659 4491 sicut
3687 4421 3800 4489 ipse

546 4498 673 4559 tem,
717 4497 901 4541 contra
937 4489 1211 4542 avaritiam
1252 4490 1549 4559 largitatem
1576 4532 1591 4553 ,
1622 4501 1805 4545 contra
1849 4489 2111 4551 luxuriam

544 4558 863 4621 castitatem,
904 4562 922 4581 ‘
971 4560 1303 4626 patientiam,
1336 4558 1519 4614 contra
1559 4562 1879 4615 discordiam
1920 4567 2113 4621 bonam

544 4628 881 4701 concordiam
913 4639 969 4701 et
994 4630 1324 4701 verissimam
1359 4646 1570 4699 pacem,
1602 4642 1787 4686 contra
1824 4636 2114 4701 perjurium

546 4701 789 4751 timorem
825 4699 1032 4751 Domini
1072 4714 1124 4753 et
1150 4716 1284 4754 vram
1309 4711 1540 4765 rectam,
1574 4699 1930 4757 firmissimam
1957 4708 2113 4760 tidem

546 4779 784 4822 tenentes
813 4783 993 4823 coram
1025 4771 1163 4837 Deo,
1210 4783 1263 4825 et
1307 4773 1608 4826 hominibus
1644 4790 1763 4827 cum
1808 4772 2012 4842 justitia
2063 4790 2117 4832 et

545 4844 844 4894 sanctitate.

616 4910 668 4965 4.
701 4910 802 4963 Ista
832 4920 955 4963 sunt
979 4926 1123 4964 arma
1149 4914 1411 4982 angelica,
1445 4926 1495 4969 et
1526 4914 1686 4969 lorica
1715 4915 1835 4970 forti
1871 4958 1885 4982 ,
1914 4925 1967 4970 et
1987 4930 2113 4970 Scu-

541 4989 656 5036 tqu
688 4982 1049 5035 firmissimum
1074 5022 1088 5045 ,
1113 4994 1165 5036 rt
1189 4985 1338 5052 galea
1383 4987 1595 5039 salutis.
1627 4987 1727 5050 Qui
1752 4987 1849 5040 ista
1882 5002 2028 5039 arma
2062 4990 2113 5041 in

539 5052 687 5105 enini
721 5053 838 5105 loco
864 5067 1044 5106 secum
1076 5054 1341 5120 habuerit,
1373 5058 1551 5109 uullrts
1573 5056 1817 5110 diabolus
1844 5058 1890 5109 ei
1922 5073 2116 5112 nni-ere

543 5124 777 5191 poterit;
824 5124 916 5176 sed
950 5124 1034 5177 hic
1062 5136 1114 5177 et
1148 5126 1198 5178 in
1237 5140 1493 5179 aeternum
1528 5132 1705 5180 salvus
1737 5129 1863 5182 erit.
1904 5128 1948 5181 0
1979 5129 2116 5182 dile-

539 5194 766 5247 Clirbillli
795 5192 1001 5256 fratres,
1030 5206 1214 5248 contra
1248 5198 1530 5262 pessiruurn
1568 5198 1771 5251 hostem
1800 5208 2001 5250 tuntrnu
2030 5216 2116 5252 ar-

542 5280 689 5317 mare
730 5280 825 5316 no.
871 5266 1127 5318 debemus
1152 5306 1166 5330 ,
1216 5276 1273 5319 ut
1313 5268 1457 5320 illtrui
1502 5282 1753 5333 superare
1796 5269 2064 5320 valeamus
2094 5310 2110 5335 ,

541 5335 662 5401 quia
690 5338 801 5402 ipse
828 5348 1151 5403 prieparatus
1174 5348 1277 5401 est,
1308 5348 1365 5390 ut
1389 5338 1546 5401 latro,
1570 5338 1636 5391 ad
1664 5341 1938 5391 iurandum
1972 5340 2007 5392 b
2030 5357 2113 5392 una

541 5421 741 5471 opera,
791 5408 926 5457 mala
975 5410 1220 5460 C(Hlsiiiﬂl
1260 5417 1313 5460 et
1355 5409 1742 5463 subministrat.
1778 5411 1913 5464 Sunt
1959 5411 2114 5463 multi

539 5478 626 5539 qui
670 5491 760 5543 per
801 5477 1073 5529 audaciam
1119 5478 1409 5532 adversarii
1461 5482 1595 5532 mala
1648 5492 1933 5533 securitate
1968 5481 2116 5533 dlCi'

542 5558 772 5610 pumiur,
804 5558 863 5618 ei
888 5548 1119 5618 cogitaui
1160 5553 1292 5601 inter
1321 5564 1379 5602 se
1409 5551 1649 5604 dicentes
1685 5567 1696 5600 :
1728 5548 1948 5605 Juveuis
1970 5565 2111 5618 sum,

537 5622 594 5663 et
620 5622 825 5681 tempus
855 5616 1025 5667 habeo
1048 5619 1244 5672 mundo
1273 5621 1393 5683 frui;
1420 5635 1541 5674 cum
1568 5624 1635 5675 ad
1663 5632 1994 5674 senectutem
2023 5616 2113 5676 veé

541 5693 690 5745 uerri,
722 5685 1086 5750 pinnitenliam
1117 5702 1289 5757 agam.
1333 5692 1375 5744 υ
1408 5692 1570 5746 miser
1596 5692 1684 5761 qui
1726 5694 1839 5749 lucc
1868 5702 2070 5759 cogitas
2096 5735 2109 5759 ,

2220 4492 2475 4545 Dominus
2499 4493 2573 4546 ait
2600 4510 2612 4545 :
2639 4494 2779 4545 Justi
2803 4490 3065 4562 fulgebunt
3094 4491 3221 4543 sicut
3242 4490 3330 4562 ευι
3349 4491 3400 4543 in
3432 4506 3593 4560 regno
3618 4488 3798 4543 Patris

2218 4564 2337 4629 mei,
2370 4573 2419 4615 et
2449 4572 2567 4615 tunc
2594 4560 2901 4633 gaudebunt
2926 4575 3125 4633 uicerim
3164 4562 3273 4633 sine
3298 4560 3417 4626 ﬁne.
3447 4563 3582 4626 Quia
3610 4577 3798 4628 quain—

2219 4635 2297 4685 vis
2336 4635 2457 4687 dua:
2499 4630 2948 4701 concupiscemus:
2995 4631 3221 4684 fuissent
3262 4630 3400 4701 inter
3428 4635 3713 4684 oculorum
3742 4645 3799 4685 et

2218 4706 2327 4756 oris
2353 4705 2640 4767 luxuriam,
2665 4700 2741 4757 eis
2766 4718 2872 4757 non
2900 4701 3235 4755 consensisti.
3265 4700 3437 4768 Prope
3465 4713 3549 4754 est
3572 4703 3659 4754 ubi
3686 4718 3799 4755 me-

2217 4788 2337 4826 cum
2370 4776 2673 4828 mercedem
2711 4786 2967 4827 aeternam
2999 4772 3259 4842 recipias,
3288 4780 3343 4825 et
3374 4772 3446 4826 ibi
3478 4778 3800 4839 ,requiesces

2221 4846 2275 4898 iu
2307 4844 2505 4898 saecula
2529 4844 2865 4898 saeculorum.

2290 4922 2344 4969 δ.
2373 4915 2632 4969 Similiter
2650 4926 2704 4968 et
2728 4917 2814 4967 illa
2855 4911 3125 4982 peccatrix
3158 4912 3333 4966 anima
3359 4926 3481 4965 cum
3526 4911 3794 4980 nequissi-

2221 5000 2308 5038 mo
2335 4986 2523 5052 angelo
2562 4988 2773 5040 Satante
2820 4998 2941 5038 cum
2980 4982 3248 5036 calumnia
3277 4994 3330 5036 et
3357 4997 3478 5036 cum
3513 4985 3658 5038 vitiis
3683 4986 3797 5037 suis

2220 5057 2451 5125 loquitur
2479 5057 2660 5110 dicens
2692 5073 2704 5107 :
2740 5056 2891 5109 Heu!
2923 5056 3057 5106 heu!
3093 5055 3348 5107 miserum
3362 5067 3647 5125 corpus,
3668 5054 3797 5119 quid

2221 5122 2363 5179 tanta
2389 5127 2526 5180 mala
2549 5127 2705 5195 egisti
2725 5124 2976 5179 mecum?
3008 5128 3069 5176 Et
3090 5140 3190 5195 ego
3211 5139 3331 5177 cum
3354 5122 3552 5177 Salaria
3580 5123 3651 5176 fui
3678 5140 3801 5177 cum

2222 5198 2364 5250 vitiis
2394 5196 2507 5249 suis
2531 5236 2547 5260 ,
2578 5194 2702 5265 quia
2734 5211 2837 5250 non
2868 5194 3189 5249 consensisti
3223 5209 3369 5265 arma
3398 5195 3640 5261 angelica
3673 5208 3805 5245 con-

2222 5277 2299 5319 tra
2330 5269 2550 5320 insidias
2579 5264 2774 5320 diaboli
2826 5266 2960 5333 Quia
2998 5275 3049 5318 tu
3088 5264 3385 5331 concupisti
3427 5265 3752 5317 manduca:e
3787 5301 3804 5325 ,

2222 5339 2421 5402 bibere,
2451 5338 2729 5400 luxuriari,
2760 5337 3031 5399 occidere,
3061 5335 3374 5399 adulterari,
3410 5333 3691 5397 fornicari,
3723 5336 3803 5385 fu-

2226 5412 2355 5471 rari,
2381 5409 2785 5476 concupiscere,
2832 5408 3065 5476 mentiri,
3084 5404 3286 5458 falsum
3323 5406 3685 5476 teStimonium
3714 5407 3801 5456 dio

2221 5494 2375 5542 cere,
2428 5474 2591 5547 opera
2627 5474 2824 5533 diabdli
2870 5474 3049 5531 facere
3077 5517 3091 5542 ,
3122 5490 3175 5529 ei
3206 5490 3323 5547 non
3344 5477 3501 5546 egisti
3536 5474 3801 5543 peniten-

2225 5550 2371 5610 tiam,
2402 5544 2495 5603 sed
2527 5553 2578 5603 in
2608 5548 2749 5602 mala
2772 5552 3082 5609 securitate,
3116 5562 3167 5600 et
3192 5544 3507 5615 negligentia
3531 5547 3801 5609 deiecisti,

2224 5630 2277 5691 tu
2303 5620 2541 5691 jacesin
2567 5621 2673 5673 iuro
2700 5657 2714 5681 ,
2746 5634 2846 5685 ego
2890 5620 3099 5671 crucior
3148 5619 3224 5691 in_
3249 5618 3475 5671 mlcrno.
3510 5617 3679 5683 Prope
3720 5624 3804 5691 est

2223 5686 2339 5746 dies
2360 5689 2545 5758 iudicii
2572 5730 2587 5758 ,
2619 5695 2831 5757 quando
2882 5698 3119 5745 revertar
3161 5686 3227 5741 ad
3259 5696 3309 5739 te
3330 5726 3349 5755 ,
3383 5698 3437 5742 et
3478 5686 3803 5755 [esui-gestu
