4180 6178
580 286 732 340 ’ίὲἰῖ

1359 285 1448 337 AD
1487 283 1543 338 S.
1590 282 1837 339 lSlDOlil
1885 283 2332 340 HISPAIJENSIS
2372 284 2604 339 UPU‘iA
2644 285 3074 344 APPENDICES

3737 299 3873 352 1128

598 407 945 470 praesumunt,
975 413 1078 452 non
1104 405 1320 465 proiitcr
1350 396 1534 470 vitam,
1566 396 1668 470 sed,
1700 404 1916 470 propter
1953 412 2174 470 regnum
2206 409 2255 466 Α
2284 403 2614 465 ργωριιτιιῑιιι·
2657 396 2708 450 in
2754 398 3037 451 candidam
3085 400 3319 467 speciem
3378 400 3636 456 molarum
3692 404 3875 465 labore

593 466 847 526 canorum
866 471 1122 535 baptisma
1143 469 1371 534 parvulis
1390 466 1793 521 conferendum.
1812 467 1924 521 Siih
1946 470 2009 520 iis
2035 469 2175 521 enim

598 543 802 595 Domini
826 539 1000 593 verbis
1020 540 1213 607 quibus
1232 540 1553 606 evangelista
1579 548 1884 605 pronuntiat
1905 556 2003 590 non
2028 542 2179 591 liabe-

597 614 711 665 bitis
754 612 909 664 vitam
953 614 1005 662 in
1044 611 1211 671 vobis,
1258 623 1442 676 aperte
1489 609 1829 679 intelligenda
1873 620 1953 661 est
2001 611 2178 663 omnis

592 688 769 735 anima
797 696 1015 735 munere
1056 682 1298 745 baptismi
1330 695 1513 738 vacua.
1549 695 1653 731 non
1685 680 1859 732 solum
1890 680 2054 747 gloria
2086 695 2176 731 ca-

594 768 735 813 rere,
768 750 860 804 sed
890 752 1021 805 vita.
1054 750 1165 803 Hoc
1197 749 1373 817 itaque
1405 749 1657 802 dominici
1709 752 1977 816 sanguinis
2002 751 2178 802 vinum

584 837 731 889 aqua
763 836 883 875 esse
914 822 1267 887 miscendum,
1315 836 1416 871 non
1446 820 1619 873 solum
1650 820 1953 878 tradbione.
2001 822 2093 873 sed
2122 836 2178 871 e-

593 896 721 943 tiam
746 892 859 953 ipso
875 906 1074 959 genere
1092 890 1353 959 passionis
1383 889 1635 943 Dominus
1656 892 1909 955 ostendit,
1944 908 2004 943 ex
2031 892 2180 957 cujus

591 976 746 1014 sacro
774 961 937 1015 latere
958 961 1173 1029 sanguis
1199 968 1255 1013 et
1278 974 1410 1027 aqua
1437 961 1631 1014 lanceae
1654 961 1879 1013 illisinue
1908 960 2177 1027 proﬂuxit.

594 1031 745 1086 Sicut
775 1031 1038 1101 Propheta
1093 1034 1263 1085 multo
1291 1041 1412 1084 ante
1444 1033 1737 1101 przecinuit,
1790 1033 1973 1084 dicens
2003 1049 2015 1082 :
2048 1030 2177 1083 Per-

591 1103 746 1155 cussit
773 1099 989 1171 petram,
1016 1112 1061 1154 et
1082 1104 1340 1169 ﬂuxerunt
1366 1116 1513 1169 tiqutc
1536 1099 1709 1169 rl’sal.
1738 1116 1943 1164 Lxxvu,
1973 1101 2087 1171 2U).
2118 1104 2181 1154 ιει

1255 1145 1455 1240 inquii,
1481 1145 1881 1239 de'consequcnti
1909 1145 1991 1223 eyes
2038 1145 2181 1239 petra

594 1240 649 1300 (1
682 1242 803 1297 Cor.
835 1259 888 1306 χ,
912 1242 991 1311 4).
1031 1243 1185 1295 \‘ides
1213 1244 1353 1310 quod
1401 1243 1488 1309 qui
1519 1244 1585 1295 de
1615 1241 1811 1294 Citt'isll
1835 1242 2026 1295 biberit
2056 1259 2178 1312 gra-

597 1315 687 1371 tia.
720 1314 954 1381 sequitur
982 1328 1101 1367 eum
1131 1313 1327 1365 Christi
1352 1314 1731 1365 misericordia.

667 1383 753 1435 η.
772 1384 877 1438 Sed
894 1393 947 1436 et
963 1384 1012 1437 in
1037 1384 1321 1437 Salomone
1336 1383 1400 1436 de
1418 1384 1531 1446 ipso
1549 1384 1755 1435 Christo
1778 1383 2083 1449 przetlictuin
2104 1386 2151 1436 le
2174 1418 2175 1421 η

584 1453 766 1519 .giinus
800 1471 811 1505 :
844 1453 1133 1517 Sapientia,
1166 1454 1355 1519 inquit,
1384 1453 1653 1523 wdi/icavit
1677 1452 1771 1504 sibi
1789 1454 1993 1505 domum
2020 1453 2180 1523 (Pro-

584 1523 733 1574 νει-ιι.
761 1540 836 1587 ix,
867 1524 941 1592 1),
969 1524 1018 1576 id
1050 1534 1161 1587 est,
1192 1536 1385 1588 corpus
1407 1522 1633 1575 hominis
1662 1525 1969 1589 assumpsit,
2004 1522 2052 1574 in
2079 1539 2183 1592 quu

597 1594 853 1646 habitavit
886 1592 1159 1662 plenitudo
1208 1593 1516 1645 divinitatis.
1556 1594 1616 1645 Et
1663 1594 1897 1646 subdidit
1928 1610 1941 1645 :
1977 1593 2183 1646 Excutit

576 1663 856 1716 columnas
884 1676 1091 1732 septem.
1120 1664 1249 1729 Quia
1281 1663 1429 1715 illum
1474 1662 1770 1716 benedictio
1813 1665 2037 1731 Spiritus
2062 1680 2183 1715 siin-

595 1732 663 1785 cti
712 1740 879 1797 gratia
911 1731 1205 1801 septiforiiii
1248 1731 1503 1800 implevit.
1541 1732 1778 1787 Mactai-it
1825 1738 2014 1787 hostias
2042 1752 2178 1797 sitas,

594 1804 794 1856 miscuit
822 1806 875 1856 in
902 1812 1097 1856 cratera
1126 1808 1300 1855 vinum
1328 1806 1760 1871 sutmt,ctparavit
1780 1822 2180 1858 mensaiusuam.

599 1879 660 1926 lat
686 1877 740 1925 in
794 1876 1034 1939 sequenti
1070 1892 1081 1926 :
1122 1872 1322 1937 Venite,
1374 1885 1419 1926 et
1445 1878 1576 1926 edite
1614 1877 1676 1925 de
1704 1878 1916 1941 panibus
1958 1879 2101 1938 meis,
2134 1887 2183 1929 et

595 1942 928 2016 bibitevinuin
960 1944 1110 2013 quod
1147 1945 1327 1996 miscui
1366 1945 1523 1999 vobis.
1551 1945 1852 1998 Admittunt
1901 1962 2026 2014 ergo
2049 1962 2181 2016 aqua

592 2017 780 2067 vinum
811 2013 1062 2083 legimus;
1096 2030 1233 2066 nunc
1264 2029 1479 2069 causim
1514 2024 1941 2084 tnta..ntruiiiqtie
1969 2013 2181 2070 mist-eri

599 2084 855 2139 Dominus
884 2086 1108 2138 voluerit
1138 2084 1486 2151 inquiratnus.
1525 2089 1747 2150 Quando
1791 2089 1841 2139 in
1873 2087 2180 2141 Judaeoruin

598 2155 842 2209 convivio
874 2154 1313 2223 nuptialivinnm,
1335 2154 1386 2208 id
1415 2165 1516 2217 est,
1545 2158 1673 2207 iides
1702 2156 2047 2210 deliciebatin
2078 2162 2178 2224 eis,

601 2227 802 2289 vinum,
834 2225 1069 2296 inquam,
1103 2225 1408 2286 deﬁciebat,
1440 2241 1469 2293 q
1513 2226 1560 2278 ia
1591 2227 1740 2279 vinea
1768 2228 1993 2280 l‘ructnm
2024 2244 2182 2295 nega.

601 2297 711 2353 bat.
730 2299 801 2349 De
816 2312 914 2365 qua
932 2298 1160 2350 dicitur:
1180 2296 1483 2361 Exspectata
1514 2306 1566 2348 ut
1584 2297 1768 2365 faceret
1788 2314 1927 2363 uvas,
1947 2302 2064 2366 [cett
2084 2315 2151 2348 an
2165 2328 2179 2337 -

594 2378 692 2438 I_cm
707 2368 878 2435 spinas
904 2366 1055 2437 (lsai.
1090 2382 1139 2430 v,
1165 2366 1247 2423 2;.
1280 2366 1429 2421 Unde
1450 2374 1503 2420 et
1525 2376 1724 2420 sertum
1747 2382 1992 2435 Spincuin
2020 2370 2179 2438 capiti

600 2435 976 2505 Redemptoris
997 2438 1267 2505 imposuit.

667 2505 753 2561 15.
778 2508 1001 2574 Quando
1031 2522 1157 2576 ergo
1184 2507 1434 2559 Dominus
1457 2506 1677 2575 nuptiali
1708 2515 1973 2573 tempore,
2001 2507 2052 2561 id
2076 2517 2178 2572 est,

597 2578 812 2645 quando
834 2593 1063 2644 sponsus
1108 2578 1365 2631 Ecclesia:
1391 2592 1501 2629 suae
1554 2578 1788 2644 paschali
1828 2581 2183 2632 exsultatione

592 2648 894 2715 jungendus
920 2663 1084 2715 aquas
1115 2649 1164 2700 iu
1197 2649 1315 2701 vina
1347 2650 1639 2705 convertit.
1681 2649 1961 2701 ininife>te
2011 2650 2185 2716 pradi-

595 2718 822 2784 gurabat
849 2716 1213 2788 multitudines
1242 2720 1477 2788 gentium
1508 2721 1782 2786 sanguinis
1809 2718 1889 2771 sui
1910 2724 2077 2786 g:atia
2100 2734 2185 2771 es-

596 2802 655 2841 se
695 2789 945 2841 victuras.
982 2787 1083 2840 l'er
1110 2787 1275 2855 aquas
1303 2790 1442 2841 enim
1495 2789 1778 2857 sigiiiticari
1821 2791 2063 2857 populus,
2096 2806 2183 2842 sa-

595 2858 952 2929 crisaperitnr
976 2858 1221 2927 eloquiis.
1248 2860 1337 2912 Sic
1358 2858 1523 2926 319
1551 2858 1772 2926 legimus
1806 2876 1817 2910 :
1846 2861 2013 2929 Aquas
2036 2861 2180 2923 istas,

597 2944 724 3000 quas
744 2928 933 3000 uidisti,
951 2930 1129 2997 paputi
1150 2942 1287 3000 sunt,
1304 2938 1549 3000 rigentes,
1575 2940 1619 2981 et
1646 2929 1834 2999 lingua:
1850 2928 2032 2998 (Apoc.
2054 2945 2180 2992 xvii,

602 2998 717 3067 ἱὺ).
754 2998 1004 3054 Videmus
1034 3003 1085 3051 iii
1124 2999 1274 3068 aquis
1315 2998 1535 3067 ligni-ain
1564 2998 1797 3068 gentium
1828 3003 2182 3054 demonstrari

600 3070 651 3139 lii
676 3070 799 3122 vino
826 3079 1001 3139 autem
1032 3070 1313 3123 dominica:
1365 3073 1625 3137 passionis
1657 3071 1968 3139 sanguinein
1997 3078 2181 3124 osten-

2284 470 2656 535 perlicitur,ac
2689 483 2781 532 per
2808 485 3000 533 aquam
3026 479 3079 521 et
3104 475 3273 535 ignem
3304 472 3353 523 in
3387 474 3542 525 unius
3566 476 3722 540 panis
3750 481 3875 533 sub-

2279 540 2953 617 stantiam.congregatur,
3003 542 3079 592 sic
3120 544 3279 617 varia:
3315 554 3500 610 gentes
3543 546 3875 617 diversaeque

2282 608 2523 661 "itiones
2547 606 2597 659 in
2628 606 2793 661 nnaiu
2808 610 2962 661 tidem
2985 606 3362 664 convenientes
3380 629 3537 665 unum
3556 616 3622 668 de
3640 632 3697 670 se
3718 606 3866 673 Ch'rt-

2278 678 2342 752 s'i
2362 674 2838 752 corpuseiticiunt;
2864 682 3261 734 etChristianus
3276 688 3517 749 populus,
3535 688 3686 752 quasi
3714 692 3871 745 tritici

2284 746 2687 800 innumerabilis
2724 755 2900 827 grani,
2931 765 2960 803 a
2983 752 3256 827 sacrilegis
3276 746 3597 827 nationibus,
3629 757 3873 827 lidepur-

2279 828 2437 892 gante
2483 825 2642 892 atque
2682 822 2973 885 crihiaute,
3030 822 3289 874 collectus
3336 824 3597 886 cernitur,
3656 822 3871 892 quando

2281 889 2623 950 discernitur,
2650 892 2778 967 etin
2804 905 3006 967 unum,
3043 894 3529 967 quasi_itilideliuin
3573 889 3700 949 lolio
3750 917 3871 967 per-

2284 968 2609 1019 transeunte,
2641 960 2926 1029 Colligitur,
2952 975 3003 1013 et
3024 961 3148 1014 dum
3176 961 3635 1018 Testamemorum
3668 960 3866 1023 insiru-

2286 1030 2484 1090 eiiune,
2520 1030 2664 1105 velut
2716 1031 3036 1105 fiuiiientiim
3092 1033 3307 1105 gemino
3363 1036 3623 1088 mnlarmn
3683 1054 3866 1105 opere,

2281 1106 2520 1173 curatum
2546 1099 2776 1173 nitescit,
2804 1101 2922 1152 etin
2941 1102 3080 1153 illam
3102 1104 3284 1169 primae
3310 1108 3529 1172 originis
3553 1099 3864 1173 dignitatem

2284 1171 2461 1244 nativo
2502 1169 2733 1244 candore
2788 1180 3024 1244 mutatur
3070 1187 3133 1224 ac
3176 1188 3269 1244 per
3325 1169 3517 1239 aquam
3586 1169 3864 1244 baptismi,

2282 1241 2426 1292 velut
2456 1240 2749 1316 perm-ignem
2787 1240 3017 1308 Spiritus
3046 1243 3238 1307 saneti,
3290 1246 3479 1298 aeterni
3525 1240 3671 1301 illius
3718 1240 3866 1316 panis

2283 1324 2474 1374 Corpus
2500 1308 2746 1363 eflicitur.

2358 1379 2442 1432 15.
2497 1379 2647 1450 Sicut
2686 1396 2813 1447 ergo
2854 1381 3090 1449 separari
3127 1396 3289 1450 grana
3336 1384 3401 1437 ab
3446 1384 3590 1439 illius
3638 1388 3863 1443 confecti

2286 1452 2437 1527 panis
2463 1449 2785 1527 adunatione
2808 1449 3185 1527 nonpossent,
3228 1463 3281 1527 et
3313 1455 3450 1527 sicut
3482 1472 3619 1523 aqua
3650 1462 3717 1510 ad
3753 1476 3869 1527 pro-

2286 1521 2451 1594 priam
2470 1521 2645 1594 redire
2665 1523 3013 1574 substantiam
3038 1523 3157 1575 vino
3178 1525 3383 1577 mistam
3399 1524 3508 1593 jam
3530 1521 3636 1579 nou
3665 1521 3862 1594 potest:

2285 1592 2361 1643 sic
2380 1600 2435 1665 et
2474 1591 2657 1665 lideles
2689 1595 2903 1659 quique,
2932 1600 3090 1665 atque
3120 1591 3414 1658 sapientes,
3442 1597 3530 1664 qui
3564 1591 3870 1665 redeinptos

2286 1676 2344 1714 se
2372 1659 2567 1734 Christi
2586 1664 2847 1730 sanguine
2872 1675 2927 1716 et
2948 1663 3190 1731 passione
3210 1659 3558 1734 cognoscunt,
3585 1669 3655 1719 ita
3678 1659 3871 1723 debent

2287 1733 2439 1799 quasi
2472 1731 2843 1797 inseparabilia
2884 1737 3117 1786 membra
3152 1731 3314 1802 capiti
3348 1752 3443 1788 sua
3484 1738 3609 1801 iide,
3651 1754 3871 1793 conver-

2287 1802 2495 1853 satione
2538 1816 2590 1855 et
2628 1802 3001 1856 ardentissima
3047 1807 3299 1871 religione
3334 1809 3543 1869 sociari,
3598 1819 3653 1861 ut
3696 1814 3763 1862 ab
3806 1828 3868 1861 eo

2286 1890 2389 1924 nun
2415 1871 2704 1945 voluntate,
2731 1889 2835 1927 ηςιιι
2871 1889 2965 1926 nec
2990 1885 3191 1927 ssitaie
3220 1874 3448 1945 seiungi,
3488 1894 3591 1930 not
3619 1883 3727 1932 ulla
3762 1888 3866 1934 ter-

2289 1960 2433 1996 Milli]!
2462 1944 2575 2007 spei
2604 1945 2915 2009 ambitione,
2941 1959 3045 1996 non
3069 1946 3298 2013 denique
3326 1944 3433 2013 ipsa
3463 1951 3665 2014 possint
3700 1962 3871 2003 morte

2284 2014 2482 2067 divelli.
2535 2018 2641 2067 hec
2687 2015 2894 2067 dubitet
2936 2029 3211 2082 quisquam
3273 2022 3554 2082 primartas
3596 2032 3872 2073 creaturas

2284 2095 2412 2136 nutu
2433 2086 2678 2153 potenti-1'
2698 2101 2745 2151 pi
2760 2087 2977 2137 wsentia
2998 2088 3348 2150 tnaiestatisin
3363 2088 3611 2141 dominici
3630 2091 3871 2157 carperis

2286 2160 2508 2212 ιηιιικιιθ
2529 2158 3111 2222 naturam,cuniipsum
3138 2158 3406 2210 hominem
3451 2158 3624 2211 videat
3651 2162 3873 2213 artiliciu

2285 2228 2519 2281 ('mlestis
2551 2226 2925 2278 misericordia:
2956 2225 3146 2278 Christi
3184 2241 3379 2293 crirpus
3408 2230 3677 2281 ell'ectutn.
3724 2234 3873 2285 Sicut

2283 2308 2458 2350 autem
2491 2298 2789 2367 quicunque
2810 2298 2874 2369 ad
2908 2298 3061 2347 iidem
3086 2300 3306 2349 Veniens
3334 2306 3459 2369 ante
3485 2302 3642 2351 verba
3670 2302 3871 2369 baptis-

2285 2383 2354 2419 int
2387 2373 2561 2421 adhuc
2590 2384 2643 2419 iii
2677 2368 2886 2419 vinculo
2913 2376 2995 2419 est
3024 2371 3222 2420 veteris
3243 2367 3427 2431 debiti,
3460 2370 3538 2421 liis
3560 2384 3691 2422 vero
3720 2367 3873 2423 com-

2284 2442 2613 2501 memoratis,
2636 2451 2755 2489 mox
2775 2446 2985 2489 cxmtur
3003 2442 3144 2488 unini
3170 2438 3297 2491 [arce
3313 2441 3537 2505 peceati,
3564 2440 3630 2491 ita
3653 2448 3871 2508 quando

2286 2508 2662 2561 beiiedieeiida:
2691 2510 2865 2559 verbis
2890 2507 3198 2561 etelestibns
3222 2520 3477 2561 creatura:
3498 2507 3868 2564 sacris'altari-

2285 2580 2383 2631 hiis
2402 2582 2768 2647 imponuntur,
2784 2588 3062 2643 antequam
3082 2580 3411 2632 invocatione
3427 2586 3620 2632 sunnni
3637 2584 3867 2635 nominis

2284 2662 2686 2710 consecreutur,
2718 2651 3013 2700 substantia
3050 2649 3156 2700 illic
3182 2661 3263 2702 est
3302 2653 3453 2717 panis
3487 2661 3540 2702 et
3571 2652 3701 2703 vim.
3746 2653 3871 2705 Post

2288 2725 2439 2771 verba
2470 2730 2644 2772 autem
2669 2718 2887 2781 Christi,
2915 2732 3106 2785 LOI'puS
3132 2730 3183 2771 et
3204 2722 3420 2788 sanguis
3447 2730 3531 2773 est
3560 2722 3781 2778 Christi.

2359 2791 2443 2841 iii.
2484 2791 2619 2855 Quid
2649 2798 2823 2840 autem
2857 2792 3046 2841 niirutn
3074 2801 3175 2853 est,
3207 2793 3251 2842 si
3280 2808 3343 2843 ea
3368 2807 3483 2857 qua:
3516 2794 3680 2845 Verbo
3706 2796 3870 2859 potuit

2284 2874 2485 2924 creare,
2514 2862 2674 2913 verbo
2707 2859 2870 2925 possit
2894 2871 3069 2910 creata
3101 2869 3414 2914 convertere
3445 2866 3464 2912 ἲ
3493 2862 3602 2914 lino
3629 2878 3736 2927 iam
3768 2882 3870 2916 ιιιι-

2286 2933 2431 2983 noris
2476 2931 2681 2983 videtur
2727 2944 2849 2982 esse
2892 2928 3152 2991 miraculi,
3217 2931 3262 2983 si
3311 2933 3360 2983 id
3404 2939 3542 2998 quod
3593 2948 3658 2984 ex
3704 2934 3871 2985 nihilo

2284 3002 2590 3068 agnoscitur
2615 2999 2948 3065 c0iididtsse,
2966 2998 3074 3066 jam
3105 3006 3375 3053 conditum
3400 3001 3451 3053 in
3482 3008 3671 3054 melius
3696 3007 3872 3058 valeat

2284 3082 2633 3124 comunitate.
2666 3070 2899 3135 lieiuire
2930 3072 3054 3137 quid
3083 3073 3130 3123 ei
3166 3072 3331 3135 possit
3358 3087 3477 3125 esse
3506 3069 3749 3139 difﬁcile,
3785 3090 3870 3128 cui

600 3138 674 3211 di.
707 3139 783 3211 Ac
812 3138 887 3211 sic
914 3140 1039 3211 dum
1073 3141 1124 3192 in
1153 3136 1503 3194 sacramentis
1529 3143 1706 3192 vinum
1738 3136 1870 3208 aqua
1903 3142 2176 3204 miscetur,
2207 3136 2253 3198 C
2288 3144 2439 3195 laede
2472 3146 2565 3194 luit
2607 3141 2831 3193 visibilia
2862 3152 2917 3211 et
2952 3136 3255 3211 invisibilia
3310 3152 3603 3194 votuutatis
3646 3136 3873 3211 Imperia

596 3208 813 3262 Christo
860 3209 1277 3279 ﬁdeliSpopulus
1332 3211 1704 3277 incorporatur
1743 3219 1797 3264 et
1839 3214 2100 3279 jungitur,
2131 3222 2185 3264 et

596 3280 823 3348 quadam
854 3282 903 3333 ei
935 3282 1118 3348 copula
1148 3281 1395 3347 perlecta:
1422 3281 1697 3334 cliaritatis
1719 3282 1918 3346 unitur,
1939 3296 1992 3334 ut
2019 3285 2187 3350 possit

597 3350 775 3404 dicere
803 3365 924 3418 cuin
966 3352 1224 3418 Apostolo
1256 3366 1271 3405 :
1306 3352 1433 3415 Quis
1464 3366 1556 3404 nos
1584 3354 1837 3414 separabit
1878 3369 1910 3403 α
1944 3354 2187 3406 charitatc

598 3420 821 3560 ξξςίςιὶῗ
841 3417 1163 3474 Tributatio?
1187 3423 1265 3475 An
1286 3425 1588 3491 persecutio,
1613 3431 1849 3475 etctetera
1872 3422 2047 3492 (liam.
2068 3437 2182 3489 vin,

596 3608 597 3611 η
659 3559 762 3632 _M.
828 3560 966 3616 Deus
1006 3573 1180 3616 autem
1228 3562 1426 3615 homini
1485 3574 1729 3632 suscepta
1769 3560 2189 3619 sanctiﬁcatione

601 3627 877 3702 miscetur,
906 3635 1118 3700 quando
1145 3631 1275 3686 ﬁdes
1302 3650 1351 3685 in
1383 3635 1497 3700 ipso
1538 3627 1783 3700 peciore,
1816 3634 2040 3687 atl‘ectus
2067 3633 2186 3702 jus-

601 3701 753 3767 titite,
784 3701 1189 3767 misericordiae,
1216 3702 1445 3770 pietatis.
1467 3704 1781 3757 iul‘unditur.
1805 3704 1971 3755 Etiam
2008 3701 2185 3757 inhoc

603 3771 774 3838 ipsum
816 3773 956 3841 quod
998 3774 1297 3827 numerosis
1339 3774 1495 3826 tritici
1535 3775 1715 3841 granis
1759 3789 1947 3840 panem
1995 3776 2185 3828 conlici

600 3844 863 3904 novimus,
885 3844 1138 3897 unitatem
1158 3853 1367 3897 coiistat
1396 3845 1657 3912 assignari
1684 3847 2019 3911 populorum.
2038 3845 2185 3898 Sicut

600 3912 745 3965 enim
778 3912 1099 3969 frumentum
1130 3913 1274 3984 quod
1302 3912 1478 3968 solida
1518 3914 1791 3982 purgantis
1826 3914 2186 3969 sollicitudine

628 4044 3600 4077 ~——-————————————————_———-———_—___

2288 3214 2545 3265 su5citare
2578 3227 2592 3275 ;
2631 3213 2715 3263 cui
2762 3210 2914 3263 facile
2953 3209 3052 3264 fuit
3084 3212 3353 3265 hominem
3400 3214 3467 3266 de
3496 3214 3605 3265 limi
3651 3209 3871 3269 materia

2289 3285 2545 3351 iigurare,
2580 3285 2807 3347 imagine
2834 3283 2993 3333 etiam
3022 3296 3137 3335 sua:
3172 3284 3466 3335 divinitatis
3498 3286 3755 3347 induere;
3786 3288 3873 3338 cui

2292 3364 2592 3420 promptum
2623 3364 2704 3405 est
2729 3366 2850 3404 eum
2882 3365 3093 3405 sursum
3131 3367 3383 3406 revocare
3412 3355 3479 3406 de
3510 3358 3719 3417 inieris,
3761 3372 3873 3408 res-

2292 3424 2486 3476 tituere
2515 3426 2580 3476 de
2610 3422 2928 3486 perditioiie,
2956 3436 3205 3490 reparare
3243 3426 3311 3478 de
3354 3425 3592 3489 pulvere,
3638 3429 3706 3478 de
3733 3435 3873 3478 terra

2294 3496 2345 3546 iii
2367 3508 2580 3548 conum
2616 3500 2815 3557 levare,
2838 3494 2907 3544 de
2937 3492 3153 3546 homine
3182 3501 3426 3561 angelum
3460 3498 3656 3558 lacere,
3681 3510 3876 3563 corpus

2292 3566 2587 3617 ltumanunt
2619 3566 2893 3616 coulornie
2930 3566 3138 3629 corpoii
3182 3566 3443 3618 claritatis
3484 3579 3594 3617 suae
3627 3568 3874 3625 reddere.

2292 3644 2345 3686 et
2372 3635 2680 3703 ﬁgmentum
2710 3650 2861 3685 suum
2892 3640 2941 3686 in
2973 3634 3118 3703 regni
3141 3639 3223 3687 sui
3257 3637 3529 3689 consortio
3564 3640 3873 3689 sublimare.

2296 3703 2472 3772 thui
2495 3719 2691 3771 corpus
2731 3714 2927 3756 nostra:
2960 3703 3262 3773 fragilitatis
3303 3720 3627 3772 sumpserat,
3677 3722 3777 3759 nos
3825 3724 3872 3757 in

2289 3775 2451 3845 320
2478 3789 2673 3841 corpus
2702 3787 2813 3826 Sua:
2843 3776 3262 3827 immortalitatis
3292 3790 3549 3829 aSsuniai.
3598 3778 3679 3830 Ad
3722 3792 3875 3844 quam

2288 3856 2572 3911 gloriosam
2596 3846 3051 3916 resurrectionem
3082 3848 3181 3913 piis
3199 3862 3291 3899 vos
3304 3862 3560 3911 oiieriiius
3581 3863 3878 3916 prmparare

2287 3915 2555 3983 dignetur,
2586 3913 2678 3984 qui
2701 3924 2885 3983 regnat
2909 3917 2960 3967 in
2992 3916 3187 3969 saecula
3214 3918 3556 3970 Saeculurum.
3583 3913 3784 3971 ’Auicn.

3611 4061 3870 4079 ﬂ

1772 4157 2378 4243 APPENDIX
2458 4162 2709 4243 XIII.

1682 4308 1770 4365 DE
1812 4312 2359 4372 ECCLESIASTICIS
2392 4319 2852 4381 DOCMATIBUS.

845 4440 1025 4497 CAPUT
1064 4454 1283 4495 Pltnwl.
1313 4469 1385 4481 —
1415 4439 1491 4495 De
1514 4442 1617 4511 fide
1641 4442 1925 4498 Trinitatis.

669 4532 949 4590 Credimus
978 4547 1138 4585 unum
1167 4546 1286 4586 esse
1313 4531 1476 4586 Deum
1505 4534 1734 4599 Patrem,
1777 4548 1830 4588 et
1857 4536 2073 4601 Filium,
2124 4549 2178 4593 et

607 4605 861 4675 Spiritum
896 4613 1158 4675 sanctum.
1195 4602 1426 4666 Patrem,
1460 4618 1524 4657 eo
1550 4608 1689 4674 quod
1724 4606 1911 4660 Filium
1942 4607 2176 4675 habeat;

604 4672 819 4741 Filium,
851 4689 915 4729 eo
940 4673 1078 4743 quod
1110 4672 1317 4727 Patrem
1359 4672 1596 4744 liraheat';
1623 4676 1877 4743 Spiritum
1908 4672 2175 4744 sanetum,

602 4762 668 4801 eo
690 4746 832 4816 quod
864 4746 933 4798 sit
952 4760 1018 4816 ex
1045 4744 1197 4798 Patre
1226 4755 1278 4797 et
1302 4743 1432 4816 Filio
1457 4746 1771 4813 procedens,
1795 4748 1940 4801 Patri
1971 4743 2179 4805 etFilio

602 4814 920 4872 com‘ternus.
951 4815 1107 4868 Pater
1134 4830 1259 4887 ergo
1291 4814 1607 4884 principium
1632 4818 1847 4887 deitatis
1878 4834 1892 4882 ;
1926 4824 2011 4887 qui
2037 4822 2181 4875 sicut

606 4903 872 4958 nunquam
896 4887 991 4940 fuit
1020 4900 1125 4939 non
1157 4884 1317 4949 Deus,
1345 4897 1414 4938 ita
1443 4902 1709 4958 nunquam
1744 4886 1845 4942 fuit
1865 4884 1969 4942 non
1999 4890 2178 4958 Pater,

604 4975 634 5012 τι
657 4955 762 5027 quo
783 4955 951 5011 Filius
980 4966 1154 5017 natus,
1182 4969 1211 5006 a
1253 4970 1359 5025 quo
1381 4956 1606 5024 Spiritus
1623 4970 1839 5012 sanctus
1870 4974 1974 5013 non
1998 4955 2176 5027 natus,

604 5033 727 5095 quia
761 5043 863 5080 non
893 5035 979 5080 est
1009 5028 1200 5099 ij‘ilius;
1235 5041 1406 5099 neque
1450 5030 1737 5097 ingenitus,
1782 5032 1903 5099 quia
1948 5046 2052 5084 non
2098 5039 2184 5085 est

609 5100 797 5163 Pater;
820 5111 992 5163 neque
1017 5096 1208 5158 factus,
1223 5096 1342 5163 quia
1360 5112 1463 5150 non
1486 5107 1645 5153 estex
1665 5096 1853 5165 nihilo,
1873 5102 1965 5154 sed
1986 5117 2053 5155 ex
2074 5104 2182 5155 Deo

607 5170 785 5232 Patre,
803 5180 853 5221 et
874 5166 980 5219 Deo
1005 5165 1136 5221 Filio
1159 5165 1297 5218 Dens
1326 5170 1639 5232 procedens.
1674 5170 1825 5224 Pater
1859 5181 2093 5226 :nternus
2121 5187 2185 5226 eo

602 5240 743 5309 quod
765 5246 1022 5292 internum
1050 5235 1244 5289 habeat
1267 5234 1479 5302 Filium,
1498 5241 1647 5307 cujus
1668 5250 1898 5295 internus
1916 5244 1985 5295 sit
2008 5242 2183 5297 Pater.

674 5376 804 5432 Car.
821 5392 858 5431 i.
893 5376 965 5430 De
996 5375 1096 5431 hoc
1120 5374 1372 5447 opusculo
1394 5374 1575 5447 confer
1602 5374 1888 5433 Isidoriana
1906 5420 1921 5443 ,
1950 5394 2068 5447 cap.
2094 5378 2183 5446 85,

605 5449 692 5505 ubi
724 5449 1086 5516 pretationem
1117 5445 1359 5501 Vezzosii
1380 5446 1588 5513 .adjeci,
1620 5457 1673 5500 et
1703 5445 2056 5504 llernandezii
2091 5445 2184 5504 ob;

606 5521 935 5573 servatioiies
958 5517 1025 5570 de
1056 5516 1340 5588 ltrachario
1363 5516 1615 5588 episcopo
1640 5518 1936 5588 llispalensi
1962 5532 2181 5575 auctore

606 5590 843 5659 eiusdem
872 5588 1133 5656 opusculi.
1166 5590 1205 5659 lt;
1235 5586 1374 5641 notis
1396 5586 1640 5659 }’ezzosii
1669 5586 1786 5657 qua:
1805 5593 1970 5659 magis
1986 5606 2181 5659 oppor-

611 5670 730 5709 tuna
764 5657 1083 5710 videbuntur
1109 5658 1346 5725 religata.
1392 5657 1468 5712 De
1511 5660 1838 5728 argumentis
1886 5657 2173 5728 primorum

610 5728 839 5792 capitum
864 5728 1041 5779 multis
1071 5727 1123 5779 in
1150 5728 1279 5782 locis
1307 5728 1416 5796 agit
1446 5727 1697 5783 Isidorus.
1736 5729 1865 5785 Vide
1889 5727 1984 5784 lib.
2020 5747 2078 5799 ii,
2106 5735 2172 5787 de

2210 4456 2264 4515 D
2294 4453 2453 4508 Filius
2486 4467 2747 4525 aeternus,
2771 4475 2834 4514 eo
2855 4462 2994 4530 quod
3018 4462 3085 4515 sit
3120 4461 3260 4515 Patri
3303 4471 3622 4517 coaeternus.
3648 4465 3875 4533 Spiritus

2284 4539 2500 4600 sanctus
2525 4539 2776 4600 internus,
2805 4546 2869 4585 eo
2891 4536 3031 4600 quod
3060 4544 3130 4586 Sil.
3165 4533 3304 4584 Patri
3330 4544 3380 4586 et
3400 4534 3534 4586 Filio
3554 4550 3874 4590 conuentus.

2283 4594 2396 4648 Non
2420 4597 2640 4652 contusa
2659 4601 2710 4653 in
2730 4619 2831 4654 una
2853 4594 3075 4669 persona
3095 4603 3351 4665 Trinitas,
3369 4618 3419 4654 ut
3443 4604 3714 4658 Sabellius
3731 4608 3873 4671 dicit,

2284 4681 2457 4733 neque
2500 4680 2771 4738 separata,
2803 4684 2894 4724 aut
2935 4675 3099 4726 divisa
3151 4677 3199 4726 iit
3252 4685 3437 4725 natura
3495 4676 3778 4739 Divinitas,
3820 4690 3874 4727 tit

2285 4742 2441 4809 Arius
2467 4738 2841 4807 blaspheinat;
2874 4746 2968 4796 sed
2998 4746 3131 4797 alter
3162 4745 3213 4796 in
3259 4759 3479 4809 persona
3524 4745 3706 4807 Pater,
3742 4738 3872 4799 alter

2284 4807 2337 4881 in
2371 4822 2593 4875 persona
2638 4809 2829 4876 Filius,
2860 4816 2997 4867 alter
3024 4815 3073 4865 in
3107 4807 3331 4881 persona
3365 4816 3596 4879 Spiritus
3625 4830 3867 4869 saiiirtns.

2285 4876 2432 4931 Unus
2456 4894 2642 4933 natura
2670 4883 2719 4934 iu
2745 4896 2927 4937 sancta
2953 4876 3216 4938 Ti-iniiate
3240 4884 3379 4938 Deus
3402 4876 3580 4949 Pater,
3601 4896 3656 4938 et
3681 4885 3869 4948 Filius.

2285 4958 2338 5000 et
2369 4949 2595 5018 Spiritus
2620 4965 2855 5007 sanctus.

2532 5082 2660 5138 CAP.
2698 5084 2761 5139 ll.
2796 5115 2863 5126 —
2893 5086 2967 5140 De
2998 5088 3351 5142 incarnatione
3380 5087 3589 5143 Christi.

2360 5172 2644 5247 NonPater
2654 5190 2869 5230 carnem
2890 5178 3194 5246 assumpsit,
3211 5180 3620 5247 nequoSpiritus
3631 5190 3873 5245 sanctus,

2288 5244 2381 5298 sed
2412 5246 2578 5298 Filius
2603 5256 2839 5313 tantum;
2868 5259 2923 5301 ut
2944 5254 3029 5317 qui
3060 5244 3177 5303 erat
3197 5248 3249 5302 in
3280 5244 3557 5303 divinitate
3579 5249 3675 5303 Dei
3700 5244 3873 5305 Patris

2294 5376 2456 5459 Ofiic.
2482 5383 2676 5459 eccles.
2722 5399 2842 5459 cap.
2875 5381 2964 5437 25.
3000 5384 3241 5459 Bignmus
3268 5387 3525 5442 exhibet:
3568 5384 3728 5459 Pater
3752 5404 3876 5459 ergo

2291 5451 2618 5521 principium,
2650 5451 2935 5525 principale
2956 5451 3135 5509 nomcn
3164 5458 3525 5522 deitatis,quia
3555 5458 3711 5524 sicut,
3742 5451 3849 5514 etc.

2289 5531 2343 5573 et
2369 5537 2487 5597 poSt
2516 5526 2795 5597 piincipate
2824 5534 2973 5597 notat
3002 5528 3068 5578 ad
3094 5542 3259 5590 marg.
3290 5566 3306 5591 ,
3337 5530 3485 5597 forte,
3511 5532 3685 5581 totius.

2357 5595 2484 5667 CAP.
2508 5610 2564 5647 ιι.
2588 5595 2763 5649 Codex
2793 5596 2999 5659 ManSii,
3020 5606 3075 5649 ut
3097 5602 3182 5667 qui
3204 5609 3309 5652 erat
3338 5595 3390 5651 in
3412 5600 3669 5651 divinitate
3698 5596 3873 5649 Pafris

2288 5660 2488 5735 Filius,
2522 5669 2628 5731 ipse
2654 5668 2794 5731 ﬁeret
2821 5668 2873 5718 in
2904 5660 3118 5720 nomine
3134 5670 3351 5722 hominis
3381 5670 3544 5735 ﬁlius.
3565 5671 3728 5720 l‘anln
3760 5679 3876 5733 post

2281 5734 2545 5804 Histiaeus,
2576 5753 2659 5805 qui
2685 5753 2785 5790 non
2832 5749 2937 5789 erat
2967 5740 3227 5793 natit'itatc
3260 5741 3351 5793 Dei
3384 5734 3572 5792 Filius.
3622 5737 3711 5791 Dei
3751 5754 3870 5808 ergo
