4180 6178
468 264 588 320 1251

1207 269 1299 325 AD
1334 269 1395 325 S.
1437 266 1683 324 ISIDORI
1724 264 2161 324 IIISPALICNSIS
2200 259 2424 316 OPEBA
2461 258 2906 318 APPENDICES.

3593 252 3733 313 1232'.

466 378 687 434 visibilis
725 377 957 435 mundus
981 394 1044 432 ex
1076 380 1297 435 materia
1339 393 1460 448 quae
1490 393 1516 431 a
1553 377 1663 434 Deo
1704 377 1838 433 facta
1871 376 2046 430 fuerat
2081 378 2123 436 Α
2151 387 2270 426 cum
2296 386 2479 448 carne,
2511 380 2567 425 ut
2592 371 2837 448 superius
2855 368 3473 448 dixrmus._se_mina_tur;
3505 369 3599 423 sed
3630 370 3739 424 for-

463 449 634 505 factus
659 462 737 504 est
766 465 820 504 et
846 460 1089 505 ornatus.

708 541 839 594 CAP.
875 540 962 593 XI.
989 569 1056 579 —
1086 538 1240 594 Solus
1274 538 1409 592 Deus
1448 540 1796 610 incorporeus.

536 635 670 688 Nihil
699 636 1073 700 incorporeum
1105 643 1160 687 et
1184 633 1454 688 invisibile
1482 642 1668 687 natura
1695 630 2046 692 credendum,

463 709 563 760 nisi
594 706 762 759 solum
792 704 982 769 Deum,
1015 703 1066 757 id
1098 712 1201 771 est,
1234 705 1467 769 Patrem,
1502 713 1557 756 et
1606 703 1821 762 Filium,
1848 713 1899 755 et
1929 703 2050 765 Spi—

463 793 621 830 rnnni
652 784 916 829 sanctum.
952 775 1054 840 Qui
1088 774 1207 828 ideo
1230 784 1377 828 recte
1418 776 1762 841 incorporeus
1788 772 2049 834 creditur,

464 848 585 913 quia
617 848 810 916 ubique
837 854 949 916 est,
980 858 1034 899 et
1064 847 1239 897 omnia
1271 845 1457 909 implet
1504 854 1665 912 atque
1692 843 2047 916 constringit;

463 921 587 974 ideo
611 927 661 971 et
693 913 972 970 invisibilis
1020 916 1270 969 omnibus
1317 916 1600 977 creaturis,
1632 914 1754 983 quia
1800 913 2049 981 incorpo-

466 1001 589 1042 I'BUS
613 998 713 1041 est.

677 1075 803 1130 CAP.
837 1074 953 1129 Xll.
977 1104 1046 1114 —
1078 1072 1259 1127 Omnis
1289 1083 1525 1126 creatura
1568 1087 1835 1140 corporea.

540 1169 700 1240 323
726 1169 979 1223 Creatnra
1003 1167 1181 1220 omnis
1211 1174 1583 1240 corporeaest
1608 1182 1622 1230 ;
1656 1163 1828 1232 angeli
1860 1171 1912 1215 et
1937 1176 2051 1240 om-

467 1232 837 1295 nes'tit-e'lestes
866 1241 1092 1292 virtutes
1123 1232 1418 1304 corporeae,
1456 1236 1580 1290 licet
1609 1252 1712 1288 non
1735 1249 1895 1287 carne
1922 1232 2050 1287 sub-

466 1312 681 1365 sistant.
710 1311 787 1364 Ex
806 1326 870 1363 eo
892 1319 1075 1362 autem
1109 1323 1395 1374 corporeas
1424 1321 1544 1361 esse
1596 1305 1865 1359 credimus
1896 1304 2052 1356 intel-

469 1383 725 1436 lectuales
748 1392 1043 1441 creaturas,
1077 1380 1215 1446 qttod
1242 1378 1479 1432 localiter
1505 1375 2047 1436 circumscrilntntur;

466 1453 605 1505 sicut
642 1462 695 1506 et
726 1454 900 1504 anima
935 1452 1185 1513 humana,
1220 1461 1340 1515 quae
1358 1461 1522 1500 carne
1550 1446 1834 1507 clauditur,
1861 1458 1913 1498 et
1943 1446 2053 1496 dte-

471 1538 679 1588 mooes,
712 1522 799 1589 qni
831 1537 925 1589 per
953 1520 1305 1573 substantiam
1328 1516 1582 1587 angelicae
1610 1525 1812 1569 natura:
1841 1524 1986 1568 sunt.

576 1614 705 1669 CAP.
731 1613 867 1667 XIII.
900 1642 964 1657 σ-
982 1610 1362 1666 Ιηῑειιεειιιαιεε
1388 1618 1583 1663 natura:
1611 1608 1943 1661 immortales.

541 1707 871 1762 [mmortales
944 1720 1064 1760 esse
1119 1703 1389 1758 credimus
1456 1702 1838 1756 intellectuales
1891 1708 2045 1753 natu-

465 1795 574 1843 ras,
606 1778 725 1846 quia
779 1791 938 1830 carne
984 1785 1207 1839 carent,
1261 1789 1359 1827 nec
1399 1773 1616 1846 habent
1668 1787 1773 1841 quo
1819 1771 2040 1846 cadant,

467 1863 521 1904 ut
542 1842 935 1904 resurrectione
967 1853 1157 1913 egeant
1188 1855 1305 1912 post
1331 1845 1537 1898 ruinam
1566 1842 1887 1898 necessaria.

564 1942 691 1994 (lar.
714 1937 852 1993 XIV.
878 1966 947 1977 --
976 1936 1161 1989 Anima
1194 1935 1411 1987 hominis
1435 1934 1686 2003 quomodo
1726 1941 1945 1986 creatur.

538 2034 763 2087 Animas
790 2028 1061 2082 hominum
1087 2040 1191 2080 non
1224 2040 1345 2099 esse
1362 2024 1438 2099 ab
1471 2022 1622 2099 initio
1647 2022 2043 2099 interpatet-as

464 2100 858 2158 intellectuales
881 2109 1118 2161 naturas,
1150 2111 1249 2150 nec
1275 2095 1486 2171 insimul
1512 2101 1742 2171 creatas,
1768 2091 1905 2144 sicut
1926 2090 2044 2171 Ori-

464 2188 630 2244 genes
654 2174 835 2244 fingit;
864 2184 1036 2244 neque
1062 2166 1517 2244 ctttii_corporihtis
1537 2178 1631 2229 per
1652 2164 1850 2244 coitum
1881 2164 2043 2244 semi-

465 2232 679 2307 iiantnr,
704 2232 843 2296 sicut
887 2232 1226 2299 Luciferiani,
1267 2235 1525 2307 Cyrillusi
1549 2244 1603 2288 et
1631 2234 1789 2299 aliqui
1823 2232 2040 2284 Latino-

467 2331 584 2370 rum
616 2306 1027 2379 prtesumptores
1050 2309 1351 2383 affirmant,
1381 2306 1529 2375 quasi
1590 2316 1795 2383 naturae
1852 2315 2043 2383 conseo

467 2374 736 2455 quentiam
783 2374 1078 2436 servantes.
1108 2379 1213 2455 sed
1245 2374 1473 2431 dicimus
1501 2374 2043 2455 creationemanimte

464 2449 637 2510 solum
665 2454 992 2523 Creatorem
1031 2449 1266 2523 omnium
1296 2455 1561 2523 noss_e,_ct
1608 2458 1805 2523 corpus
1836 2450 2040 2523 tantum

465 2542 559 2594 per
587 2524 818 2594 coniugii
839 2520 1086 2591 copulam
1109 2518 1382 2594 seminari,
1414 2517 1505 2570 Dei
1529 2530 1658 2594 vero
1686 2513 1890 2594 judicio
1917 2526 2044 2594 coa-

461 2582 631 2665 gulari
657 2582 709 2649 iri
742 2582 925 2657 v'nlva,’
942 2598 997 2644 et
1024 2588 1328 2665 compingi,
1359 2597 1519 2665 atque
1572 2582 1815 2665 formari,
1842 2582 2045 2665 actor-

464 2654 608 2722 n'iatti
629 2668 739 2735 jam
769 2654 995 2735 corpore
1037 2654 1269 2735 animam
1310 2657 1507 2719 creari,
1532 2667 1579 2709 et
1613 2654 1840 2715 infundi,
1877 2664 1932 2704 ut
1962 2654 2043 2705 vi-

464 2746 552 2791 vat
580 2730 645 2789 in'
684 2743 836 2787 utero
876 2730 1037 2784 homo
1066 2744 1132 2785 ex
1159 2730 1333 2782 anima
1387 2740 1640 2781 constans
1688 2736 1742 2779 et
1793 2736 2039 2790 corpore,

460 2816 517 2861 et
542 2806 847 2877 egrediatur
875 2801 1025 2855 vivus
1069 2814 1141 2855 ex
1187 2808 1341 2853 utero
1388 2796 1575 2866 plenus
1630 2799 1860 2850 humana
1910 2796 2041 2847 sub-

460 2888 779 3024 822?“.
810 2995 879 3007 -—
903 2962 1055 3031 Quod
1069 2963 1189 3018 dare
1205 2960 1391 3015 animat
1415 2975 1518 3014 non
1543 2967 1661 3013 sunt
1685 2957 1739 3011 in
1761 2956 1982 3011 homine.

534 3058 713 3126 Neque
739 3056 874 3127 duas
902 3053 1110 3127 animas
1157 3065 1275 3107 esse
1320 3050 1547 3127 dicimus
1589 3048 1640 3102 in
1670 3062 1774 3100 uno
1801 3043 2037 3127 homine,

461 3130 601 3184 sicut
629 3120 859 3199 Iacobus
885 3136 941 3179 et
962 3123 1053 3178 alii
1073 3124 1329 3194 Syrorum
1361 3120 1626 3199 scribunt,
1651 3132 1804 3199 unam
1836 3120 2039 3195 anima-

463 3202 590 3264 lem,
621 3212 724 3267 qua
755 3189 1265 3268 animeturcorpns,
1299 3202 1351 3245 et
1385 3189 1615 3268 immista
1648 3189 1740 3268 s_it_
1768 3189 2037 3268 sanguini2

460 3282 513 3324 et
540 3253 766 3323 alterum
792 3253 1292 3339 spiritualem,'q_ttae
1318 3260 1584 3339 rationem
1615 3253 1889 3339 ministret
1898 3253 2038 3335 ;.sed

460 3342 689 3393 dicimus
734 3327 894 3391 unam
917 3348 1036 3389 esse
1068 3327 1418 3407 eamdemque
1434 3330 1694 3407 _animam
1719 3327 1773 3382 in
1799 3327 2035 3407 homine,

459 3424 576 3480 qua:
608 3419 659 3463 et
689 3422 886 3480 corpus
913 3420 1006 3460 sua
1037 3407 1292 3480 societate
1319 3401 1670 3480 viviﬂcet,et
1694 3401 2037 3480 semetipsum

459 3466 553 3535 sua
585 3466 1078 3549 ratione'disponat,
1112 3475 1313 3549 habens
1341 3474 1392 3549 in
1424 3486 1543 3525 sese
1569 3470 1867 3549 libertatem
1890 3466 2038 3549 arbi:

463 3550 569 3614 trii,
603 3550 734 3604 utin
781 3536 912 3603 sute'
948 3536 1262 3601 substantia:
1316 3543 1481 3612 eligat
1531 3540 1852 3610 Cogitatione
1896 3536 2040 3609 quod

458 3622 589 3675 vult.

635 3708 763 3763 CAP.
793 3706 931 3761 XVI.
960 3734 1032 3747 —
1062 3704 1248 3758 Anima
1276 3703 1497 3757 nominis
1534 3699 1859 3756 immortalis.

527 3807 711 3863 Solum
737 3803 1005 3857 hominem
1032 3801 1299 3857 credimus
1323 3800 1519 3853 habere
1542 3798 1770 3851 animam
1793 3795 2040 3850 substan-

457 3880 640 3939 tivam,
672 3890 793 3945 qua:
819 3882 977 3928 exuta
1008 3886 1245 3945 corpore
1264 3872 1482 3936 vivit,et
1512 3884 1702 3922 sensus
1725 3880 1850 3922 suos
1879 3877 2039 3945 atque

459 3951 669 4017 ingenia
692 3940 957 3999 ’vivacitcr
1003 3940 1172 4017 tenet.
1207 3942 1319 3996 Non
1374 3955 1493 3995 cum
1532 3953 1759 4017 corpore
1782 3940 2037 4017 inoritur,

457 4006 600 4073 sicut
626 4021 822 4072 Aratus
845 4015 1061 4077 asserit,
1093 4029 1264 4083 neqtte
1313 4022 1433 4083 post
1481 4009 1748 4083 modicum
1780 4006 2038 4083 interval-

462 4096 592 4152 lum,
619 4087 760 4141 sicut
791 4086 974 4138 Zenon
999 4084 1151 4150 dicit,
1180 4078 1758 4154 quia'substantialiter
1786 4078 1935 4131 vivit.

753 4175 884 4228 CAP.
914 4172 1077 4227 XVII.
1106 4203 1178 4214 —
1206 4172 1403 4226 Animae
1447 4173 1729 4224 brutorum.

531 4263 854 4320 Animalium
884 4277 1012 4316 vero
1037 4264 1227 4315 anima:
1259 4277 1362 4314 non
1388 4272 1513 4315 sunt
1551 4260 1922 4323 substantivaa,
1944 4258 2038 4313 sed

457 4348 580 4389 cum
607 4348 767 4386 carne
799 4333 914 4401 ipsa
937 4332 1114 4386 carnis
1157 4331 1438 4384 vivacitate
1486 4339 1800 4394 nascuntur,
1824 4340 1887 4401 et
1915 4346 2037 4383 cunt

456 4406 634 4460 carnis
665 4400 836 4457 morte
890 4402 1165 4469 ﬁniuntur,
1200 4411 1254 4453 et
1284 4402 1621 4466 moriuntur;
1678 4409 1734 4453 et
1786 4400 1905 4454 ideo
1936 4415 2035 4453 nec

461 4480 663 4530 ratione
687 4481 958 4545 reguntur,
988 4476 1125 4545 sicut
1173 4471 1325 4545 Plato
1370 4481 1425 4524 et
1465 4470 1769 4545 Alexander
1822 4479 2029 4538 putant,

458 4547 549 4605 sed
573 4546 637 4599 ad
665 4542 841 4600 omnia
872 4553 1073 4597 natura:
1098 4542 1436 4597 incitamenta
1460 4542 1752 4595 ducuntur.

744 4636 872 4691 CAP.
905 4633 1091 4689 XVIII.
1123 4664 1193 4674 —
1222 4632 1527 4703 Infunditur
1550 4633 1745 4687 anima.

532 4728 722 4782 Anima
756 4726 983 4780 humana
1025 4740 1129 4779 non
1154 4740 1275 4779 cum
1305 4738 1465 4779 carne
1510 4723 1753 4789 moritur,
1787 4723 1904 4794 quia
1932 4738 2037 4778 non

528 4886 657 4938 CAP.
690 4896 781 4936 ιιι.
836 4880 1034 4934 Auctor
1060 4880 1216 4950 hujus
1241 4880 1419 4948 operis
1476 4895 1776 4945 corporeum
1830 4880 2039 4934 videtur

459 4971 652 5011 vocare
678 4951 929 5021 quidquid
957 4962 1191 5006 creatum
1223 4962 1325 5005 est.
1382 4950 1511 5006 Vide
1541 4952 1631 5006 lib.
1692 4967 1725 5005 ll
1770 4951 1835 5003 de
1881 4950 2034 5005 Ollic.

456 5027 675 5088 eccles.,
704 5037 824 5092 cap.
853 5021 947 5093 21,
972 5033 1027 5076 et
1080 5023 1172 5076 lib.
1208 5022 1482 5076 Ditferent.
1519 5037 1719 5088 rerum,
1751 5038 1899 5075 num.
1936 5022 2039 5076 1υο

456 5109 508 5153 ct
535 5112 652 5153 seu.

682 5181 789 5220 xw.
827 5164 937 5218 Hoc
961 5172 1119 5233 caput
1144 5176 1192 5233 7a
1251 5161 1456 5216 Joanne
1488 5161 1783 5231 Ilispalensi
1835 5163 2039 5218 exscri-

458 5249 602 5305 ptum
631 5236 748 5299 fuit,
784 5245 842 5289 ut
871 5235 978 5289 dixi
1030 5232 1081 5287 in
1142 5232 1470 5298 Isidoriants,
1498 5249 1615 5300 cap.
1651 5233 1738 5298 85,
1792 5250 1940 5305 num.
1974 5233 2038 5285 18

456 5303 510 5363 et
535 5323 686 5377 seqq.
711 5309 861 5376 Apud
891 5320 1011 5360 eum
1043 5306 1254 5372 legitur,
1284 5319 1374 5356 nec
1404 5305 1454 5355 in
1484 5306 1755 5358 semet.....
1788 5303 2035 5377 Cyrillus,

455 5390 502 5430 et
534 5376 679 5432 multi
708 5378 1125 5431 Latinorum.....
1167 5385 1365 5427 natura:
1394 5379 1745 5443 consequentia
1773 5376 2033 5428 serviente.

464 5449 529 5502 Et
553 5449 653 5503 alia
687 5447 1008 5517 hujusmodi,
1039 5461 1159 5513 qua:
1194 5447 1274 5517 ad
1306 5446 1498 5514 Bigntei
1558 5446 1724 5515 magis
1776 5460 1934 5515 quam
1970 5445 2036 5500 ad

463 5520 696 5573 Venosii
724 5516 1019 5572 Editionem
1047 5516 1325 5569 accedunt.

526 5590 656 5642 CAP.
689 5605 814 5643 xvn.
846 5588 1222 5650 lncitamcnta;
1254 5587 1348 5645 al.,
1382 5587 1727 5640 incitamento.

529 5659 656 5711 CAP.
690 5674 797 5710 xix.
823 5659 1076 5726 Corpore;
1100 5659 1192 5716 al.,
1225 5673 1399 5724 carne,
1431 5662 1596 5711 semel
1628 5668 1679 5710 ct
1714 5659 1924 5712 iterum.

530 5726 658 5780 CAP.
697 5744 798 5780 nt.
836 5726 1172 5794 Etiiendaret,
1232 5730 1327 5797 al.,
1386 5729 1611 5781 erimret.
1647 5730 1803 5783 Putat
1834 5729 2035 5785 γρηθ-

2153 453 2295 496 mato
2326 444 2377 495 in
2406 454 2594 495 ventre
2626 442 2810 495 matris
2837 455 3082 508 corpore,
3117 439 3211 493 Dei
3258 439 3462 508 judicio
3492 451 3728 503 creatur,

2152 523 2205 566 et
2231 513 2542 577 infunditur,
2578 523 2633 564 ut
2664 513 2805 564 vivat
2845 511 3009 565 homo
3064 514 3204 564 intus
3249 513 3303 565 in
3332 522 3506 575 utero,
3556 521 3612 566 et
3658 514 3741 565 sic

2153 583 2403 652 procedat
2426 583 2699 636 nativitate
2725 580 2779 635 iit
2815 584 3090 635 mundum.

2363 673 2492 727 CAP.
2526 670 2665 724 XIX.
2698 699 2765 712 --
2804 669 2936 725 Duae
2961 670 3259 725 substantia:
3278 670 3519 725 hominis.

2224 763 2438 817 Duabus
2470 762 2783 816 subSlantiis
2835 770 3042 815 tantum
3100 769 3313 817 constat
3344 763 3525 826 homo,
3560 762 3736 816 anima

2152 840 2203 887 et
2225 848 2469 899 corpore.
2505 835 2695 885 Anima
2727 846 2846 887 cum
2880 834 3086 886 ratione
3135 848 3251 895 sua,
3284 842 3339 885 et
3365 847 3591 895 corpore
3612 847 3737 886 cum

2151 904 2403 958 sensibus
2432 904 2561 957 suis.
2599 903 2745 968 Quos
2778 915 2953 957 tamen
2984 917 3177 957 sensus
3205 902 3407 969 absque
3432 902 3595 973 325
3621 906 3739 955 ani-

2152 990 2251 1027 ma:
2279 977 2535 1028 societate
2564 989 2667 1027 non
2695 980 2871 1025 movet
2898 987 3117 1038 corpus.
3166 974 3356 1028 Anima
3390 988 3515 1028 vero
3540 985 3596 1027 et
3622 974 3741 1029 sine

2153 1059 2379 1114 corpore
2402 1044 2660 1098 rationale
2680 1058 2834 1097 suum
2862 1052 3026 1097 tenet.

2387 1156 2514 1211 CAP.
2548 1156 2668 1210 XX.
2699 1185 2769 1195 -
2798 1156 2983 1210 Anima
3021 1166 3067 1209 et
3094 1156 3308 1225 spiritus
3338 1155 3492 1209 idem.

2222 1248 2337 1302 Non
2370 1257 2452 1302 est
2476 1249 2663 1301 tertius
2688 1249 2737 1301 in
2771 1248 3072 1302 substantia
3099 1248 3331 1303 hominis
3358 1248 3601 1318 Spiritus,
3631 1249 3736 1303 sic-

2155 1329 2211 1371 ut
2242 1319 2496 1385 Didymus
2528 1320 2823 1384 contendit,
2853 1318 2950 1373 sed
2989 1318 3209 1389 spiritus
3239 1320 3353 1386 ipsa
3407 1328 3490 1389 est
3517 1324 3689 1373 anima
3720 1340 3733 1383 ;

2153 1405 2251 1455 pro
2278 1389 2537 1458 spirituali
2570 1400 2779 1452 natura,
2810 1390 2891 1442 vel
2925 1388 3029 1457 pro
3068 1403 3135 1442 eo
3165 1391 3306 1457 quod
3338 1388 3509 1459 spiret
3533 1390 3585 1443 in
3616 1407 3737 1443 cor-

2155 1475 2304 1528 pore,
2337 1459 2557 1528 spiritus
2581 1460 2903 1527 appellatur.
2924 1460 3114 1513 Anima
3146 1475 3273 1511 vero
3302 1474 3367 1513 ex
3396 1475 3461 1512 eo
3490 1472 3736 1517 vocatur.

2152 1532 2294 1593 quod
2326 1532 2393 1583 ad
2427 1531 2735 1591 vivendum,
2760 1531 2844 1583 vel
2873 1531 2937 1581 ad
2973 1529 3355 1582 viviﬁcandum
3385 1531 3591 1584 animet
3616 1546 3738 1584 cor-

2154 1616 2271 1668 pus.
2303 1600 2542 1654 Tcrtiunt
2574 1616 2720 1662 vero,
2748 1601 2837 1668 qui
2866 1600 2937 1652 ab
2985 1601 3245 1666 Apostolo
3298 1614 3419 1652 cum
3476 1601 3653 1653 anima
3684 1614 3739 1653 et

2152 1687 2377 1739 corpore
2406 1671 2694 1733 inducitur,
2725 1671 2971 1737 spiritum
3020 1668 3246 1739 gratiam
3278 1670 3451 1724 sancti
3503 1670 3737 1739 Spiritus

2084 1736 2124 1794 Β
2152 1736 2270 1795 esse
2300 1742 2655 1809 intelligamus
2679 1782 2693 1803 ,
2727 1754 2883 1808 quam
2911 1736 3043 1793 orat'
3080 1741 3387 1806 Apostolus,
3414 1750 3467 1792 ut
3529 1736 3735 1807 integra

2153 1821 2460 1880 perseveret
2482 1808 2536 1864 in
2581 1811 2733 1863 nobis
2766 1810 2813 1877 (Ι
2849 1808 3030 1864 Thess.
3063 1825 3115 1875 ν,
3146 1810 3255 1879 '25),
3283 1827 3349 1864 ne
3390 1819 3581 1880 nostro
3607 1812 3739 1864 vitm

2152 1878 2244 1935 aut
2267 1878 2535 1934 minuatur
2563 1891 2653 1933 aut
2680 1880 2889 1947 fugetur
2925 1896 2954 1934 a
2998 1880 3171 1946 nobis,
3218 1878 3341 1949 quia
3371 1878 3599 1949 Spiritus
3623 1898 3751 1935 ann-

2151 1962 2257 2007 ctur
2283 1951 2483 2022 e/fugiet
2510 1951 2683 2019 ﬁctum
2714 1952 2869 2021 (Sap.
2900 1965 2939 2015 ι,
2968 1949 3044 2019 5).

2460 2063 2587 2117 Car.
2628 2062 2768 2117 XXI.
2793 2092 2865 2103 —
2891 2061 2965 2115 De
3003 2063 3158 2117 libero
3194 2060 3420 2117 arbitrio.

2224 2155 2473 2208 Libertati
2500 2154 2704 2207 arbitrii
2736 2153 2818 2207 sui
2859 2156 3179 2209 commissus
3234 2163 3317 2207 est
3345 2154 3506 2208 homo
3551 2156 3735 2211 statim

2151 2226 2202 2279 in
2230 2225 2396 2293 prima
2427 2224 2760 2287 conditione,
2795 2235 2871 2290 ut,
2902 2226 3015 2277 sola
3047 2224 3317 2292 vigilantia
3344 2228 3537 2279 mentis
3575 2227 3734 2281 adnio

2151 2306 2326 2359 tente,
2358 2294 2595 2348 etiamin
2646 2295 2892 2362 praecepti
2944 2297 3186 2348 custodia
3239 2307 3630 2363 perseveraret,
3677 2302 3729 2351 si

2148 2367 2309 2420 vellet
2332 2368 2462 2417 ineo
2483 2365 2627 2432 quod
2648 2374 2859 2418 creatus
2882 2364 3051 2418 fuerat
3079 2378 3415 2427 permanere.
3444 2367 3727 2433 Postquam

2150 2450 2280 2489 vero
2302 2434 2616 2490 seductione
2645 2438 2908 2504 serpentis
2940 2449 3034 2504 per
3064 2435 3229 2489 Evam
3270 2436 3489 2500 cecidit,
3522 2447 3727 2491 naturae

2150 2505 2346 2559 bonum
2377 2506 2627 2571 perdidit,
2658 2507 2860 2573 pariter
2884 2516 2939 2560 et
2958 2508 3197 2574 vigorem
3241 2506 3481 2573 arbitrii;
3508 2522 3613 2559 nun
3646 2519 3730 2560 ta-

2150 2590 2271 2629 men
2301 2576 2642 2639 electionem,
2672 2590 2740 2629 ne
2783 2591 2886 2629 non
2916 2584 3060 2629 esset
3088 2589 3243 2629 suum
3303 2577 3448 2643 quod
3498 2577 3729 2632 evitarei

2149 2655 2450 2714 peccatum,
2477 2660 2575 2699 nec
2600 2648 2791 2699 merito
2818 2645 3184 2714 indulgeretur
3208 2646 3347 2713 quod
3367 2661 3473 2700 non
3499 2648 3728 2702 arbitrio

2149 2717 2413 2771 diluisset.
2445 2716 2623 2769 Manet
2649 2716 2829 2785 itaque
2848 2717 2913 2768 ad
2939 2715 3280 2782 quaerendam
3320 2717 3549 2770 salutem
3582 2718 3723 2772 arbi-

2149 2787 2237 2840 trii
2267 2788 2505 2852 libertas,
2530 2786 2583 2840 id
2614 2793 2717 2849 est,
2773 2787 3051 2840 rationalis
3099 2785 3365 2851 voluntas,
3392 2786 3489 2840 sed
3538 2787 3728 2841 adma.

2150 2868 2310 2910 nente
2340 2858 2488 2923 prius
2520 2857 2650 2923 Deo,
2684 2865 2738 2909 et
2762 2856 3020 2911 invitante
3047 2857 3113 2910 ad
3136 2858 3380 2919 salutem,
3415 2867 3474 2910 ut
3512 2859 3593 2912 vel
3625 2858 3729 2912 eli-

2147 2936 2256 2995 gat,
2286 2930 2369 2996 vel
2424 2935 2701 2994 sequatur,
2732 2929 2814 2980 vel
2869 2936 2990 2996 agat
3044 2926 3326 2980 occasione
3378 2928 3587 2993 salutis,
3620 2928 3723 2982 hoc

2147 3007 2254 3067 est,
2294 2995 2644 3064 inspiratione
2685 2997 2798 3050 Dei.
2826 2995 3122 3053 Ut’autem
3164 3008 3521 3065 consequatur
3574 3002 3720 3067 quod

2147 3065 2316 3137 eligit,
2342 3068 2425 3122 vel
2453 3067 2594 3133 quod
2640 3067 2901 3133 sequitur,
2932 3067 3019 3121 vel
3066 3068 3206 3134 quod
3258 3072 3541 3121 occasione
3587 3065 3716 3137 agit,

2146 3136 2240 3191 Dei
2265 3150 2385 3191 esse
2415 3136 2580 3191 libere
2606 3137 2942 3191 confitemur.
2980 3137 3192 3192 Initium
3242 3151 3369 3206 ergo
3408 3136 3597 3192 salutis
3622 3136 3720 3207 po-

2143 3218 2269 3261 διε-ω
2296 3209 2406 3262 Deo
2435 3208 2723 3261 miserante
2754 3208 3039 3273 habemus;
3065 3216 3123 3261 ut
3150 3210 3545 3276 acquiescamus
3568 3210 3717 3263 salu-

2146 3277 2314 3331 tifera:
2346 3278 2704 3345 inspirationi,
2737 3290 2935 3331 nostra:
2962 3279 3243 3347 potestatis
3271 3290 3354 3332 est
3380 3295 3395 3343 ;
3429 3289 3483 3331 ut
3513 3280 3715 3347 adipis-

2142 3362 2327 3401 camur
2354 3348 2497 3416 quod
2521 3350 2908 3415 acquiescendo
2958 3349 3309 3402 admonitioni
3336 3352 3599 3415 cupimus,
3626 3350 3716 3403 di-

2141 3418 2246 3471 vini
2273 3429 2355 3474 est
2383 3420 2657 3484 muneris;
2689 3428 2746 3471 ut
2787 3433 2892 3472 non
2926 3419 3167 3472 labamur
3194 3421 3246 3472 in
3292 3420 3487 3487 adepto
3530 3421 3720 3475 salutis

2142 3503 2383 3555 munere,
2419 3488 2791 3542 sollicitudinis
2822 3497 3015 3543 nostrze
3044 3500 3149 3555 est,
3179 3500 3232 3543 et
3248 3490 3486 3544 ccelestis
3516 3491 3721 3557 pariter

2140 3557 2419 3627 adjutorii;
2480 3570 2535 3611 ut
2593 3560 2855 3622 labamur,
2909 3560 3186 3628 potestatis
3252 3572 3452 3614 nostra:
3508 3572 3607 3625 est,
3663 3573 3718 3614 et

2142 3630 2385 3697 ignaviae.
2415 3630 2528 3683 Non
2577 3639 2751 3682 tamen
2794 3630 2872 3699 ad
2927 3631 3268 3683 obtinendam
3324 3632 3442 3684 sine
3481 3630 3594 3695 illo,
3627 3633 3714 3699 qui

2141 3711 2445 3770 quaerentes
2477 3700 2603 3751 facit
2624 3698 2892 3764 invenire,
2924 3702 3012 3768 qui
3048 3700 3377 3765 pulsantibus
3404 3701 3594 3768 aperit,
3624 3698 3717 3770 qui

2142 3769 2446 3835 petentibus
2468 3771 2651 3822 donat.
2681 3771 2832 3823 Sicut
2865 3785 2991 3839 ergo
3038 3771 3248 3824 initium
3274 3772 3461 3824 salutis
3492 3769 3713 3837 nostrae,

2142 3839 2251 3893 Deo
2289 3841 2573 3895 miserante
2600 3849 2653 3894 et
2698 3840 3006 3908 inspirante,
3048 3840 3245 3895 habere
3298 3855 3396 3895 nos
3424 3841 3715 3906 credimus,

2139 3910 2211 3962 ita
2240 3912 2517 3964 arbitrium
2547 3922 2748 3964 natura:
2778 3922 2973 3964 nostra:
3027 3924 3224 3979 sequax
3268 3925 3387 3965 esse
3414 3913 3608 3965 dii-inte
3638 3915 3717 3965 iu-

2138 3980 2445 4051 spirationis
2475 3981 2638 4035 libere
2657 3981 2989 4035 confitemur.
3018 3981 3182 4051 Igitur
3207 3991 3263 4033 ut
3283 3997 3385 4033 nou
3416 3983 3661 4035 labamur
3687 4000 3717 4033 ει

2139 4050 2281 4105 bono
2313 4052 2396 4104 vel
2434 4061 2659 4113 naturae,
2710 4051 2793 4104 Vel
2845 4050 3055 4115 meriti,
3098 4052 3469 4105 sollicitudinis
3513 4062 3718 4106 nostra:

2139 4133 2243 4183 est.
2271 4129 2328 4175 et
2355 4121 2596 4175 caelestis
2644 4126 2844 4193 pariter
2872 4121 3156 4190 adjutorii;
3215 4130 3271 4175 ut
3322 4122 3588 4188 labamur,
3613 4138 3717 4193 po-

2141 4193 2344 4246 testatis
2372 4203 2569 4245 nostrae
2597 4202 2651 4245 et
2672 4191 2916 4261 ignaviae.

2601 4284 2726 4335 (In.
2756 4281 2917 4335 XXII.
2949 4308 3017 4321 --
3040 4280 3220 4334 Gratia

2210 4370 2544 4427 Firmissime
2572 4373 2894 4427 credendum
2926 4381 3009 4426 est
3039 4374 3089 4424 in
3117 4372 3559 4442 prtevaricatione
3587 4373 3719 4427 Ada:

2064 4446 2115 4506 Ι)
2143 4457 2332 4496 omnes
2363 4444 2606 4497 homines
2630 4444 2924 4496 naturalem
2959 4443 3364 4510 possibilitatem
3387 4453 3718 4497 etmnocen-

2144 4515 2268 4567 tiam
2299 4514 2625 4581 perdidisse;
2650 4523 2703 4566 et
2734 4516 3001 4566 neminem
3026 4516 3091 4565 de
3127 4515 3388 4580 profundo
3420 4515 3563 4568 illius
3609 4530 3720 4567 rui-

2143 4598 2224 4636 nee
2250 4597 2345 4650 per
2369 4584 2589 4637 liberum
2607 4585 2883 4637 arbitrium
2906 4598 3064 4652 posse
3086 4598 3427 4651 consurgere,
3462 4588 3563 4637 nisi
3592 4601 3719 4638 eum

2141 4659 2306 4722 gratia
2340 4653 2430 4709 Dei
2480 4656 2785 4707 miserantis
2830 4657 3100 4718 erexerit;
3136 4671 3153 4704 ι
3186 4655 3403 4708 iiberum
3459 4654 3601 4707 enim
3633 4672 3721 4707 ar-

2141 4725 2357 4778 bitrium
2404 4725 2494 4779 ille
2522 4740 2832 4795 perpessus,
2865 4725 2989 4778 dttm
3020 4726 3181 4795 325
3220 4724 3329 4778 suis
3361 4725 3717 4779 inconsultius

2140 4884 2275 4951 sius,
2309 4882 2896 4951 Semipelagianismum
2929 4897 3115 4951 sapere
3140 4882 3307 4937 videri
3331 4883 3469 4951 quod
3499 4882 3718 4951 dicitur,

2142 4956 2583 5022 ntacquiescumus
2611 4954 2894 5021 salutiferae
2917 4954 3261 5021 inapt'rationi,
3290 4965 3475 5007 unum:
3496 4965 3719 5021 potesta-

2142 5027 2202 5076 tis
2230 5039 2322 5077 est.
2355 5025 2543 5088 Verba,
2574 5023 2695 5076 Non
2725 5035 2888 5077 tamen
2916 5023 2984 5075 ad
3012 5023 3363 5087 obtinendum,
3394 5034 3525 5090 etc.,
3552 5034 3610 5078 et
3633 5040 3722 5078 se-

2140 5098 2355 5165 quentia
2384 5095 2592 5163 triginta
2627 5097 2802 5162 capita
2828 5096 3021 5148 desuut
3050 5098 3099 5146 in
3133 5095 3495 5165 Maurinorum
3526 5111 3717 5148 exeni-

2143 5164 2250 5234 plo,
2276 5166 2401 5220 etin
2435 5166 2700 5233 plerisque
2727 5165 2844 5217 aliis
2886 5165 3035 5220 Mss..
3065 5174 3118 5217 et
3170 5164 3241 5220 ab
3290 5166 3467 5232 aliquo
3520 5166 3719 5217 inserta

2140 5248 2349 5289 sontex
2391 5234 2659 5289 Ctelestnn
2692 5236 2917 5304 epistula
2962 5237 3027 5287 ad
3081 5235 3359 5301 episcopos
3414 5234 3622 5297 Galliae,
3650 5250 3719 5289 ex

2140 5307 2370 5360 concilio
2437 5306 2857 5376 Carthaginiensi
2930 5314 3114 5359 contra
3168 5305 3498 5373 Pelagianos,
3549 5316 3603 5359 et
3647 5319 3717 5357 ex

2140 5377 2468 5431 Arausicano
2523 5380 2777 5430 secundo.
2828 5377 2952 5431 Haec
3003 5388 3176 5429 tamen
3209 5377 3565 5428 additamenta
3611 5388 3719 5427 ne—

2140 5448 2371 5503 cessaria
2405 5447 2607 5515 putavit
2627 5446 2962 5511 ThOIIIaSIUS,
2996 5456 3054 5499 ut
3083 5445 3364 5499 Vezzosins
3390 5446 3644 5499 advertit.

2209 5518 2338 5571 CAP.
2373 5532 2507 5571 χιιι.
2540 5516 2673 5581 Ille;
2724 5517 2819 5577 al.,
2853 5517 2977 5569 olim
3004 5518 3112 5571 ille.
3140 5516 3264 5570 Ilzec
3309 5520 3468 5569 verba
3502 5516 3718 5569 libertini

2140 5605 2165 5640 e
2189 5590 2274 5641 .im
2298 5588 2580 5649 arbitrium,
2605 5599 2735 5653 etc.,
2758 5604 2872 5655 (ιυτυ
2898 5589 3113 5656 virgulis
3142 5587 3561 5653 distinguuntur,
3590 5598 3719 5641 sunt

2144 5661 2431 5713 Innocentii
2463 5660 2501 5723 l,
2537 5658 2700 5713 relata
2723 5664 2884 5712 etiam
2917 5672 2945 5710 a
2975 5660 3261 5713 Caelestino
3288 5657 3325 5711 l.
