4180 6178
453 375 473 427 i
486 372 588 426 255

451 568 661 607 mersus
690 562 803 617 est;
836 564 885 605 et
916 553 1043 606 nihil
1080 554 1528 620 quemadmodum
1577 557 1773 609 exinde
1803 572 2023 623 surgere

450 632 631 693 posset
678 623 911 685 invenit;
941 638 1140 692 suaque
1196 626 1246 676 in
1296 633 1555 678 aeternum
1589 626 1838 680 libertate
1866 627 2022 680 dece-

450 704 590 761 ptus.
626 694 780 759 hujus
829 696 997 746 ruinae
1042 694 1281 748 latuisset
1313 709 1592 763 oppressu,
1622 698 1721 749 nisi
1751 712 1871 750 eum
1906 707 2024 761 post

448 764 645 817 Christi
676 779 771 831 pro
804 764 1097 835 Snagratia
1144 765 1444 819 relevasset
1493 766 1776 831 adventus,
1811 768 1897 835 qui
1929 782 2024 833 per

451 848 601 887 novas
630 834 1051 901 regenerationis
1067 834 1489 899 puriﬁcationem
1513 851 1671 889 omne
1696 834 2021 902 praeteritum

452 904 636 958 vitium
659 903 742 957 sui
773 904 1113 973 baptismatis
1141 904 1350 959 lavacro
1380 906 1639 974 purgavit.
1678 925 1696 957 ι

726 1015 853 1070 CAP.
886 1014 1164 1069 XXIll.-—
1187 1016 1352 1072 Nemo
1377 1018 1535 1072 bonus
1557 1036 1646 1086 per
1667 1037 1742 1075 se.

514 1109 790 1164 Neminem
821 1123 941 1164 esse
970 1125 1063 1177 per
1091 1112 1432 1180 semetipsum
1466 1113 1686 1173 bonum,
1729 1113 1831 1166 nisi
1858 1114 2021 1180 parti-

440 1181 765 1251 cipationem
797 1182 879 1234 sui
904 1181 991 1235 ille
1017 1181 1317 1248 donaverit,
1353 1182 1440 1251 qui
1467 1182 1613 1237 solus
1635 1194 1717 1237 est
1746 1184 1936 1237 bonus.

572 1291 703 1346 CAP.
732 1290 923 1345 XXIV.
944 1320 1016 1331 —-
1041 1292 1429 1346 Perseverantia
1459 1293 1511 1345 in
1538 1294 1678 1346 bonis
1708 1310 1738 1346 a
1762 1291 1888 1347 Deo.

513 1384 789 1438 Neminem
817 1385 973 1438 etiam
1007 1383 1339 1449 baptismatis
1367 1385 1534 1451 gratia
1564 1394 1873 1440 renovatum
1908 1386 2025 1442 ido—

444 1470 601 1509 neum
634 1470 751 1508 esse
769 1454 844 1507 ad
874 1455 1201 1522 superandas
1234 1454 1430 1510 diaboli
1464 1455 1703 1518 insidias,
1734 1466 1787 1510 et
1815 1457 1880 1510 ad
1910 1459 2026 1510 vin-

441 1525 641 1594 cendas
668 1526 845 1578 carnis
875 1525 1358 1594 concupiscentias,
1407 1526 1507 1579 nisi
1535 1542 1630 1593 per
1656 1528 2024 1594 quotidianum

441 1593 762 1664 adjutorium
795 1594 888 1650 Dei
919 1593 1371 1664 perseverantiam
1420 1596 1573 1651 bonae
1602 1593 2027 1652 conversationis

440 1666 724 1735 acceperit.

722 1759 851 1812 CAP.
885 1757 1051 1813 XXV.
1077 1788 1149 1799 —-
1170 1758 1407 1812 Liberum
1434 1760 1721 1814 arbitrium.

1186 372 1469 427 APPEND.
1508 374 1646 429 XIII.
1688 405 1757 414 —
1797 375 1883 429 DE
1926 374 2474 440 ECCLESIASTICIS
2518 382 2972 440 DOGMATIBUS.

449 483 614 537 utitur
643 482 818 548 bonis,
845 487 1033 540 radens
1064 498 1115 535 tn
1163 483 1613 551 prmvarirationis
1644 486 1901 552 profunda
1933 487 2026 540 de-
2056 490 2099 545 Α

3569 388 3700 443 ηδε

2355 493 2484 549 CAP.
2518 496 2713 553 XXIX.
2730 527 2799 537 —
2822 496 3169 563 Iule/ligentia
3199 514 3259 551 ea:
3281 512 3463 569 gratia.

2199 582 2448 651 Quisquis
2476 584 2679 639 dixerit
2705 587 2929 652 gratiam
2960 585 3054 638 Dei
3097 601 3189 652 per
3217 588 3400 641 Jesum
3432 587 3698 644 Christum

2128 661 2344 719 propter
2372 654 2470 707 hoc
2499 665 2701 709 tantum
2730 672 2827 709 nos
2855 657 3108 723 adjuvare
3133 656 3197 708 ad
3223 673 3326 710 non
3354 660 3700 722 peccandum.

2127 723 2249 788 quia
2293 738 2387 791 per
2427 724 2597 791 ipsum
2642 726 2795 779 nobis
2838 727 3125 790 revelatur,
3154 736 3207 779 et
3245 729 3481 789 aperitur
3510 730 3704 784 intelli-

2124 794 2303 860 gentia
2358 796 2751 858 mandatorum,
2798 805 2852 849 ιιι
2896 796 3130 849 sciamus
3178 798 3299 863 quid
3349 809 3601 864 appetere
3646 809 3703 854 et

2126 864 2249 928 quid
2293 865 2457 918 vitare
2499 866 2812 930 debeamus,
2865 882 2969 919 non
3014 878 3190 920 autem
3234 882 3327 933 per
3357 869 3502 921 illam
3551 870 3705 925 nobis

2128 936 2368 999 praestari
2402 942 2458 987 ut
2494 937 2633 1003 quod
2684 934 3003 990 faciendum.
3041 940 3387 1005 cognovimus
3434 939 3595 993 etiam
3625 938 3703 994 fa-

2126 1018 2250 1057 cere
2276 1004 2556 1073 diligamus
2584 1016 2742 1073 atque
2770 1008 3069 1072 valeamus,
3093 1004 3375 1062 anathema
3403 1010 3489 1062 sit.

2432 1119 2559 1175 CAP.
2593 1121 2849 1176 XXX.—
2872 1122 3053 1177 Preces
3084 1124 3423 1178 sacerdotum.

2197 1209 2639 1283 obsecrationum
2682 1229 2895 1283 quoque
2925 1215 3338 1271 sacerdotaiium
3372 1227 3715 1272 sacramenta

2128 1280 2503 1351 respiciamus,
2533 1297 2652 1346 qua:
2678 1284 2745 1337 ab
2766 1280 3235 1351 apostolistradita
3260 1286 3311 1340 in
3345 1296 3456 1341 toto
3487 1290 3704 1351 muudo,

2128 1357 2286 1416 atque
2327 1350 2379 1403 in
2417 1351 2579 1404 omni
2607 1350 2866 1407 catholica
2922 1356 3156 1410 Ecclesia
3207 1356 3541 1411 uniformiter
3569 1350 3707 1413 celeé

2130 1416 2376 1495 Inﬂantur,
2403 1430 2460 1473 ιιι
2500 1423 2669 1487 legem
2712 1424 2963 1477 credendi
3006 1427 3086 1478 lex
3116 1436 3310 1479 statuat
3351 1429 3702 1495 supplicandi.

2127 1489 2261 1542 Cum
2292 1490 2432 1545 enim
2469 1504 2767 1546 sanctarum
2801 1494 3029 1556 plebium
3064 1498 3315 1558 praisules
3357 1489 3600 1550 mandata
3635 1502 3707 1551 si-

2130 1559 2295 1631 bimet
2320 1561 2585 1628 legatione
2616 1562 2918 1626 fungantur.
2942 1565 3079 1631 apud
3107 1566 3338 1620 divinam
3363 1569 3699 1621 clementiam

2130 1629 2345 1701 humani
2379 1633 2591 1700 generis
2638 1643 2799 1701 agunt
2839 1629 3075 1700 causam,
3116 1647 3190 1696 et.
3238 1646 3342 1691 tota
3391 1652 3572 1691 secnm
3608 1639 3703 1691 Ec-

2129 1700 2291 1774 clesia
2319 1700 2769 1774 congemiscetite,
2806 1706 3092 1771 postulant,
3123 1716 3176 1760 et
3202 1717 3503 1774 precantur,
3535 1720 3590 1761 ut
3622 1708 3701 1761 in-

2131 1770 2378 1843 lidelibus
2399 1770 2628 1827 (leuetur
2646 1773 2794 1834 ﬁdes.
2809 1770 2866 1827 ut
2885 1776 3176 1829 idololatrae
3192 1770 3259 1829 ab
3281 1778 3566 1843 impietatis
3588 1795 3698 1833 sua:

510 1848 661 1914 Quod
706 1863 865 1902 nemo
896 1849 995 1903 nisi
1028 1864 1123 1918 per
1151 1849 1417 1904 Christum
1470 1851 1636 1905 libero
1679 1854 1811 1906 bene
1846 1860 2022 1905 utatur
2053 1839 2101 1899 Β
2130 1840 2419 1918 ιίιξετειιιυι
2446 1845 2738 1918 εττφτῑὺμε.
2783 1853 2840 1898 ιιι
2878 1844 3091 1908 εἶαάδεὶε,
3142 1849 3319 1918 ἷιὺιειιο
3348 1839 3524 1902 έοΐάῖὲ
3553 1853 3696 1903 vela-

441 1918 683 1983 arbitrio,
725 1920 864 1972 idem
898 1921 1151 1989 magister
1198 1920 1251 1973 in
1294 1921 1521 1987 epistola
1550 1922 1614 1974 ad
1659 1922 2019 1977 Milevitanum

440 1990 727 2042 concilium
756 1990 877 2042 data
910 1991 1183 2055 praedicat,
1215 1991 1435 2045 dicens:
1468 2011 1487 2042 ι
1526 1993 1754 2046 Adverte
1786 1992 2019 2058 tandem,

440 2078 472 2107 η
506 2060 938 2126 pravissimarnm
988 2062 1242 2114 mentium
1286 2062 1551 2127 doctrina,
1596 2063 1740 2131 quod
1793 2066 2020 2130 primum

444 2130 810 2201 hominemita
838 2130 1060 2201 libertas
1090 2131 1207 2198 ipsa
1236 2132 1464 2197 derepit,
1500 2144 1556 2185 ut
1578 2130 1703 2186 dum
1745 2133 2023 2201 indulgens

440 2200 543 2251 tius
590 2199 758 2271 frenis
798 2200 913 2269 ejus
942 2203 1105 2254 utitur
1134 2201 1186 2254 in
1224 2204 1718 2271 praevaricationem
1763 2199 2022 2271 praesum-

443 2272 623 2334 ptione
672 2270 950 2324 inrideret.
1009 2271 1117 2325 Nec
1150 2270 1235 2324 ex’
1271 2271 1369 2325 bac
1416 2275 1587 2340 potuit
1640 2274 1775 2336 erui,
1827 2273 1926 2328 nisi
1970 2274 2020 2327 ei

441 2339 1225 2412 providentiaregenerationis
1271 2339 1466 2396 statum
1518 2345 1755 2412 pristina:
1801 2344 2019 2399 liberta-

443 2411 506 2465 tis
538 2410 733 2466 Christi
766 2410 974 2465 Dotnini
1005 2414 1347 2466 reformasset
1375 2410 1655 2468 adventus.
1691 2432 1709 2464 ι

886 2522 1013 2575 CAP.
1044 2519 1233 2575 XXVI.
1263 2552 1333 2561 —
1360 2520 1568 2577 Merita.

508 2611 660 2677 Quod
709 2612 884 2665 omnia
932 2611 1127 2673 studia,
1179 2622 1234 2667 et
1273 2614 1450 2667 omnia
1492 2630 1674 2682 opera.
1722 2628 1787 2670 ac
1831 2617 2019 2670 merita

439 2693 744 2736 sanctorum
770 2683 834 2735 ad
874 2681 964 2735 Dei
991 2683 1211 2752 gloriam
1243 2681 1558 2751 laudemque
1589 2685 1868 2740 referenda
1889 2686 2016 2751 sint,

439 2753 566 2820 quia
600 2767 756 2806 nemo
788 2752 1008 2825 aliunde
1050 2754 1097 2806 ei
1132 2753 1361 2821 placeat,
1394 2754 1494 2807 nisi
1539 2770 1601 2807 ex
1642 2771 1707 2809 eo
1734 2755 1873 2825 quod
1906 2760 2019 2824 ipse

442 2824 752 2888 donaverit;
785 2824 835 2877 in
865 2837 1150 2893 quaminos
1183 2825 1503 2877 sententiam
1536 2825 1719 2893 dirigit
1742 2827 1912 2881 beata:
1935 2842 2018 2879 re-

437 2892 765 2946 cordationis
816 2909 965 2960 papa:
1014 2892 1212 2947 Zosimi
1261 2894 1517 2962 regularis
1562 2892 1848 2950 auctoritas
1894 2911 2016 2950 cum

437 2964 680 3016 scribens
708 2962 772 3015 ad
808 2962 966 3016 totius
996 2964 1142 3017 orbis
1186 2964 1467 3031 episc0pos
1499 2965 1572 3017 ait
1603 2983 1615 3018 :
1655 2983 1674 3016 ι
1704 2966 1809 3019 Nos
1837 2978 2016 3021 autem

439 3032 692 3086 instinctu
720 3033 815 3086 Dei
848 3032 1051 3103 (omnia
1080 3033 1219 3086 enim
1270 3036 1404 3087 bona
1448 3034 1512 3088 ad
1545 3046 1815 3091 auctorem
1862 3052 2014 3090 suum

438 3103 718 3157 referenda
749 3113 892 3167 sunt,
934 3104 1075 3155 unde
1120 3103 1437 3173 nascuntur)
1459 3105 1525 3158 ad
1567 3105 1789 3160 fratrum
1831 3116 1884 3160 et
1926 3123 2016 3161 co-

437 3176 811 3239 episcoporum
843 3183 1145 3227 nostrorum
1175 3175 1555 3229 conscientiam
1587 3179 1834 3230 universa
1874 3185 2011 3231 retu-

436 3242 613 3296 limus.
649 3261 667 3293 ι
706 3243 855 3296 Hunc
898 3254 1074 3296 autem
1121 3258 1421 3298 sermonem
1466 3246 1848 3303 sincerissima:
1878 3249 2012 3302 veri-

440 3314 562 3365 tatis
592 3314 709 3365 luce
739 3313 1030 3367 radiantem
1061 3324 1205 3367 tanto
1250 3314 1357 3369 Afri
1399 3317 1635 3384 episcopi
1687 3318 1891 3373 honore
1923 3332 2013 3371 ve-

438 3384 615 3449 nerati
658 3391 801 3448 sunt,
851 3394 903 3436 ut
940 3384 1007 3436 ita
1040 3384 1103 3435 ad
1146 3386 1393 3440 emndem
1449 3388 1622 3440 virum
1673 3390 2009 3441 scriberent:

442 3453 628 3527 rlllud
659 3469 807 3519 vero,
832 3455 970 3527 quod
1002 3455 1051 3506 in
1083 3454 1296 3518 litteris,
1318 3471 1461 3527 quas
1496 3457 1561 3509 ad
1595 3458 1867 3512 universas
1897 3473 2014 3527 pro-

435 3524 640 3595 vincias
691 3526 888 3578 curasti
937 3539 1054 3578 esse
1106 3526 1413 3589 mittendas,
1476 3527 1718 3595 posuisti,
1776 3524 2009 3581 dicens:

437 3591 550 3646 Nos
581 3605 744 3648 tamen
771 3595 1008 3647 instinctu
1042 3596 1161 3659 Dei,
1207 3606 1310 3647 etc.
1345 3596 1433 3649 Sic
1462 3591 1750 3664 accipimus
1789 3598 2010 3658 dictum,

436 3672 494 3715 ut
524 3664 643 3717 illos
684 3665 769 3728 qui
808 3674 990 3719 contra
1022 3665 1112 3719 Dei
1153 3666 1473 3731 adiutorium
1504 3668 1765 3722 extollunt
1796 3670 2012 3723 humani

436 3733 640 3786 arbitrii
682 3734 980 3789 libertatem
1006 3776 1022 3800 ,
1072 3735 1316 3788 districto
1363 3736 1538 3802 gladio
1586 3739 1827 3792 veritatis
1868 3740 2015 3793 velut

436 3804 633 3872 cursim
668 3807 932 3859 transiens
975 3815 1300 3870 amputares.
1329 3807 1462 3872 Quid
1507 3806 1647 3860 enim
1689 3817 1794 3861 tam
1843 3809 2014 3863 libero

438 3871 606 3926 fecisti
649 3875 893 3938 arbitrio,
926 3890 1086 3943 quam
1125 3875 1265 3943 quod
1317 3880 1563 3930 universa
1592 3879 1642 3931 in
1691 3886 1887 3932 nostra:
1917 3879 2015 3932 hu-

437 3944 674 3998 militatis
713 3944 1094 3999 c0nscientiam
1142 3947 1405 3999 retulisti?
1435 3956 1489 3999 et
1538 3955 1711 4000 tamen
1761 3949 2012 4003 instinctu

439 4011 529 4064 Dei
567 4012 762 4067 factum
793 4028 915 4069 esse
944 4016 1173 4068 lideliter
1200 4017 1577 4083 sapienterque
1620 4018 1819 4081 vidisti,
1862 4035 2014 4072 vera-

435 4083 569 4136 citer
601 4086 932 4156 lidenterque
974 4085 1177 4138 dixisti.
1210 4085 1334 4139 Ideo
1368 4087 1569 4154 utique,
1597 4090 1718 4156 quia
1748 4104 2015 4155 praepara-

441 4162 524 4204 tur
546 4154 791 4226 voluntas
816 4169 845 4207 a
876 4155 1120 4219 Domino,
1146 4164 1199 4208 et
1228 4165 1283 4207 ιιι
1312 4157 1436 4210 boni
1479 4154 1678 4225 aliquid
1713 4154 1888 4226 agant,
1924 4174 2015 4226 pa-

437 4224 601 4296 ternis
646 4224 1084 4296 inspirationibus
1113 4240 1342 4296 suorum
1373 4227 1506 4296 ipse
1556 4224 1722 4296 tangit
1751 4224 2013 4282 corda'li-

437 4294 622 4365 liorum
657 4292 925 4365 (Proverb.
958 4311 1069 4356 νιιι,
1102 4295 1190 4357 25,
1225 4311 1323 4348 sec.
1356 4292 1545 4365 LXX).
1570 4292 1842 4364 Quotquot
1869 4303 2011 4353 enim

435 4362 635 4425 Spiritu
663 4364 755 4418 Dei
782 4376 1026 4433 aguntur,
1052 4365 1102 4417 hi
1130 4368 1227 4420 lilii
1260 4368 1350 4419 hei
1380 4362 1705 4437 sunt(l{om.
1733 4362 1851 4435 vni,
1884 4370 2009 4433 I4);

436 4443 491 4506 ut
540 4449 640 4506 nec
684 4446 925 4488 nostrum
973 4440 1163 4490 deesse
1210 4438 1506 4491 sentiamus
1549 4439 1853 4506 arbitrium,
1878 4451 1932 4494 et
1960 4442 2011 4493 in

436 4502 587 4579 bonis
618 4506 915 4579 quibusque
964 4508 1248 4579 voluntatis
1295 4507 1539 4579 humanae
1586 4510 1807 4579 singulis
1839 4502 2013 4563 'nioti—

436 4571 535 4626 bus
560 4575 729 4644 magis
759 4571 900 4629 illius
931 4576 1108 4630 valere
1139 4592 1241 4628 non
1276 4576 1578 4632 dubitemus
1606 4571 1881 4633 auiilium.
1917 4599 1937 4631 ι

660 4688 787 4741 CAP.
818 4685 1028 4741 XXVII.
1054 4717 1124 4727 —
1146 4687 1403 4757 Quidquid
1428 4688 1543 4740 boni
1567 4704 1630 4741 ex
1659 4686 1786 4744 Deo.

507 4778 577 4830 Ita
614 4778 753 4832 Dens
783 4796 846 4833 ex
878 4781 1126 4835 cordibus
1167 4779 1441 4833 hominum
1470 4790 1628 4850 atque
1656 4781 1705 4833 iu
1740 4782 2014 4850 ipsolibe-

434 4864 495 4901 ro
536 4858 787 4915 Operatur
815 4851 1057 4913 arbitrio,
1085 4858 1142 4903 ut
1182 4861 1364 4903 sancta
1394 4848 1664 4917 cogitatio,
1697 4848 1838 4919 pium
1885 4870 2015 4906 con-

433 4919 630 4982 silium,
664 4920 943 4989 omnisque
972 4933 1145 4974 mutus
1192 4923 1345 4973 bona:
1374 4921 1658 4973 voluntatis
1686 4938 1749 4975 ex
1781 4922 1891 4978 Deo
1917 4925 2009 4987 sit,

433 4990 553 5054 quia
586 5004 680 5054 per
705 4990 855 5045 illum
885 4991 1081 5061 aiiquid
1108 4990 1232 5044 boni
1264 5004 1567 5059 possumus,
1608 4992 1852 5062 sinequo
1881 4990 2023 5049 nihil:

434 5072 734 5126 possumus.

802 5150 931 5207 CAP.
961 5150 1195 5207 XXVIII.
1221 5181 1293 5196 --
1314 5150 1506 5209 Gratim
1534 5156 1626 5209 vis.

501 5263 667 5334 326
694 5263 1004 5337 Ουίςυωιυθ
1028 5265 1245 5337 “dixerit
1272 5269 1494 5337 gratiam
1540 5268 1652 5333 Dei,
1683 5282 1781 5336 qua
1824 5267 2012 5337 justiti-

430 5348 619 5386 camur
650 5350 741 5401 per
787 5334 967 5388 Jesum
990 5334 1295 5390 'Cltristutn'
1317 5337 1596 5391 Dominum
1647 5334 1909 5401 nostrum,
1943 5340 2009 5393 ad

431 5406 621 5479 solam
658 5404 1028 5459 remssionem
1083 5419 1419 5479 peccatorum
1492 5410 1669 5463 valere
1733 5426 1852 5476 qua:
1896 5411 2007 5479 jam

429 5475 714 5528 commissa
745 5483 887 5552 sunt,
922 5490 1026 5529 non
1057 5476 1215 5552 etiam
1246 5478 1313 5529 ad
1357 5478 1678 5552 adjutorium
1718 5475 1924 5552 gratia,
1952 5487 2011 5533 ut

431 5561 536 5597 non
571 5544 993 5608 committantur,
1023 5546 1302 5601 anathema
1335 5547 1423 5602 sit.

500 5681 628 5757 CAP.
663 5696 815 5757 xxvi.
852 5680 1095 5757 ωειςερς
1119 5684 1213 5757 al.,
1246 5685 1444 5753 placet;
1474 5696 1527 5740 et
1566 5688 1875 5757 accepimus,
1911 5702 2005 5754 pro

430 5753 725 5872 accipimus.
763 5754 825 5807 Et
853 5751 989 5808 intra
1018 5751 1255 5822 plurium
1280 5771 1497 5812 numero
1541 5751 1806 5823 retritistis,
1842 5751 2003 5811 vidis-

436 5832 515 5878 ιιις.
582 5835 761 5878 ιπιδιιε.

2129 1914 2289 1984 mine,
2326 1913 2415 1966 lux
2449 1914 2691 1967 veritatis
2735 1925 3006 1984 appareat,
3040 1928 3092 1967 ut
3141 1916 3373 1971 ln-retici
3419 1919 3697 1974 catholica».

2128 1982 2246 2035 lidei
2276 1985 2613 2049 perceptione
2642 1982 2975 2053 resipiscam,
3010 1996 3065 2039 ut
3087 1987 3409 2041 schismatici
3453 1991 3695 2053 spiritum

2125 2054 2381 2126 rediviva:
2414 2056 2690 2126 charitatis
2737 2057 3019 2121 accipiant,
3065 2068 3118 2110 ut
3167 2059 3327 2126 lapsis
3372 2062 3697 2126 paenitentia».

2126 2122 2360 2176 remedia
2409 2125 2772 2189 conferantur,
2824 2138 2879 2180 ut
2924 2126 3153 2196 denique
3196 2122 3597 2185 c'atecliuntenis
3632 2132 3698 2185 ad

2125 2196 2545 2265 regenerationis
2575 2208 2906 2251 sacramenta
2942 2199 3234 2265 perductis,
3281 2200 3515 2254 caelestis
3546 2202 3699 2257 mise-

2126 2263 2368 2337 ricordiae.
2397 2268 2512 2318 aula
2545 2277 2833 2321 reseretur.
2869 2263 2992 2321 Iiaic
3020 2277 3194 2323 autem
3223 2263 3345 2323 non
3398 2271 3699 2337 perfuncto-

2125 2334 2224 2396 rie,
2258 2350 2430 2403 neque
2456 2337 2699 2408 inaniter
2735 2354 2764 2391 a
2818 2339 3047 2393 Domino
3087 2340 3213 2407 peti.
3246 2334 3421 2394 rerum
3469 2343 3698 2408 ipsarum

2124 2406 2653 2478 monstratell'ectus,
2685 2406 3111 2478 quandoquidem
3157 2425 3223 2464 ex
3263 2411 3407 2465 omni
3455 2406 3697 2466 errorum

2121 2487 2319 2550 genere
2350 2476 2607 2544 plurimos
2635 2480 2775 2532 Deus
2804 2476 3053 2550 dignatur
3079 2481 3370 2545 attrahere,
3413 2496 3548 2546 quos
3569 2496 3696 2537 eru-

2125 2555 2206 2620 _t_o_s
2235 2545 2305 2620 de
2336 2554 2599 2614 potestate
2631 2545 2972 2604 tenebrarum
3010 2550 3293 2604 transferat
3316 2552 3366 2604 in
3392 2545 3613 2620 regnum
3636 2550 3702 2605 ti—

2124 2613 2177 2667 lii
2208 2613 2483 2669 charitatis
2511 2633 2645 2684 suae,
2676 2631 2729 2673 et
2760 2636 2826 2675 ex
2854 2621 2995 2675 vasis
3026 2621 3116 2674 ira;
3155 2620 3313 2675 faciat
3338 2613 3702 2677 vasa'miseri-

2121 2686 2336 2739 cordia).
2370 2688 2521 2754 Quod
2554 2689 2687 2743 adeo
2719 2699 2886 2744 totum
2937 2690 3098 2745 divini
3145 2692 3320 2757 operis
3370 2706 3490 2747 esse
3533 2693 3701 2747 senti-

2124 2765 2319 2830 μιῇ-λιιι
2345 2757 2461 2814 hzt'c
2502 2760 2760 2830 eilicienti
2804 2762 2911 2815 Deo
2955 2765 3246 2830 gratiarum
3294 2776 3506 2830 semper
3535 2764 3700 2824 actio,

2122 2824 2401 2902 laudisque
2426 2828 2693 2902 confessio
2718 2847 2812 2902 pro
2839 2824 3230 2886 illun'tinatione
3260 2824 3443 2887 talium
3475 2834 3561 2888 vel
3583 2848 3702 2889 cor-

2120 2900 2361 2954 rectione
2389 2898 2674 2955 referatur.

2340 3008 2469 3064 CAP.
2500 3008 2695 3067 XXXI.
2719 3042 2787 3052 —-
2808 3010 3136 3068 Exorcismus
3163 3022 3208 3067 et
3227 3015 3478 3085 sufﬂatio.

2192 3097 2324 3173 Illud
2354 3100 2538 3165 etiam,
2578 3104 2720 3170 quod
2767 3104 2907 3159 circa
2957 3105 3299 3173 baptizandos
3344 3106 3399 3161 in
3451 3105 3698 3162 universo

2125 3169 2322 3223 mundo
2347 3183 2526 3245 sancta
2562 3169 2795 3228 Ecclesia
2840 3169 3174 3231 unil'ortniter
3204 3178 3332 3245 agit.
3376 3193 3480 3232 non
3524 3180 3697 3231 OIIOaO

2119 3242 2543 3317 contemplamur
2567 3245 2781 3317 intuitu.
2815 3245 2944 3299 Cum
2973 3248 3084 3300 sive
3125 3242 3348 3311 parvuli,
3393 3248 3505 3301 sive
3546 3248 3695 3317 juve-

2116 3324 2214 3382 nes
2258 3311 2324 3382 ad
2378 3315 2799 3380 regenerationis
2846 3317 3064 3369 veniunt
3108 3311 3560 3382 sacramentum,'
3590 3333 3694 3370 non

2119 3381 2264 3451 prius
2293 3380 2491 3435 fontem
2524 3383 2643 3437 vita:
2672 3384 2869 3438 adeant
2905 3400 3061 3451 quam
3095 3387 3409 3439 exorcismis
3441 3396 3496 3439 et
3522 3380 3696 3441 exsuf~

2119 3450 2424 3504 nationibus
2449 3454 2766 3506 clericorum
2798 3450 3017 3522 spiritus
3039 3455 3105 3507 ab
3134 3454 3214 3508 eis
3243 3454 3550 3509 immundus
3579 3458 3692 3511 abi-

2116 3530 2288 3594 gatur,
2321 3532 2376 3573 ut
2406 3530 2529 3575 tunc
2556 3537 2681 3594 vere
2710 3535 2962 3594 appareat
2989 3524 3199 3594 quando
3227 3525 3472 3594 princeps
3512 3526 3692 3580 mundi

2118 3590 2277 3659 hujus
2323 3593 2755 3666 m_ittatttr_foras
2782 3590 2969 3664 (loan.
3007 3590 3113 3657 ait,
3159 3593 3274 3666 51),
3326 3609 3378 3649 et
3416 3590 3695 3664 quomodo

2116 3662 2537 3735 prius_al|igetur
2564 3662 2740 3735 fortis,
2783 3662 2836 3719 et
2865 3667 3115 3732 deinceps
3146 3662 3268 3719 vasa
3291 3666 3408 3735 ejus
3440 3662 3695 3735 diripian-

2119 3739 2203 3803 tur
2232 3731 2423 3801 (Μαι-ὁ.
2454 3748 2533 3797 ut,
2582 3732 2695 3799 27),
2729 3734 2782 3787 in
2819 3737 3210 3803 possessionem
3242 3731 3495 3791 translata
3527 3731 3696 3792 victo-

2118 3800 2211 3868 ris,
2237 3800 2324 3869 qui
2355 3804 2613 3868 captivam
2639 3803 2787 3858 ducit
2812 3800 3193 3872 captivitatem,
3225 3818 3279 3860 et
3308 3807 3400 3861 dat
3427 3808 3568 3862 dona
3600 3807 3695 3863 lto—

2118 3872 2349 3926 minibus
2382 3872 2555 3930 (Paul.
2590 3890 2750 3941 uvu,
2788 3874 2911 3944 I9)-

2250 3985 2378 4039 CAP.
2413 3985 2625 4040 XXXII.
2649 4014 2719 4027 —-
2741 3985 2918 4041 Gratia
2947 3997 2992 4039 et
3022 3985 3237 4041 liberum
3266 3986 3556 4039 arbitrium.

2184 4077 2432 4131 Omnium
2490 4077 2751 4131 bonorum
2799 4077 3101 4142 affectuum,
3148 4088 3307 4146 atque
3358 4092 3600 4146 operum,
3642 4091 3700 4132 et

2116 4148 2350 4217 omnium
2380 4147 2699 4217 studiorum,
2728 4150 3074 4217 omniumque
3104 4151 3377 4212 virtutum,
3408 4149 3600 4217 quibus
3628 4151 3696 4203 ab

2117 4216 2271 4270 initio
2298 4217 2417 4270 ﬁdei
2454 4216 2520 4271 ad
2570 4217 2737 4271 Deum
2770 4216 3021 4283 tenditur,
3056 4219 3220 4273 Deum
3265 4216 3580 4287 profitemur
3605 4234 3699 4273 au-

2114 4297 2339 4340 ctorem.
2383 4288 2449 4340 Et
2492 4303 2598 4342 non
2629 4289 2936 4342 dubitamus
2978 4290 3046 4344 ab
3096 4291 3262 4358 ipsius
3303 4292 3472 4356 gratia
3514 4291 3694 4343 omnia

2119 4358 2349 4411 hominis
2396 4360 2583 4411 merita
2625 4360 2928 4426 praeveniri,
2962 4375 3055 4425 per
3096 4376 3248 4425 quem
3303 4362 3358 4412 tit
3408 4368 3468 4413 ut
3496 4361 3695 4428 aliquid

2116 4427 2239 4481 boui
2270 4438 2323 4482 et
2354 4429 2488 4482 velle
2513 4428 2847 4495 incipiamus,
2880 4438 2935 4482 et
2963 4431 3154 4484 facere.
3189 4432 3304 4496 Quo
3336 4431 3519 4497 utique
3546 4427 3695 4484 auti-

2118 4498 2187 4550 lio
2213 4507 2267 4551 et
2298 4514 2521 4553 munere
2550 4500 2664 4564 Dei,
2696 4516 2800 4553 non
2832 4500 3072 4554 aufertur
3118 4501 3339 4553 liberum
3388 4498 3693 4562 arbitrium,

2117 4568 2208 4621 sed
2238 4567 2512 4634 liberatur,
2545 4578 2601 4622 ut
2647 4570 2715 4622 de
2766 4571 3048 4624 tenebroso
3094 4569 3353 4632 lucidum,
3406 4568 3474 4624 de
3531 4584 3696 4634 pravo
3766 4630 3779 4635 ρ

2121 4639 2434 4708 τθςιιιιῐι,ι1θ
2484 4640 2731 4708 languido
2758 4654 2967 4699 sanum,
2998 4638 3065 4691 de
3106 4639 3442 4706 imprudente
3471 4638 3542 4691 sit
3572 4654 3692 4706 pro-

2116 4707 2291 4761 vidum
2317 4706 2595 4778 (Philippi
2621 4723 2681 4771 tt,
2715 4710 2823 4776 15).
2852 4711 3021 4762 Tanta
3052 4710 3192 4761 enim
3223 4718 3306 4762 est
3338 4724 3464 4778 erga
3507 4724 3693 4763 omnes

2115 4777 2356 4833 homines
2386 4778 2593 4833 bonitas
2627 4779 2715 4831 Dei
2760 4790 2816 4830 nt
2841 4788 3020 4831 nostra
3048 4777 3175 4832 velit
3202 4792 3321 4833 esse
3349 4777 3540 4833 merita
3569 4795 3709 4846 quas

2113 4858 2235 4901 sunt
2261 4850 2423 4917 ipsius
2466 4850 2625 4911 dona,
2656 4850 2891 4918 327st
2920 4864 3017 4917 pro
3062 4848 3143 4901 his
3189 4864 3308 4917 quze
3359 4850 3580 4917 largitus
3608 4858 3691 4903 est

2113 4927 2311 4971 attenta
2342 4919 2555 4987 praemia
2586 4921 2653 4971 sit
2694 4920 3008 4972 donaturus.
3045 4920 3166 4987 Agit
3194 4919 3391 4987 quippe
3437 4921 3488 4973 in
3536 4918 3696 4975 nobis

2115 4997 2172 5041 ut
2197 4991 2334 5055 quod
2372 4989 2481 5042 vult
2509 4997 2563 5042 et
2592 4988 2818 5042 velimus
2843 4995 2899 5041 et
2925 5003 3175 5056 agamus;
3207 5005 3307 5044 nec
3352 4989 3523 5043 otiosa
3569 5004 3691 5043 esse

2114 5060 2167 5112 in
2214 5059 2366 5113 nobis
2408 5061 2606 5126 patitur
2655 5073 2773 5125 quae
2817 5058 3136 5123 exercenda,
3191 5075 3309 5113 non.
3349 5059 3691 5127 negligenda,

2118 5130 2347 5201 donavit,
2386 5138 2537 5201 utet
2592 5143 2690 5181 nos
2731 5137 3123 5201 cooperatores;
3156 5132 3323 5184 simus
3355 5131 3538 5201 gratia:
3562 5128 3687 5201 Dei.

2120 5200 2188 5254 Ac
2217 5201 2261 5252 si
2308 5198 2436 5267 quid
2466 5198 2519 5251 in
2550 5200 2702 5253 nobis
2743 5213 2807 5252 ex
2837 5206 3017 5252 nostra
3042 5198 3332 5255 viderimus
3362 5198 3687 5255 remissione

2111 5271 2477 5339 languescere,
2516 5269 2583 5322 ad
2614 5270 2761 5322 illum
2807 5269 3037 5322 sollicite
3077 5284 3433 5337 recurramns,
3468 5269 3559 5339 qui
3601 5284 3689 5322 sa.

2113 5338 2415 5394 natomnes
2460 5343 2741 5410 languores
2769 5349 3000 5410 nostros,
3035 5347 3097 5410 et
3133 5342 3347 5393 redimit
3371 5340 3438 5393 de
3464 5338 3686 5393 interitu

2111 5410 2271 5463 vitam
2302 5407 2571 5476 nostram,
2593 5422 2645 5463 et
2677 5412 2760 5465 cui
2792 5408 3029 5479 quotidie
3067 5407 3294 5463 dicimus
3322 5427 3334 5461 :
3365 5409 3447 5462 Ne
3470 5410 3689 5464 inducas

2110 5482 2299 5600 nosiit;
2342 5485 2689 5548 (curationem,
2742 5480 2831 5536 sed
2880 5481 3040 5535 libera
3086 5496 3179 5534 nos
3223 5497 3256 5533 a
3306 5481 3443 5535 malo
3472 5480 3693 5552 (Matth.

2110 5566 2182 5600 vi.
2245 5567 2276 5600 ο
2307 5588 2320 5600 .

2108 5566 2183 5618 v1,
2212 5550 2320 5616 l5).

2179 5685 2305 5739 CAP.
2334 5700 2477 5739 unt.
2512 5684 2611 5739 Per
2638 5688 2836 5755 ipsum:
2857 5687 2950 5748 al.,
2982 5701 3069 5755 per
3097 5686 3280 5756 ipsam.

2178 5756 2306 5810 CAP.
2351 5771 2525 5812 xxxu.
2567 5753 2793 5811 Sanctus
2837 5753 3180 5821 Ciele'stinus,
3213 5753 3546 5825 proﬁteantur
3585 5771 3680 5808 (m-

2110 5836 2317 5883 ctorem.
2353 5826 2416 5879 Et
2447 5845 2545 5882 non
2572 5829 2856 5882 dubitemus
2878 5828 2941 5879 ab
2960 5826 3119 5895 ipsius
3150 5829 3337 5896 gratia.
