4180 6178
541 309 704 377 i235

705 438 833 492 CAP.
882 435 1211 490 XXXIII.—
1242 436 1406 489 Adam
1445 439 1612 506 primo
1649 438 1966 491 immortalis.

603 530 914 598 Quicunque
941 530 1072 583 dicit
1117 530 1284 582 Adam
1317 531 1545 594 primum
1581 531 1853 586 hominem
1907 540 2108 583 morta-

536 604 635 654 lem
667 601 886 664 factum,
917 602 986 654 ita
1027 613 1080 653 ut
1116 600 1232 660 sive
1263 612 1531 667 peccaret,
1561 603 1804 656 siveiion
1839 612 2106 667 peccaret,

534 680 830 725 moreretur
861 674 910 722 in
948 684 1204 736 corpore,
1254 671 1350 722 hoc
1383 682 1502 735 est,
1541 673 1608 724 de
1651 687 1878 738 corpore
1899 673 2108 737 exiret,

534 756 637 795 uou
686 743 884 810 peccati
933 742 1162 804 merito,
1212 741 1306 794 sed
1355 743 1676 797 necessitate
1708 752 1945 808 natura),
1976 757 2107 794 ana-

532 815 704 864 thema
736 813 823 866 sit.

668 903 796 956 CAP.
851 901 1087 957 XXXIV.
1117 932 1188 943 -—
1229 903 1303 956 De
1330 903 1644 973 baptizandis
1681 904 1974 973 infamatis.

598 990 912 1058 Quit-inique
958 996 1206 1060 parvulos
1254 1005 1498 1048 recentes
1543 997 1609 1047 ab
1659 998 1824 1049 uteris
1873 1009 2102 1050 matrum

530 1063 874 1128 baptizandus
906 1077 1082 1132 negat,
1115 1076 1204 1116 ant
1235 1067 1361 1117 dicit
1399 1065 1448 1117 in
1495 1065 1861 1119 remissionem
1889 1067 2102 1131 quidem

528 1145 860 1199 peccatorum
887 1151 978 1188 eos
1007 1136 1280 1203 baptiz.iri,
1309 1136 1401 1188 sed
1432 1135 1560 1188 nihil
1591 1151 1654 1188 ex
1695 1137 1860 1188 Adam
1890 1137 2103 1191 trahere

522 1203 796 1270 originalis
845 1207 1075 1270 pecciiti,
1115 1207 1254 1272 quod
1295 1207 1502 1258 lavacro
1556 1206 1976 1270 regenerationis
2005 1223 2101 1260 ex-

522 1275 722 1337 pietur;
753 1277 896 1328 unde
924 1276 980 1328 Iit
1011 1289 1342 1344 consequens
1389 1285 1444 1328 ut
1495 1275 1547 1328 in
1600 1279 1679 1328 eis
1725 1276 1893 1329 forma
1929 1277 2100 1342 bapti-

519 1346 705 1398 smatis
725 1347 774 1397 in
797 1347 1163 1398 remissionem
1189 1357 1524 1411 peccatorum
1548 1361 1650 1398 non
1670 1362 1821 1409 vers,
1847 1347 1935 1399 sed
1970 1347 2098 1398 I‘alsa

520 1411 840 1483 intelligatur
860 1460 874 1480 ,
904 1417 1181 1468 anathema
1215 1418 1302 1468 sit.
1333 1417 1591 1480 Quoniam
1622 1431 1724 1468 non
1753 1417 1906 1469 aliter
1943 1418 2099 1470 intel—

523 1485 786 1549 ligendniu
806 1497 886 1537 est
916 1489 1054 1553 quod
1084 1488 1155 1538 ait
1175 1485 1493 1552 Apostolus:
1519 1483 1620 1537 Per
1650 1503 1806 1537 unum
1842 1486 2100 1541 hominem

515 1566 774 1618 peccatum
801 1556 1006 1608 intrarit
1039 1556 1091 1608 in
1123 1556 1398 1621 mundum,
1431 1567 1477 1607 et
1507 1573 1595 1622 per
1625 1568 1883 1624 peccatum
1930 1573 2094 1624 mors,

516 1633 565 1674 et
591 1626 661 1675 ita
692 1627 742 1677 in
774 1642 944 1678 omnes
973 1625 1204 1678 homines
1231 1626 1541 1694 pertransiit,
1580 1627 1628 1696 in
1657 1644 1753 1693 quo
1781 1643 1951 1678 omnes
1981 1645 2095 1696 pec-
2165 1685 2168 1688 ,

517 1705 754 1748 caverunt
789 1696 964 1764 (llam.
1011 1713 1062 1762 v,
1112 1697 1221 1765 1‘2),
1257 1696 1353 1749 nisi
1379 1695 1822 1762 (pieiiiadmodum
1860 1695 2093 1750 Ecclesia

518 1766 780 1835 catholica
812 1767 1004 1834 ubique
1047 1766 1236 1819 diffusa
1287 1783 1498 1835 semper
1539 1767 1812 1820 intellexit.
1871 1767 2094 1830 Prorter

517 1834 652 1887 hanc
681 1835 822 1888 enim
872 1836 993 1890 lidei
1033 1838 1271 1904 regulam
1322 1839 1481 1890 etiam
1532 1838 1770 1904 parVuIi,
1818 1839 1905 1903 qtii
1963 1839 2092 1891 nihil

516 1915 852 1974 poenatorum
886 1908 938 1959 iii
969 1909 1163 1974 seipsis
1189 1908 1362 1962 adhuc
1389 1911 1732 1962 committere
1765 1918 2049 1974 potuvriint
2075 1949 2091 1974 ,

515 1973 635 2029 ideo
667 1977 716 2028 in
745 1973 1077 2044 peccatorum
1127 1978 1496 2032 remissronem
1528 1973 1786 2031 veraciter
1816 1973 2093 2046 baptizan-

513 2056 617 2122 iur,
657 2055 714 2122 ut
745 2047 794 2099 iu
820 2048 898 2101 eis
929 2049 1330 2117 regeiieratione
1359 2048 1643 2101 mandetur
1674 2048 1813 2118 quod
1863 2065 2091 2119 genera-

515 2123 658 2169 tioue
690 2127 988 2172 traxerunt.

599 2203 730 2258 CAP.
771 2206 988 2260 XXXV.
1016 2238 1084 2248 —-
1116 2207 1306 2261 Omnes
1343 2225 1455 2262 vere
1491 2225 1666 2263 sumus
1694 2220 1997 2278 peccatores.

584 2296 734 2363 Quod
775 2298 849 2348 ait
878 2308 1095 2350 sanctus
1125 2298 1355 2352 Joannes
1383 2298 1657 2366 apostolus
1683 2317 1695 2352 :
1724 2299 1784 2354 Si
1813 2300 2091 2354 dixerimus

512 2369 633 2429 quia
662 2379 924 2436 peccatu»:
954 2385 1056 2421 non
1085 2367 1328 2420 habemus
1348 2411 1362 2432 ,
1415 2386 1506 2422 nos
1534 2370 1672 2438 ipsos
1701 2371 2010 2432 seducimus,
2041 2380 2092 2423 et

510 2439 693 2490 veritas
720 2439 774 2490 in
803 2440 944 2489 nobis
967 2455 1065 2491 non
1096 2453 1190 2502 est,
1217 2440 1455 2506 quisquis
1485 2440 1563 2492 sic
1592 2441 1958 2506 accipiendum
1993 2455 2089 2508 pii-

509 2511 703 2562 Iaverit
729 2548 744 2571 ,
796 2521 851 2561 ut
883 2509 1017 2562 dicat
1055 2523 1270 2577 propter
1301 2511 1653 2564 humilitatem
1698 2526 1799 2562 non
1839 2524 2088 2574 oportere

509 2579 610 2631 tI!CI
639 2593 740 2649 nos
769 2596 872 2632 non
901 2579 1097 2633 habere
1130 2591 1408 2647 peccatum
1437 2623 1452 2644 ,
1483 2596 1585 2631 non
1613 2582 1731 2649 quia
1765 2585 1960 2634 veritas
1982 2594 2084 2646 est,

511 2647 790 2720 anathema
821 2651 908 2703 sit.
947 2650 1198 2715 Sequitur
1227 2649 1366 2702 enim
1393 2647 1690 2718 apostolus,
1721 2662 1774 2705 et
1805 2651 2043 2720 ailjiingit
2070 2670 2082 2702 :

511 2717 572 2770 Si
596 2727 763 2770 autem
788 2721 1005 2788 confessi
1036 2721 1277 2787 fuerimus
1316 2717 1521 2789 peccata
1550 2730 1744 2784 nostra,
1786 2717 1953 2789 ﬁdelis
1974 2717 2082 2782 vest,

507 2797 556 2838 et
572 2790 768 2856 justas,
799 2791 887 2856 qui
910 2792 1133 2843 remittat
1162 2791 1304 2842 nobis
1347 2808 1390 2853 pi
1409 2802 1573 2857 ccata,
1604 2801 1652 2842 et
1672 2795 1876 2843 mandet
1901 2808 1994 2844 nos
2022 2794 2084 2844 ab

508 2858 644 2911 omni
674 2859 934 2924 iniquitate
953 2858 1002 2926 (Ι
1023 2859 1177 2913 Joan.
1201 2877 1238 2926 I,
1259 2865 1333 2927 tt).
1354 2861 1448 2915 Ubi
1477 2864 1837 2928 satisapparet
1863 2863 1959 2912 hoc
1979 2878 2081 2915 non

507 2937 706 2979 tantum
749 2932 1050 2995 humiliter,
1103 2930 1195 2984 scd
1227 2933 1385 2983 etiam
1426 2937 1686 2985 veraciter
1718 2933 1839 2985 dici.
1871 2932 2084 2986 Poterat

505 2999 644 3050 enim
675 3001 943 3067 apostolus
975 3000 1149 3054 dicere
1175 3019 1186 3053 :
1233 3000 1293 3056 Si
1338 3003 1616 3056 dixerimus
1638 3017 1657 3055 :
1689 3001 1809 3054 Non
1839 3003 2082 3056 habemus

505 3080 781 3131 peccatum,
811 3085 901 3132 nos
937 3072 1075 3133 intras
1102 3073 1390 3125 extollimus
1416 3116 1429 3137 ,
1465 3086 1508 3125 et
1548 3074 1804 3125 humilitas
1841 3074 1893 3124 in
1941 3073 2082 3126 nobis

1312 325 1404 378 AD
1443 325 1501 380 S.
1544 322 1791 380 ISIDORI
1834 323 2274 380 IIISPALENSIS
2313 325 2541 381 OPERA
2596 327 3040 388 APPENDICES.

3653 333 3792 390 1236

2142 443 2193 499 Α
2222 443 2402 495 volunt
2422 459 2449 496 a
2479 445 2678 497 sanctis
2705 445 2833 508 d'ci,
2869 455 2922 498 ut
2946 445 3232 508 humiliter,
3263 460 3369 498 non
3401 446 3664 501 veraciter
3693 447 3792 503 hoc

2217 514 2444 579 dicatur,
2479 515 2760 567 anathema
2791 522 2878 568 sit.
2927 517 3054 580 Quis
3081 518 3219 567 enim
3255 518 3386 569 lerat
3429 527 3701 581 orantem,
3739 531 3789 574 et
3813 566 3824 569 -

2217 599 2321 655 non
2357 585 2690 646 hominibus,
2725 587 2816 637 sed
2860 588 2956 652 ipsi
2993 586 3214 636 Domino
3264 587 3609 639 mentientem
3637 629 3654 653 ,
3703 591 3789 655 qui

2215 653 2370 727 labiis
2395 655 2494 706 sibi
2526 655 2656 727 dicit
2691 656 2886 708 dimitti
2919 659 3073 727 velle,
3105 669 3157 727 et
3195 656 3358 710 corde
3383 656 3512 711 dicit
3538 674 3661 727 qua:
3686 653 3788 713 sibi

2211 723 2547 778 dimittantur
2574 725 2748 779 debita
2780 742 2883 778 non
2916 725 3142 781 habere?

2513 816 2644 872 Cn.
2695 816 2976 872 XXXVIII.
3001 847 3071 859 —-
3099 818 3298 888 Lapsus
3339 819 3483 873 Ade.

2281 910 2338 964 Si
2367 913 2484 972 quis
2508 928 2601 976 per
2629 909 2886 964 offensam
2922 911 3374 978 prtevziricatiouis
3414 911 3543 965 Adae
3570 927 3673 964 non
3702 921 3787 966 ιο-

2210 990 2338 1041 tum,
2372 982 2419 1033 id
2461 992 2564 1042 est,
2615 983 2905 1034 secundum
2945 996 3140 1050 corpus
3177 992 3230 1036 et
3255 982 3486 1034 animam
3542 983 3594 1034 in
3644 984 3788 1036 dete-

2210 1052 2319 1104 rius
2348 1051 2477 1104 dicit
2507 1052 2774 1114 hominem
2814 1061 3192 1106 commutatum
3213 1095 3228 1117 ,
3281 1053 3373 1106 sed
3405 1052 3598 1116 anima:
3631 1052 3788 1105 liber-

2209 1130 2315 1174 tate
2361 1122 2520 1173 illa-sa
2552 1123 2808 1184 durante,
2840 1137 3032 1186 corpus
3064 1123 3430 1175 tantummodo
3459 1123 3784 1190 corruptioni

2206 1193 2374 1244 credit
2398 1193 2707 1255 obnoxium,
2754 1192 2952 1260 Pelagii
2985 1206 3166 1245 errore
3194 1192 3450 1258 deceptus
3475 1192 3788 1245 adversatur

2205 1261 2494 1332 Scripturp
2535 1262 2768 1316 dicenti:
2802 1262 2986 1315 Anima
3028 1278 3140 1332 qua:
3182 1264 3482 1331 peccaverit,
3525 1263 3638 1328 ipsa
3677 1279 3784 1314 ino-

2203 1335 2363 1385 rietur
2395 1330 2606 1401 (Ezech.
2644 1348 2790 1395 svnt,
2819 1332 2900 1400 4);
2927 1343 2979 1384 et
3003 1350 3015 1385 :
3041 1330 3270 1386 Nescitis
3297 1335 3537 1398 quoniam
3563 1333 3646 1383 cui
3675 1333 3778 1385 obe-

2203 1404 2340 1472 ditis,
2371 1417 2416 1454 ei
2448 1419 2479 1453 a
2507 1419 2604 1471 quo
2655 1407 2769 1472 quis
2815 1415 3118 1471 superatur,
3169 1405 3278 1472 ejus
3323 1419 3495 1456 servus
3545 1404 3782 1472 adjicitur

2207 1471 2379 1540 (Rom.
2414 1487 2482 1528 vr.
2525 1473 2617 1536 I6;
2651 1471 2708 1524 ll
2743 1471 2885 1526 Petr.
2919 1489 2976 1537 ti,
3005 1471 3120 1541 19)?

2342 1563 2468 1618 Car.
2503 1564 2819 1618 XXXIX.-
2844 1563 3113 1619 Peccatum
3139 1566 3265 1618 Adae
3307 1565 3359 1618 in
3392 1573 3641 1634 posteros.

2273 1657 2329 1711 Si
2373 1655 2494 1724 quis
2544 1655 2644 1708 soli
2694 1657 2824 1709 Adie
2887 1658 3375 1723 pracvaricmioneni
3431 1672 3580 1710 suam
3612 1698 3628 1719 ,
3679 1674 3784 1712 non

2199 1729 2359 1782 etiam
2391 1728 2508 1791 ejus
2533 1726 2806 1796 propagini
2833 1729 3025 1780 asserit
3052 1729 3323 1790 nocuisse,
3357 1739 3445 1778 aut
3467 1738 3611 1780 certe
3642 1745 3781 1782 mur-

2127 1796 2169 1854 B
2200 1807 2304 1850 tein
2339 1807 2540 1850 tantum
2567 1799 2828 1864 corporis,
2858 1814 2976 1864 qua:
3004 1814 3154 1864 pinna
3185 1800 3385 1867 peccati
3417 1809 3519 1862 est,
3553 1814 3659 1850 non
3689 1814 3782 1851 au-

2199 1881 2304 1922 tem
2348 1878 2401 1920 et
2441 1880 2736 1934 peccatum,
2764 1869 2903 1936 quod
2955 1882 3099 1920 mors
3123 1878 3205 1921 est
3243 1871 3457 1931 animae,
3487 1884 3578 1932 per
3618 1885 3781 1922 unum

2199 1940 2464 1992 hominem
2495 1938 2546 1990 in
2581 1954 2738 1990 omne
2781 1954 2948 2006 genus
2980 1939 3268 1991 humanum
3325 1939 3577 1991 transisse
3623 1950 3782 1992 testa-

2200 2019 2308 2070 tur,
2337 2007 2650 2074 injustitiam
2683 2008 2792 2061 Deo
2824 2010 2988 2072 dabit,
3016 2009 3388 2062 coitu-adiectis
3412 2009 3670 2074 Apostolo
3700 2010 3783 2061 di-

2193 2081 2330 2133 eeuti
2363 2096 2376 2129 :
2420 2075 2522 2130 Per
2554 2095 2712 2130 unum
2739 2079 2991 2130 hominem
3025 2089 3286 2147 peccatum
3317 2080 3521 2132 intravit
3550 2080 3601 2131 in
3633 2096 3782 2130 mun-

2193 2154 2336 2211 dum,
2369 2159 2414 2200 et
2444 2165 2532 2215 per
2576 2160 2834 2217 peccatum
2859 2165 2992 2200 mors
3015 2189 3027 2209 ,
3059 2162 3106 2200 et
3139 2151 3208 2201 ita
3258 2151 3310 2201 in
3353 2165 3520 2202 omnes
3550 2149 3779 2217 homines

2193 2220 2510 2286 pertransiit,
2561 2216 2611 2270 in
2639 2236 2736 2287 quo
2773 2234 2946 2272 omnes
2973 2218 3198 2272 homines
3245 2230 3571 2289 peccaverunt
3595 2216 3780 2288 (Rom.

2192 2305 2248 2356 γ’
2279 2289 2386 2358 ‘8"
2695 2358 2823 2412 cip.
2859 2358 2970 2412 XL.
2992 2389 3062 2398 —
3088 2357 3287 2415 Crafia.

2259 2450 2312 2504 Si
2338 2451 2456 2517 quis
2487 2451 2818 2504 invocatione
2845 2452 3070 2501 humana
3096 2459 3317 2512 gratiam
3347 2449 3434 2501 Dei
3464 2449 3588 2502 dicit
3610 2465 3770 2516 posse

2188 2523 2419 2582 conleiri
2443 2561 2457 2582 ,
2515 2534 2822 2572 nouantem
2857 2523 3022 2585 ipsam
3054 2520 3275 2587 ειειιιλιιιι
3311 2522 3485 2573 facere
3534 2537 3583 2573 ui
3626 2523 3775 2574 invo-

2187 2605 2336 2644 ceiur
2363 2608 2391 2642 a
2425 2593 2596 2655 nobis,
2628 2589 2944 2642 cootradicit
2974 2592 3126 2642 Isaae
3183 2591 3477 2658 prophetis,
3509 2593 3587 2643 vel
3620 2599 3775 2658 Apo-

2186 2664 2326 2715 Stolo
2357 2661 2496 2712 idem
2521 2661 2714 2712 dicenti
2741 2677 2754 2711 :
2803 2659 3045 2712 Inventus
3083 2675 3195 2711 sum
3221 2677 3253 2710 a
3286 2677 3386 2712 non
3432 2665 3774 2729 querentibus

2187 2747 2296 2795 me;
2321 2731 2492 2803 palam
2520 2734 2735 2797 apparui
2766 2730 2844 2783 his
2869 2734 2956 2798 qui
2985 2748 3063 2782 me
3082 2747 3183 2781 non
3213 2735 3590 2801 interregabant
3614 2732 3766 2802 (lsai.

2187 2818 2308 2866 va,
2342 2817 2384 2866 i;
2419 2802 2568 2854 Rom.
2596 2817 2647 2853 χ.
2677 2803 2789 2869 :20).

2452 2896 2577 2949 CAP.
2611 2893 2743 2947 XLI.
2768 2923 2837 2933 —
2868 2891 3114 2946 Voluntas
3144 2892 3274 2946 bona
3303 2910 3333 2946 a
3360 2890 3485 2946 Deo.

2255 2988 2308 3044 Si
2341 2989 2490 3058 quis,
2521 2999 2577 3042 ut
2615 3003 2644 3040 a
2694 2996 2911 3055 peccato
2950 3002 3270 3054 purgentur,
3319 2988 3645 3040 voluntatem
3674 3003 3775 3040 ito-

2179 3057 2554 3112 Strtiin’Dcuiu
2606 3069 2918 3126 exspectare
2983 3057 3288 3117 contendit,
3332 3072 3436 3109 non
3479 3069 3656 3110 autem
3691 3070 3769 3110 ιιι

503 3127 602 3190 non
623 3147 729 3209 est;
758 3127 853 3193 sed
884 3127 1002 3194 cuiu
1035 3142 1107 3194 ait
1137 3160 1150 3192 :
1182 3141 1291 3194 Nos
1330 3127 1464 3200 ipsos
1504 3143 1802 3208 decipimur,
1827 3154 1872 3195 et
1896 3144 2075 3196 veritas

2185 3130 2344 3183 etiam
2376 3130 2582 3197 purgari
2609 3130 2978 3209 velimus,qu
3002 3127 3170 3208 sancti
3195 3130 3427 3191 Spiritus
3449 3129 3772 3208 iiil'usioiieiti

503 3210 552 3259 in
577 3208 724 3281 nobis
750 3226 849 3262 non
878 3219 972 3274 est,
999 3214 1128 3265 satis
1151 3212 1381 3266 Ostendit
1409 3229 1528 3266 eum
1558 3216 1644 3281 qui
1677 3215 1868 3266 dixerit
1898 3229 1954 3265 se
1973 3230 2076 3266 non

505 3279 698 3333 habere
726 3291 1020 3348 peccatum,
1055 3298 1159 3336 non
1196 3297 1378 3336 verum
1410 3279 1692 3351 loqui,_sed
1719 3285 1932 3339 falsum.

497 3393 630 3450 CAP.
680 3394 920 3452 XXXVI.
963 3427 1032 3437 —
1063 3397 1309 3451 Omnibus
1346 3399 1599 3478 orandum
1646 3415 1738 3469 pro
1767 3400 2081 3453 dimittendis

1172 3481 1411 3536 peccatis.

568 3558 883 3625 Quicunque
927 3559 1120 3612 dixerit
1164 3567 1212 3611 in
1244 3561 1488 3614 oratione
1543 3558 1814 3613 Dominica
1851 3562 1970 3613 ideo
2000 3561 2081 3614 dio

496 3644 620 3681 cere
666 3639 876 3682 sanctos
920 3628 1131 3682 Dimitte
1159 3631 1304 3683 nobis
1339 3631 1506 3682 debita
1558 3642 1731 3683 nostra
1760 3629 1972 3697 (JIatth.
2005 3648 2076 3691 vt.

499 3697 673 3767 12),ni
709 3714 812 3753 non
845 3715 942 3768 pro
987 3699 1177 3768 seipsis
1209 3702 1310 3753 hoc
1337 3702 1546 3765 dicant,
1593 3702 1715 3768 quia
1762 3715 1866 3753 non
1897 3709 1979 3753 est
2003 3705 2080 3753 eis

497 3770 600 3838 iam
637 3772 931 3825 necessaria
975 3772 1073 3824 ista
1106 3773 1422 3838 petitio,sed
1456 3787 1550 3840 pro
1589 3773 1703 3822 aiiis
1740 3772 1826 3838 qui
1869 3781 1992 3824 sunt
2023 3773 2076 3824 in

497 3855 593 3894 suo
619 3842 811 3908 populo
831 3853 1165 3908 pecratores;
1189 3853 1242 3895 et
1264 3841 1383 3894 ideo
1405 3857 1508 3894 non
1530 3841 1708 3896 dicere
1731 3856 2080 3908 unumquem-

497 3927 598 3976 que
611 3923 912 3965 sanctorum
935 3911 999 3963 Di
1007 3913 1275 3964 miltemihi
1289 3912 1452 3965 debita
1468 3928 1598 3975 mea,
1613 3913 1704 3964 sed
1725 3910 1926 3964 Dimitte
1938 3915 2078 3965 nobis

497 3981 661 4033 debila
690 3994 882 4044 nostra,
902 3992 956 4034 ιιι
981 3987 1079 4035 hoc
1096 3998 1193 4051 pro
1214 3983 1330 4035 aliis
1351 3983 1521 4050 potius
1535 3998 1691 4049 quam
1713 3999 1806 4049 pro
1828 3997 1884 4035 se
1904 3986 2077 4048 justus

499 4065 678 4113 petere
709 4052 1054 4120 intelligatur,
1086 4056 1362 4106 anathema
1385 4053 1473 4108 sit.
1497 4053 1722 4106 Sanctus
1740 4051 1878 4105 cniin
1911 4063 1962 4105 et
1990 4053 2070 4118 ju-

498 4129 611 4172 stus
637 4131 753 4174 erat
795 4123 1067 4189 apostolus
1098 4124 1349 4186 Iacobus,
1381 4139 1500 4177 cum
1530 4123 1778 4178 dicebat:
1815 4122 1881 4175 1n
1904 4123 2077 4175 multis

496 4195 629 4243 enim.
656 4189 960 4255 o/fcndimus
993 4209 1163 4246 onmes
1203 4193 1344 4263 (Jac.
1390 4209 1470 4257 ili,
1505 4196 1584 4257 ἓ).
1621 4195 1748 4247 Nam
1783 4208 1948 4261 quare
1977 4195 2075 4245 ad-

497 4263 661 4313 ditum
710 4269 794 4314 est
829 4279 996 4315 omnes
1023 4305 1037 4325 ,
1082 4263 1180 4314 nisi
1215 4273 1270 4316 ut
1317 4267 1414 4316 ista
1457 4267 1716 4318 sententia
1766 4266 2076 4316 conveniret

498 4334 723 4398 psalmo,
755 4333 838 4384 ubi
874 4333 1096 4404 legitur:
1125 4332 1244 4384 Non
1272 4335 1425 4386 intres
1452 4335 1776 4404 iiijndicinm
1799 4351 1912 4387 cum
1934 4349 2074 4387 servo

497 4419 603 4465 tuo,
629 4405 747 4471 quia
771 4420 869 4455 non
898 4403 1259 4472 justi/imbitur
1299 4421 1347 4454 in
1385 4403 1656 4472 coitspectn
1686 4415 1769 4456 tuo
1810 4405 1972 4455 omnis
1998 4406 2068 4456 ci-

497 4488 610 4527 vens
640 4473 822 4564 (l’sal‘;
841 4473 1120 4564 canini)?
1150 4477 1214 4526 lat
1237 4476 1282 4554 iii
1308 4474 1547 4526 oratione
1569 4473 2066 4564 sapientissinii‘bla-
2100 4508 2151 4564 υ

496 4544 749 4597 Ιοιιιυιιὶεε
776 4545 894 4597 Non
916 4555 987 4597 est
1010 4544 1158 4596 homo
1183 4547 1269 4614 qui
1299 4561 1396 4596 non
1422 4556 1584 4610 peccet
1609 4544 1804 4613 (Ercle.
1834 4560 1924 4608 VII,
1949 4543 2065 4614 “21).

498 4622 561 4668 ι·.ι
586 4616 636 4668 iu
670 4616 804 4669 lihro
853 4616 1019 4669 saneti
1067 4615 1206 4669 Job:
1261 4615 1324 4668 In
1363 4633 1515 4667 manu
1556 4618 1718 4667 omnis
1747 4617 1964 4667 hominis
2005 4620 2073 4667 si-

495 4696 634 4757 gnat,
688 4697 742 4757 ut
785 4687 910 4738 sciat
955 4688 1115 4739 omnis
1170 4689 1318 4739 homo
1365 4687 1707 4752 inﬁrmitatem
1755 4701 1900 4757 suam
1950 4685 2071 4754 (Job

494 4754 781 4821 ixxvtiﬂ).
804 4758 950 4810 [inde
975 4761 1132 4809 etiam
1165 4758 1340 4809 Itanivl
1368 4758 1772 4827 3287suttclus
1797 4767 1846 4807 et
1868 4754 2066 4827 justus,

493 4843 610 4882 rum
639 4831 687 4880 in
710 4837 952 4880 oratione
974 4831 1243 4895 pluraliter
1265 4826 1492 4883 diceret:
1520 4826 1869 4891 Peccavimus,
1889 4826 2070 4895 iniqui-

494 4906 642 4951 tatem
675 4899 883 4967 fecimus
907 4898 1158 4963 (Damni,
1183 4899 1325 4966 '5),ct
1358 4910 1545 4950 caetera
1580 4913 1694 4964 quin
1715 4898 1781 4949 ibi
1809 4913 2070 4950 Veracner

494 4979 544 5020 et
577 4971 848 5021 humiliter
870 4967 1170 5031 conﬁtetur,
1204 4985 1269 5022 ne
1296 4978 1590 5030 putaretur,
1618 4969 2065 5033 quemadmodum

492 5040 703 5105 quidam
729 5047 988 5103 Sentiunt,
1016 5037 1114 5090 hoc
1146 5055 1249 5090 uoti
1281 5040 1345 5091 de
1390 5040 1524 5100 suis,
1554 5040 1645 5092 sed
1690 5041 1755 5090 de
1784 5039 1958 5106 populi
1987 5041 2064 5092 sui

492 5109 688 5162 dixisse
723 5111 970 5176 peccatis,
1005 5120 1182 5176 postea
1209 5111 1343 5161 dunt
1372 5126 1382 5158 :
1413 5108 1538 5162 Cum
1578 5126 1795 5173 orarem,
1831 5119 1876 5160 et
1905 5110 2067 5175 conﬁ-

493 5193 619 5250 terer
630 5189 834 5250 peccata
851 5194 980 5242 mea,
995 5190 1038 5231 et
1051 5192 1254 5248 peccata
1270 5182 1442 5248 popta’i
1463 5181 1558 5231 mei
1577 5179 1794 5231 Dontmo
1813 5180 1916 5230 Deo
1932 5197 2060 5232 ineo.

491 5249 666 5302 Noluit
688 5252 886 5314 dieare,
919 5263 1126 5316 peccata
1156 5262 1350 5307 nostra.
1382 5254 1472 5303 sed
1504 5260 1549 5301 et
1598 5251 1772 5315 pepuli
1799 5251 1879 5302 sui
1909 5251 2064 5314 dixit,

492 5329 543 5373 et
563 5335 677 5383 sua,
699 5325 946 5387 quoniam
977 5325 1178 5373 laturus
1209 5324 1342 5374 istos
1368 5321 1458 5387 qui
1487 5333 1593 5374 tam
1626 5324 1766 5373 male
1801 5319 2067 5388 intellige-

491 5400 608 5444 rent
632 5401 878 5459 tanquam
905 5397 1159 5459 propheta
1193 5392 1453 5460 praevidit.

493 5482 618 5540 υλι».
667 5484 1023 5539 ΧΧΧν11.-
1055 5485 1395 5538 Dimittuntur
1437 5482 1606 5538 debita
1649 5484 1802 5536 etiant
1843 5483 2062 5538 sanctis.

559 5577 870 5640 Quicunque
898 5579 1007 5642 ipsa
1043 5581 1200 5629 verba
1234 5577 1526 5631 Dominica:
1556 5577 1835 5640 orationis,
1869 5576 1956 5629 ubi
1986 5576 2066 5630 di-

491 5660 657 5697 cuuus
688 5646 899 5740 Dimitte
924 5649 1066 5702 nobis
1088 5649 1254 5702 aebita
1281 5657 1456 5702 nostra
1488 5645 1695 5716 (Matth.
1731 5663 1800 5712 νι,
1852 5645 1956 5716 1⁸2),
1995 5649 2065 5701 ita

558 5778 691 5833 Car.
719 5794 803 5832 λι..
833 5780 940 5833 AL:
969 5782 1153 5847 Siquis
1175 5785 1238 5836 ad
1265 5787 1622 5838 invocationem
1644 5786 1938 5856 humanam,
1959 5795 2062 5837 etc.

2183 3212 2235 3252 et
2263 3203 2626 3265 operationem
2661 3201 2712 3250 in
2746 3199 2899 3251 nobis
2943 3199 3058 3251 Iieri
3089 3203 3389 3259 conlitetiir,
3439 3201 3638 3252 resistit
3669 3201 3766 3265 ipsi

2184 3272 2401 3337 Spiritui
2433 3280 2618 3322 sancto
2652 3285 2746 3333 per
2775 3269 3118 3323 Sitoinoneiit
3147 3269 3342 3321 dicenti
3372 3288 3381 3319 :
3428 3266 3768 3337 Prarparatur

2182 3335 2412 3392 voluntas
2449 3357 2480 3391 a
2529 3337 2748 3391 Domino
2783 3337 3049 3407 (Proverb.
3079 3353 3191 3401 xui,
3225 3343 3310 3402 14,
3339 3355 3439 3391 sec.
3474 3335 3663 3405 LXX).
3699 3337 3768 3391 Et

2182 3411 2438 3476 Apostolo
2471 3412 2757 3463 salubriter
2791 3409 3132 3475 (iudicanti:
3171 3410 3306 3461 Deus
3351 3417 3422 3460 est
3471 3411 3559 3478 qui
3587 3425 3768 3477 opera-

2182 3493 2262 3532 tur
2293 3483 2343 3531 in
2373 3480 2512 3532 nobis
2540 3489 2586 3532 et
2617 3481 2770 3546 velle,
2801 3490 2848 3532 et
2897 3481 3141 3547 per/icere
3193 3496 3285 3548 pro
3331 3480 3463 3531 bona
3508 3481 3766 3532 voluntate

2183 3549 2439 3621 (Philipp.
2470 3566 2526 3615 ιι,
2561 3552 2674 3619 15).

2414 3663 2542 3715 ιλιι».
2590 3661 2747 3714 XLII.
2773 3692 2844 3700 —-
2862 3661 3040 3716 Gratia
3069 3673 3306 3732 operatur
3338 3663 3526 3718 omnia.

2253 3755 2307 3809 Si
2349 3757 2464 3824 quis
2493 3758 3034 3824 sicut'augmentuni,
3068 3755 3139 3808 ita
3166 3759 3324 3810 etiam
3357 3756 3564 3810 initium
3599 3756 3759 3822 fidei,

2182 3826 2459 3893 ipsumque
2482 3828 2812 3880 credulitatis
2839 3828 3107 3887 utier-tuin,
3134 3843 3239 3894 quo
3268 3829 3316 3880 in
3343 3843 3464 3880 eum
3493 3828 3768 3881 credimus

2179 3899 2266 3964 qui
2290 3897 2310 3965 j
2338 3898 2548 3949 rstilicat
2581 3898 2822 3963 impium,
2847 3907 2900 3950 et
2931 3901 2993 3950 ad
3024 3900 3482 3967 regenerationem
3509 3903 3647 3951 sacri
3673 3901 3764 3952 ba-

2184 3969 2444 4029 pti~matis
2477 3968 2838 4033 pervenimus,
2866 3984 2968 4020 non
3000 3983 3093 4038 per
3113 3969 3296 4034 gratia:
3321 3972 3542 4029 donum,
3576 3969 3627 4021 id
3659 3983 3764 4032 est,

2181 4053 2275 4105 per
2323 4039 2723 4106 inspiratioueui
2755 4041 2982 4104 Spiritus
3026 4043 3234 4100 Sancti,
3273 4041 3621 4108 corrigentem
3669 4055 3763 4092 vo—

2183 4118 2438 4160 luntatem
2466 4120 2700 4160 nostrain
2720 4110 2784 4160 nl)
2815 4109 3124 4161 iulidelitate
3153 4119 3216 4162 ait
3241 4108 3397 4162 ﬁdem
3420 4150 3435 4172 ,
3464 4110 3532 4162 ab
3577 4111 3762 4173 impie-

2183 4189 2286 4230 tate
2312 4181 2377 4230 ad
2410 4179 2682 4246 pietatem,
2731 4179 2823 4231 sed
2872 4180 3184 4232 naturaliter
3209 4180 3360 4232 nobis
3392 4194 3568 4232 inesse
3604 4179 3759 4241 dicit,

2178 4250 2484 4315 apostolicis
2508 4250 2844 4315 dogmatibus
2868 4252 3203 4304 adversarius
3229 4251 3575 4314 approbatur,
3602 4250 3761 4302 beato

2179 4320 2419 4390 apostolo
2437 4321 2594 4372 I’aulu
2617 4321 2844 4372 dicente:
2864 4318 3179 4384 Cati/idiotas
3194 4319 3414 4390 quiaqui
3428 4320 3577 4390 coepit
3596 4319 3764 4390 inquo-

2179 4396 2250 4440 bis
2271 4389 2454 4441 bonum
2474 4406 2624 4454 opus,
2642 4392 2862 4455 per/ierat
2882 4406 3032 4456 usque
3049 4394 3097 4442 in
3111 4393 3241 4442 diem
3259 4388 3444 4444 Christi
3460 4389 3585 4442 Jesu
3608 4388 3762 4456 (Pht-

2179 4460 2307 4528 lipp.
2339 4476 2374 4521 i,
2401 4465 2475 4528 ti).
2508 4470 2570 4511 ιιι
2594 4461 2756 4513 iilud;
2790 4459 2940 4513 Vobis
2962 4460 3133 4511 datum
3163 4477 3189 4512 e
3218 4470 3234 4512 ι
3260 4476 3351 4526 pro
3374 4461 3572 4512 Christo
3600 4460 3764 4529 329

2179 4547 2281 4582 non
2311 4532 2473 4582 solani
2503 4542 2556 4582 ut
2585 4531 2637 4581 in
2664 4547 2777 4582 eum
2806 4532 3023 4582 credatis
3051 4570 3063 4590 ,
3089 4547 3257 4582 verum
3289 4533 3439 4582 etiam
3467 4541 3518 4582 ut
3548 4549 3641 4599 pro
3672 4537 3763 4582 illo

2175 4603 2443 4666 patiamini
2477 4600 2732 4669 (Philipp.
2764 4617 2801 4664 ι,
2833 4601 2946 4668 :8).
2983 4603 3081 4652 Et:
3114 4599 3293 4653 Gratia
3326 4603 3453 4652 salvi
3485 4604 3608 4669 {acti
3639 4603 3762 4652 estis

2175 4689 2262 4737 per
2290 4674 2469 4735 ﬁdem,
2503 4679 2548 4722 et
2582 4674 2674 4722 hoc
2705 4687 2804 4723 non
2857 4688 2917 4724 ex
2948 4669 3106 4732 I‘ODls,
3150 4672 3243 4722 Dei
3273 4687 3404 4721 enim
3452 4675 3640 4722 donum
3687 4683 3760 4722 est

2175 4740 2389 4808 (Ep/tes.
2423 4757 2480 4801 ll,
2514 4739 2594 4806 8).
2643 4743 2742 4806 Qui
2773 4743 2911 4793 enim
2964 4743 3119 4793 tidem
3151 4758 3250 4808 qua
3299 4747 3348 4793 in
3384 4743 3547 4793 Deuiu
3582 4742 3760 4793 credi-

2173 4829 2290 4864 mus
2317 4813 2501 4864 dicunt
2530 4828 2649 4865 esse
2693 4817 2986 4864 naturalem
3017 4853 3030 4873 ,
3081 4835 3090 4857 ι
3116 4828 3265 4864 mnes
3309 4827 3400 4864 eos
3447 4811 3532 4876 qui
3558 4812 3626 4864 ab
3659 4813 3763 4863 Ec-

2170 4883 2332 4934 clesia
2369 4882 2571 4936 Christi
2621 4882 2782 4935 alieni
2832 4895 2955 4936 sunt
3001 4888 3393 4950 quoaaaunodo
3421 4883 3606 4936 [Melus
3634 4895 3763 4936 esse

2170 4958 2451 5005 dehntunt.

2412 5043 2541 5097 Car.
2583 5044 2760 5098 XLIII.
2794 5043 3078 5098 ——Gralice
3108 5047 3279 5098 omnia
3318 5044 3504 5096 deberi.

2239 5139 2292 5189 Si
2324 5138 2442 5203 quis
2468 5137 2580 5190 sine
2602 5138 2767 5203 gratia
2798 5138 2888 5189 hei
2917 5137 3282 5201 credentibus,
3310 5135 3639 5198 volentibus,
3664 5135 3762 5188 de-

2167 5209 2526 5260 siderantibus
2554 5249 2566 5270 ,
2596 5209 2916 5260 conantibus
2935 5248 2947 5270 ,
2999 5209 3334 5260 smdentibus
3359 5247 3374 5268 ,
3411 5207 3715 5273 petentibus
3737 5247 3757 5271 ,

2168 5279 2532 5347 quaerentibus
2555 5320 2568 5338 ,
2606 5281 2940 5343 pulsantibus
2977 5278 3130 5330 nobis
3169 5277 3590 5330 miscricordiam
3621 5277 3756 5328 dicit

2169 5349 2399 5402 euul'eiri
2429 5347 2717 5412 divinitus;
2750 5364 2854 5400 itoii
2884 5362 3058 5402 autem
3084 5361 3137 5399 ut
3167 5352 3466 5406 credamus,
3505 5350 3755 5406 vulturis,

2171 5420 2252 5471 vel
2285 5420 2395 5470 hiet:
2424 5424 2600 5471 omnia
2634 5457 2650 5482 ,
2699 5422 2837 5470 sicut
2878 5427 3112 5484 oportet,
3145 5434 3303 5486 agere
3330 5420 3626 5482 valeamus,
3661 5431 3756 5482 per

2172 5489 2488 5542 inlusionem
2515 5499 2568 5542 et
2595 5491 2996 5556 inspiratioucm
3037 5493 3203 5541 sancti
3233 5488 3460 5552 Spiritus
3503 5487 3555 5540 in
3601 5489 3755 5538 nobs

2171 5561 2284 5612 Ιιθιι
2309 5560 2628 5623 ciiiilitctur;
2660 5570 2712 5610 et
2739 5570 2827 5610 aut
2857 5559 3157 5619 humilitati,
3191 5569 3280 5610 aut
3301 5557 3617 5612 truculentia:
3646 5557 3750 5608 Ltu-

2171 5646 2341 5684 inanie
2371 5627 2641 5698 subjuugit
2661 5630 2846 5698 gratia:
2867 5628 3212 5698 adjutoriuiu,
3237 5631 3332 5682 nec
3359 5639 3416 5680 ut
3437 5628 3754 5684 obedicutcs
