4180 6178
392 338 524 396 I937

1160 326 1450 382 APPEND.
1496 326 1629 381 Xlll.
1658 355 1723 365 —
1755 324 1843 378 DE
1885 316 2428 377 ECCLESI.\STICIS
2472 315 2933 373 DOGMATIDUS.

3519 319 3539 371 I
3554 315 3655 370 Ξΰὸ

387 462 441 507 et
468 448 697 505 bnniilcs
727 458 911 504 simus.
942 442 1104 511 ipsius
1147 442 1331 506 gratim
1360 442 1555 493 donum
1586 454 1705 493 esse
1731 454 1965 511 censen-7

2095 430 2239 511 gratia.
2297 426 2678 511 misericordia;
2734 425 2949 511 divina:-
2988 432 3325 511 prtevenertt.
3386 423 3538 511 Uade
3586 436 3658 511 ‘et

390 525 474 588 tit,
506 518 704 574 resistit
734 510 985 588 Apostolo
1017 511 1453 588 dicentiLQuid.
1476 511 1606 588 enim
1644 510 1802 588 habes
1830 510 1966 588 quod

389 578 488 646 non
513 587 754 652 accepisti
783 578 837 651 ιι
869 583 988 638 Cor.
1024 598 1098 643 IV,
1127 583 1226 651 7)?
1261 583 1360 636 Et:
1412 580 1593 634 Gratia
1635 579 1726 631 Dei
1767 597 1876 633 sum
1914 578 1967 629 id

389 662 523 731 quod
549 674 660 713 sum
688 656 877 724 (Ibid.,
912 670 1008 714 xv,
1042 654 1152 724 ιιι).

511 752 637 805 CAP.
672 748 856 803 XLIV.
882 776 951 788 —
969 745 1237 799 Hominem
1260 745 1386 797 nihil
1416 758 1560 812 posse
1584 742 1692 795 sine
1723 739 1849 795 Deo.

466 845 519 898 Si
551 842 670 911 quis
709 856 804 909 per
830 848 1031 911 natura:
1080 838 1314 906 vigorem
1364 836 1560 889 bonum
1608 832 1801 901 aliquid
1833 832 1973 911 quod

393 917 458 969 ad
482 904 957 981 salutem-pertinet
988 910 1108 962 vita:
1133 904 1298 982 ἔξιθι-ιι
1320 927 1346 956 ι·
1369 910 1627 982 cogitare,
1653 914 1711 956 ut
1738 904 1975 982 exitotlit,

393 996 485 1041 aut
510 974 866 1052 eligere,'sive
893 981 1130 1043 salutari,
1162 980 1342 1052 idest,
1371 974 1980 1052 evangelicaipriedicao

398 1056 523 1108 tioni
555 1043 860 1108 consentire
908 1066 1062 1117 poese
1110 1050 1423 1107 confirmat,
1456 1049 1657 1109 absque
1706 1043 1975 1117 illumina-

398 1128 540 1180 tione
568 1137 618 1177 et
652 1113 995 1190 inspiratione
1020 1119 1251 1183 Spiritus
1282 1118 1472 1181 sancti,
1502 1113 1980 1190 qui_dat_omni_bns

395 1199 710 1251 suavitatem
740 1184 811 1246 "In
852 1191 1261 1255 consentiendo,
1308 1198 1362 1241 et
1407 1189 1458 1241 in
1486 1185 1756 1240 credendo
1787 1184 1977 1235 Veritao

398 1278 529 1333 tem,
565 1266 817 1318 lueretico
849 1262 1045 1334 fallitur
1072 1260 1299 1334 spiritu,
1329 1275 1432 1309 non
1467 1258 1766 1334 intelligens
1790 1268 1977 1334 vocem

402 1338 494 1390 Dei
518 1326 583 1390 ἰιι
618 1334 921 1402 Evangelia
945 1326 1205 1385 dicentis:
1241 1329 1365 1384 Sine
1393 1326 1866 1402 me_nihil__potestis_
1895 1328 1979 1402 fa-

398 1424 511 1461 cere
561 1402 739 1473 (Joan.
766 1396 876 1468 νιν,
910 1401 986 1471 5);
1018 1412 1071 1455 et
1096 1402 1243 1473 illud
1278 1400 1518 1473 Apostoli
1546 1413 1559 1451 :
1611 1396 1732 1473 Non
1780 1397 1980 1473 quidem

398 1466 575 1529 idonei
590 1491 764 1528 sumus
802 1466 1024 1542 cogitare
1049 1471 1243 1535 aliquid
1288 1487 1319 1521 α
1364 1470 1509 1542 nobis
1534 1470 1681 1536 quasi
1711 1482 1773 1542 ea.
1802 1466 1942 1517 nobis
1964 1506 1977 1529 ,

398 1550 487 1600 sed
512 1547 807 1616 suﬁicientia
834 1538 1006 1597 nostra
1030 1558 1093 1596 ea:
1124 1542 1231 1595 Deo
1257 1550 1327 1594 est
1358 1539 1443 1610 (ll
1470 1538 1588 1592 Cor.
1620 1553 1701 1603 ιιι,
1734 1539 1811 1599 5).

548 1638 678 1691 CAP.
710 1634 868 1689 XLV.
900 1663 970 1673 -—
1001 1632 1153 1688 Solus
1196 1631 1331 1685 Deus
1369 1630 1521 1683 trahit
1553 1630 1821 1682 hominem.

470 1729 526 1783 Si
549 1730 667 1795 quis
696 1728 828 1780 alios
855 1741 947 1791 per
978 1723 1390 1795 misericordiam
1415 1762 1431 1787 ,
1481 1722 1614 1795 alios
1642 1735 1769 1774 vero
1802 1734 1895 1795 per
1920 1719 1981 1772 li-

404 1791 586 1853 bet-uni
612 1800 910 1855 arbitrium,
943 1796 1082 1863 quod
1106 1796 1157 1848 in
1188 1793 1431 1847 omnibus
1457 1792 1544 1860 qui
1573 1792 1639 1845 de
1666 1791 1980 1863 praevarica-

404 1871 547 1923 tione
577 1869 728 1936 primi
762 1861 991 1919 hominis
1021 1868 1127 1918 nati
1168 1876 1290 1917 sunt
1312 1873 1534 1936 (constat
1566 1877 1687 1936 esse
1715 1861 1977 1926 vitiatum,

404 1941 467 1992 ad
493 1934 715 2009 gratiam
748 1936 992 2009 baptismi
1023 1950 1177 2009 posse
1208 1934 1387 2009 venire
1416 1934 1711 2009 contendit,
1757 1947 1812 2009 an
1840 1940 1980 1984 recta

408 2002 521 2063 ιι.ιὲ
539 2011 789 2077 probatur
818 2002 1044 2060 alienus.
1080 2005 1169 2059 Ille
1190 2005 1332 2077 enim
1354 2002 1727 2077 Anon_m_r.’nium
1760 2002 1982 2077 liberum

407 2072 683 2133 arbitrium
722 2093 814 2145 per
846 2086 1119 2144 peccatum
1151 2076 1304 2142 primi
1354 2075 1583 2126 hominis
1611 2073 1802 2126 asserit
1836 2072 1983 2145 infir-

408 2158 640 2202 matum:
691 2142 781 2205 aut
809 2142 952 2200 certe
997 2146 1064 2199 ita
1116 2146 1298 2198 laesum
1343 2152 1525 2211 putat,
1579 2155 1632 2195 ιιι
1662 2154 1839 2196 tamen
1870 2142 1985 2211 qui.

408 2220 525 2271 dam
555 2220 766 2271 valeant
793 2216 907 2271 sine
932 2216 1259 2270 revelatioae
1288 2215 1382 2268 Dei
1413 2214 1767 2268 ministerium
1797 2211 1986 2266 salutis

406 2299 619 2342 :rterna:
672 2304 767 2354 per
837 2287 1155 2355 semctipSos
1214 2299 1367 2349 posse
1432 2285 1765 2353 conquirere.
1835 2282 1985 2349 Quod

406 2375 564 2427 quam
611 2360 677 2413 sit
704 2356 1026 2411 contrarium
1054 2359 1166 2423 ipse
1196 2356 1455 2409 Dominus
1496 2357 1723 2427 probat,
1764 2356 1851 2422 qui
1881 2368 1986 2406 non

408 2426 631 2497 aliquos,
668 2428 759 2481 sed
792 2429 1057 2479 neminem
1096 2428 1160 2478 ad
1207 2440 1264 2477 se
1295 2440 1452 2497 posse
1495 2426 1678 2497 venire
1727 2433 1987 2497 testatur,

410 2494 511 2552 nisi
557 2514 712 2566 quem
764 2497 917 2550 Pater
965 2497 1244 2549 attraxerit
1296 2496 1477 2566 (Joan.
1508 2510 1585 2558 Vl,
1614 2494 1730 2563 Μ).
1762 2496 1911 2548 Sicut
1938 2503 1991 2547 et

412 2565 763 2624 Petrordicit:
796 2566 984 2620 Beatus
1032 2582 1120 2629 es,
1158 2565 1337 2621 Simon
1392 2565 1651 2635 Barjona,
1698 2568 1819 2633 quia
1872 2580 1990 2616 caro

409 2652 455 2692 et
503 2642 866 2709 sanguismong
900 2637 1141 2709 reuelauit
1173 2636 1280 2697 tibi,
1312 2635 1399 2709 sed
1432 2634 1588 2709 Pater
1629 2652 1791 2709 meus,
1821 2636 1904 2703 qui
1936 2635 1989 2686 in

410 2710 546 2763 caelis
586 2703 656 2761 est
691 2706 902 2777 (Matth.
936 2707 1190 2777 “4,717);
1221 2716 1273 2761 et
1301 2706 1637 2777 Apostolus):
1685 2703 1851 2759 Nemo
1900 2720 1991 2777 po:

412 2790 506 2903 ἔδει
550 2773 740 2903 άὶεθνὲ)
765 2777 1011 2831 Dominus
1043 2776 1221 2840 Jesus,
1273 2776 1368 2828 nisi
1391 2776 1443 2827 in
1475 2775 1677 2842 Spiritu
1703 2784 1877 2829 sancto
1926 2773 1985 2844 (l

454 2866 529 2903 or.
558 2864 649 2903 XII.
748 2886 762 2900 .

454 2866 529 2903 or.
558 2864 649 2913 xu,
682 2849 762 2915 5).

699 2937 825 2994 CAP.
857 2937 1376 2994 XLVI.-—Liberum
1404 2936 1693 2991 arbitrium.

495 3030 792 3082 Arbitrium
810 3024 1103 3079 voluntatis
1126 3024 1180 3075 in
1209 3024 1383 3089 primo
1409 3024 1627 3075 homine
1644 3021 1999 3082 inﬁrmatam,

426 3098 529 3153 nisi
556 3115 650 3167 per
678 3097 905 3167 gratiam
938 3093 1325 3167 baptismiiion
1353 3100 1530 3167 potest
1557 3090 1828 3159 reparari;
1854 3104 1963 3167 quo

424 3158 709 3229 amissum”,
742 3166 844 3219 nisi
874 3181 904 3218 a
934 3158 1041 3230 quo
1070 3162 1245 3231 potuit
1286 3158 1403 3215 dari
1444 3178 1548 3214 non
1598 3158 1999 3231 potestreddi.

428 3237 583 3291 Unde
613 3236 828 3290 Veritas
865 3229 995 3287 dicit
1024 3252 1037 3287 :
1072 3229 1140 3287 'Si
1183 3248 1268 3285 vos
1312 3231 1489 3285 Filius
1534 3229 1850 3297 liberaverit,
1881 3238 2003 3283 tunc

424 3324 539 3361 uere
570 3306 719 3360 liberi
749 3307 894 3359 eritis
927 3304 1107 3371 (Joan.
1137 3317 1256 3368 VIII,
1288 3302 1402 3371 56).

847 3398 975 3452 CAP.
1023 3384 1224 3453 XLVII.
1255 3430 1323 3439 —
1351 3399 1550 3454 Gratia.

485 3491 678 3545 Natura
712 3493 958 3555 humana,
992 3494 1199 3546 etiamsi
1232 3492 1282 3563 in
1316 3492 1403 3546 illa
1451 3494 1752 3561 integritate
1801 3494 1851 3545 in
1895 3509 1996 3563 qua

416 3574 494 3614 ρει
521 3562 730 3615 c0ndita
764 3573 1133 3628 permaneret,
1168 3562 1312 3616 nullo
1360 3564 1517 3616 modo
1548 3564 1808 3629 seipsam,
1840 3562 1999 3619 Crea‘

414 3643 529 3685 tore
569 3647 665 3685 suo
703 3647 804 3684 non
850 3632 1163 3698 adjuvante,
1215 3642 1473 3687 servaret.
1522 3632 1671 3688 Unde
1712 3651 1830 3687 cum
1887 3635 2002 3689 sine

420 3702 509 3753 Dei
538 3702 704 3771 gratia
735 3702 961 3755 salutem
993 3717 1094 3754 non
1130 3704 1295 3769 possit
1328 3705 1629 3767 custodire,
1660 3720 1817 3771 quam
1848 3721 2001 3759 acce-

418 3773 828 3895 pith_t‘jiutti;iiodti
861 3776 978 3827 sine
1010 3772 1101 3825 Dei
1142 3773 1309 3841 gratia
1360 3776 1557 3841 poterit
1587 3790 1836 3843 reparare
1862 3776 2000 3844 quod

418 3857 511 3895 per
554 3860 563 3893 ι
610 3860 621 3895 ι

418 3843 647 3908 perdidit

632 3935 773 3991 CAP.
821 3934 1054 3989 XLVIII.
1076 3963 1148 3975 —
1170 3935 1247 3986 An
1278 3936 1441 4003 gratia
1470 3937 1535 3989 sit
1574 3945 1780 3990 natura.

485 4024 629 4097 Sicut
657 4024 734 4097 eis
774 4027 864 4093 qui
897 4023 1131 4097 volentes
1181 4026 1245 4097 in_
1263 4024 1379 4097 lege
1398 4023 1678 4097 jtistil‘icari
1702 4067 1715 4088 ,
1747 4034 1800 4097 et
1828 4040 1855 4076 a
1885 4039 2005 4097 graf

418 4096 488 4148 Iia
520 4095 863 4155 exciderunt,
906 4096 1181 4148 verissime
1211 4095 1371 4162 330
1400 4095 1526 4146 dicit
1577 4094 1863 4160 Apostolus
1890 4094 1905 4149 ἑ
1942 4096 2009 4149 Si

417 4168 467 4218 in
494 4168 598 4235 lege
612 4166 819 4235 justitia
836 4173 928 4228 est,
955 4180 1072 4232 ergo
1094 4162 1323 4217 Christus
1346 4166 1504 4233 gratis
1530 4176 1759 4218 mortuus
1781 4175 1851 4217 est
1875 4167 2007 4231 (lia-

420 4239 507 4287 lm.
544 4234 601 4297 it,
631 4236 746 4300 2|);
780 4234 855 4287 sic
891 4235 966 4286 cis
996 4235 1085 4301 qui
1128 4236 1352 4301 gratiam
1387 4250 1543 4301 quatn
1587 4238 1926 4288 commendat
1955 4246 2011 4289 et

423 4306 644 4371 petttlpll
686 4308 819 4356 litIes
848 4303 1068 4366 ChriSti,
1096 4314 1279 4368 putant
1309 4319 1429 4357 esse
1461 4312 1703 4358 naturam
1732 4306 2011 4359 verissime

418 4378 649 4427 diciznr;
703 4371 758 4428 Si
816 4390 909 4442 per
965 4384 1207 4426 naturam
1252 4378 1454 4441 jnstitia
1498 4386 1620 4441 est,
1671 4390 1799 4444 ergo
1845 4388 2010 4443 gratis

418 4448 659 4497 tLIirisnis
687 4454 927 4497 mortuus
958 4454 1057 4496 e~t.
1088 4445 1203 4496 .Iam
1239 4444 1322 4498 hic
1362 4448 1503 4497 enim
1534 4456 1648 4497 erat
1676 4446 1785 4508 lex,
1819 4456 1872 4498 et
1905 4462 2007 4499 non

419 4514 774 4583 jnstilicabat;
806 4515 913 4579 jam
948 4514 1031 4566 hic
1058 4526 1169 4567 erat
1209 4525 1259 4566 et
1291 4528 1499 4575 natura,
1533 4528 1586 4567 ct
1621 4532 1722 4568 non
1751 4516 2006 4584 justilicao

422 4590 532 4636 hat.
567 4585 686 4637 Ideo
715 4585 958 4637 Christus
989 4600 1093 4636 non
1137 4588 1301 4650 gratis
1333 4596 1571 4637 mortua.
1600 4596 1716 4647 est,
1749 4597 1804 4638 ut
1834 4598 1887 4639 et
1922 4588 2005 4640 lex

424 4670 516 4719 per
545 4654 689 4706 illum
724 4654 1036 4721 impleretur
1063 4656 1152 4720 qui
1197 4654 1337 4707 dixit
1363 4674 1377 4707 :
1418 4654 1541 4707 Non
1582 4658 1694 4708 veni
1721 4657 1912 4709 solvere
1936 4658 2006 4708 le-

421 4740 552 4791 gem,
577 4726 661 4776 sed
689 4726 899 4791 implere
927 4722 1141 4792 (Matth.
1167 4738 1230 4785 v,
1280 4725 1390 4793 I7);
1420 4734 1473 4778 et
1498 4734 1680 4777 natura
1712 4742 1803 4793 per
1832 4728 1998 4780 Adam

423 4794 627 4861 perdita
677 4810 769 4860 per
812 4795 958 4847 illum
1008 4801 1346 4862 repararetur
1390 4798 1476 4863 qui
1508 4796 1639 4849 dixit
1688 4797 1899 4852 venisse
1949 4813 2008 4851 se

420 4879 669 4932 quzererc
697 4874 749 4917 et
779 4866 985 4917 salvare
1014 4865 1153 4932 quod
1188 4866 1436 4932 perierat.

677 4955 804 5012 CAP.
838 4952 1023 5009 XLIX.
1043 4985 1111 4994 -—-
1128 4954 1377 5025 Repetitio
1397 4958 1738 5025 superiorum.

490 5046 789 5097 Secundum
818 5046 1209 5114 suprascriptas
1251 5053 1558 5099 sanctarum
1606 5047 2001 5113 Scripturarum

422 5118 733 5179 sententias,
767 5116 847 5169 vel
878 5114 1215 5183 antiquorum
1245 5117 1459 5169 Patrum
1485 5116 1848 5177 definitiones,
1880 5117 2004 5184 hoc,

425 5187 531 5238 Deo
564 5187 878 5253 propitiante
899 5228 912 5249 ,
944 5194 999 5237 ct
1020 5187 1309 5254 praedicare
1336 5187 1596 5241 debemus
1614 5226 1630 5249 ,
1656 5196 1709 5241 et
1739 5188 1962 5241 credere
1988 5230 2003 5253 ,

420 5255 561 5323 quod
596 5272 687 5319 per
714 5264 986 5322 peccatum
1032 5256 1183 5323 primi
1215 5257 1443 5310 hominis
1488 5257 1557 5309 ita
1608 5272 1773 5326 genus
1819 5259 2002 5311 huma-

423 5342 547 5396 num
592 5330 659 5377 sit
708 5327 1050 5390 inclinatum,
1099 5335 1155 5378 nt
1200 5330 1376 5381 nullus
1418 5336 1599 5395 postea
1649 5340 1739 5382 aut
1782 5328 2007 5396 diligere

422 5393 586 5447 Deum
617 5396 753 5447 sicut
780 5395 1041 5463 oportuit,
1071 5406 1161 5466 aut
1190 5393 1488 5451 credere’in
1521 5399 1684 5452 Deum
1706 5439 1721 5462 ,
1754 5409 1845 5453 aut
1871 5393 2004 5466 ope-

426 5466 527 5516 rari
559 5476 773 5533 propter
804 5466 968 5520 Deum
998 5465 1137 5525 quod
1180 5465 1375 5521 bonum
1413 5479 1495 5523 est
1522 5472 1692 5538 possit
1750 5470 1850 5524 nisi
1880 5465 2000 5524 eum

492 5618 621 5674 Car.
670 5632 795 5672 xcv.
838 5620 967 5670 Acta
1006 5619 1216 5672 concilii
1248 5621 1593 5676 Arausicani:
1631 5622 1685 5677 Is
1726 5627 1856 5679 enim
1888 5641 1999 5679 am-

424 5706 562 5743 nium
595 5688 805 5742 liberum
824 5688 1110 5752 arbitrium,
1141 5699 1244 5749 etc,
1275 5694 1474 5744 omisso
1501 5708 1623 5746 non.

491 5760 618 5813 (λιιι).
654 5773 746 5814 ι.ιι.
773 5758 884 5814 Hoc
912 5768 995 5813 est
1034 5758 1282 5827 caput‘22
1319 5759 1570 5818 Maurina:
1604 5765 1902 5833 Editiouis,
1940 5766 1993 5821 in

2075 492 2204 554 Abel
2223 500 2395 565 justo,
2428 492 2664 561 et'Noe,
2698 506 2753 551 et
2793 492 3019 551 Abraha:
3041 536 3057 561 ,
3086 506 3142 550 et
3170 496 3347 560 Isaac,
3376 503 3433 550 et
3455 494 3654 561 Iacob,

2075 570 2326 636 omnique
2378 569 2714 637 antiquorum
2775 577 3081 621 sanctorum
3144 566 3467 620 multitudini
3519 566 3659 637 illam

2080 641 2390 707 prteclaram
2423 636 2577 691 fidem
2604 678 2617 701 ,
2652 653 2812 702 quam
2845 638 2894 691 in
2946 638 3182 707 ipsorum
3214 637 3370 691 laude
3408 636 3664 705 praedicat

2077 706 2352 778 apostolus
2386 709 2580 763 Paulus
2623 707 2809 775 (Hebr.
2870 722 2924 761 ιι
2972 706 3162 776 seqq.),
3196 721 3299 778 non
3338 722 3430 774 per
3467 707 3679 778 bonum

2082 776 2305 845 naturae,
2342 779 2482 845 quod
2513 778 2657 846 prius
2690 780 2739 831 in
2776 778 2941 832 Adam
2971 778 3155 832 datum
3203 776 3410 841 fuerat,
3446 776 3540 830 sed
3572 789 3667 843 per

2079 851 2301 921 gratiam
2334 850 2424 903 Dei
2452 849 2722 921 credimus
2741 849 2909 921 fuisse
2930 848 3198 921 collatam.
3224 848 3394 921 Quam
3408 848 3665 921 gratiam,

2079 917 2241 975 etiam
2274 930 2394 987 post
2422 920 2706 973 adventum
2740 919 2985 981 Domini,
3015 918 3264 973 omnibus
3289 917 3381 985 qui
3408 917 3665 987 baptizari

2080 985 2419 1054 desiderant,
2453 1006 2555 1042 non
2590 992 2640 1043 iu
2691 991 2859 1043 libero
2888 989 3108 1042 arbitrio
3146 988 3358 1056 haberi,
3383 988 3480 1042 sed
3511 985 3670 1040 Chri-

2081 1064 2148 1114 ειὶ
2178 1062 2423 1114 novimus
2446 1060 2601 1114 simul
2631 1071 2682 1113 et
2712 1062 2978 1113 credimus
3013 1061 3257 1127 largitate
3286 1056 3544 1122 conferri,
3564 1070 3670 1127 se-

2081 1135 2310 1184 cundum
2345 1131 2473 1183 illud
2499 1131 2635 1196 quod
2661 1132 2768 1200 jam
2801 1145 2945 1200 saepe
2971 1126 3170 1184 dictum
3197 1137 3299 1197 est,
3333 1138 3387 1182 et
3410 1126 3667 1200 praedicat

2085 1201 2277 1253 Paulus
2344 1202 2657 1266 apostolus:
2692 1199 2847 1253 Vobis
2880 1197 3139 1253 donatum
3187 1211 3260 1253 est
3302 1215 3394 1265 pro
3448 1197 3673 1257 Christo,

2085 1287 2183 1323 non
2204 1271 2369 1322 solum
2408 1279 2460 1321 ut
2489 1271 2541 1322 in
2567 1285 2682 1322 eum
2711 1272 2948 1331 credatis,
2975 1272 3065 1324 sed
3095 1271 3250 1324 etiam
3278 1277 3329 1323 ut
3369 1284 3459 1336 pro
3484 1283 3543 1321 eo
3581 1282 3676 1337 pa-

2085 1338 2572 1408 tiamini(Philipp.
2631 1341 2827 1401 1.29);
2878 1350 2931 1392 et
2982 1341 3149 1394 illud:
3210 1340 3345 1393 Deus
3397 1340 3485 1407 qui
3524 1337 3674 1408 coepit

2085 1412 2135 1462 in
2162 1410 2299 1463 vobis
2316 1406 2689 1479 iibmtun’t'npus,
2723 1410 2953 1479 perﬁciet
2999 1426 3157 1479 usque
3208 1410 3261 1461 in
3303 1410 3436 1460 diem
3470 1406 3675 1460 Domini

2084 1482 2243 1534 nostri
2275 1478 2438 1549 (Ibid,
2491 1480 2578 1544 6);
2627 1489 2683 1533 et
2711 1479 2880 1532 illud:
2916 1478 3094 1531 Gratia
3142 1479 3266 1531 salvi
3298 1480 3420 1548 facti
3443 1479 3679 1549 est_isgper

2085 1552 2261 1620 filem,
2287 1547 2333 1601 ιιι
2354 1550 2447 1602 hoc
2474 1566 2577 1602 non
2601 1566 2662 1602 ea:
2685 1550 2841 1614 vobis,
2874 1549 2966 1601 Dei
2987 1552 3120 1602 enim
3142 1550 3332 1601 donum
3361 1558 3440 1620 es_t_
3458 1547 3674 1619 (Ephes.

2088 1618 2147 1683 it,
2174 1624 2251 1684 8).
2299 1621 2361 1674 Et
2392 1620 2530 1687 quod
2563 1620 2630 1673 de
2658 1620 2838 1689 seipso
2887 1621 2961 1673 ait
3010 1620 3333 1689 Apostolus;
3386 1618 3683 1689 Misericor-

2088 1694 2227 1745 diam
2262 1700 2557 1744 consecutus
2582 1706 2713 1753 sum,
2743 1686 2796 1741 ut
2819 1690 2985 1759 ﬁdelis
3012 1705 3170 1743 essem
3203 1688 3251 1757 (1
3287 1688 3407 1743 Cor.
3437 1703 3529 1754 vtt,
3558 1686 3679 1759 25).

2020 1789 2063 1847 Β
2089 1763 2203 1847 ῌΟιι
2234 1761 2407 1847 dixit}
2438 1760 2570 1827 Quia
2592 1775 2781 1847 ieram,
2797 1756 2991 1847 sedat
3014 1756 3217 1847 essem:
3254 1770 3308 1847 et
3337 1758 3462 1847 illud
3477 1756 3682 1847 La

2089 1834 2242 1887 habes
2263 1832 2398 1901 quod
2421 1848 2521 1883 non
2544 1832 2885 1899 accepisti?et
2910 1830 3062 1884 illud:
3093 1830 3256 1884 Omne
3274 1830 3451 1881 datum
3474 1830 3680 1901 bonum,

2088 1913 2136 1956 et
2161 1899 2306 1955 omne
2334 1906 2524 1953 donum
2555 1905 2837 1969 perfectum
2867 1902 3132 1953 desursum
3175 1911 3271 1963 est,
3318 1899 3622 1969 descendens
3649 1913 3689 1948 α

2090 1973 2247 2025 Patre
2276 1971 2527 2024 luminum
2558 1968 2719 2035 (Jac.
2768 1986 2805 2032 ι,
2839 1971 2961 2035 I7);
3016 1979 3071 2024 et
3101 1970 3233 2023 illud
3264 1988 3276 2021 :
3322 1968 3489 2022 Nemo
3531 1968 3681 2019 habet

2084 2044 2381 2113 quidquam,
2406 2042 2506 2094 nisi
2530 2034 2608 2093 illi
2631 2042 2809 2093 datum
2830 2040 2985 2110 fuerit
3012 2043 3230 2108 desuper
3260 2038 3439 2109 (Joan.
3464 2052 3543 2097 ιιι.
3563 2034 3685 2109 27).

2213 2156 2342 2211 CAP.
2377 2154 2436 2209 L.
2467 2183 2538 2199 —~
2570 2153 2822 2207 Voluntas
2865 2153 3079 2206 hominis
3105 2160 3214 2221 post
3240 2151 3561 2219 baptismum.

2164 2227 2272 2282 Hoc
2302 2226 2463 2281 etiam
2505 2223 2798 2278 secundum
2834 2224 2989 2278 Iidem
3039 2222 3355 2277 catholicam
3386 2221 3680 2286 credimus,

2089 2299 2230 2367 quod
2258 2306 2378 2367 post
2401 2304 2673 2367 acceptam
2706 2295 2952 2359 baptismi
2981 2296 3237 2360 gratiam,
3284 2305 3471 2346 omnes
3514 2291 3687 2367 baptio

2091 2362 2191 2421 iati
2221 2410 2234 2431 ,
2258 2362 2499 2420 'Cbristo
2536 2362 2841 2419 auxiliante
2868 2375 2921 2418 et
2950 2372 3302 2428 cooperante.
3348 2376 3469 2427 quas
3495 2362 3561 2415 ad
3592 2374 3685 2414 sa-

2094 2440 2255 2491 lutem
2287 2438 2478 2491 animae
2509 2436 2797 2504 pertinent,
2832 2443 3075 2502 possunt,
3105 2444 3160 2488 et
3185 2433 3434 2497 debeant,
3468 2431 3513 2487 si
3550 2431 3682 2504 fide:

2098 2509 2222 2563 liter
2246 2508 2493 2562 laborare
2510 2500 2781 2561 voluerint
2804 2500 3166 2573 ,adimplere.
3217 2504 3438 2571 Aliquos
3467 2515 3595 2556 vero
3621 2500 3687 2555 aI

2094 2580 2291 2632 malum
2319 2578 2499 2630 divina
2528 2585 2795 2645 potestate
2824 2577 3251 2645 ,praadestinatos
3280 2587 3400 2629 esse
3413 2613 3436 2645 Α.
3470 2587 3574 2627 non
3604 2585 3686 2626 so-

2096 2650 2201 2702 lum
2236 2664 2338 2700 non
2383 2642 2689 2709 credimus,
2745 2642 2853 2699 sed,
2880 2647 3041 2698 etiam
3088 2646 3133 2699 si
3164 2653 3289 2698 sunt
3338 2642 3428 2712 qui
3485 2642 3703 2695 tantnm‘

2095 2720 2220 2772 mali
2249 2718 2471 2771 credere
2498 2717 2691 2779 velint,
2716 2730 2836 2769 cum
2861 2715 3007 2770 omni
3036 2715 3389 2771 detestatione
3431 2712 3536 2768 illis
3564 2726 3687 2768 ana-

2095 2790 2273 2843 thema
2306 2788 2557 2841 dicimus.

2314 2882 2440 2934 CAP.
2486 2879 2572 2933 LI.
2599 2908 2670 2919 —
2690 2878 2905 2933 Initium
2928 2881 3224 2934 meritorum
3255 2879 3409 2931 unde.

2169 2971 2223 3023 In
2256 2972 2397 3023 omni
2429 2986 2591 3039 opere
2633 2972 2771 3023 bono
2801 2986 2907 3024 non
2939 2986 3035 3025 nos
3074 2969 3375 3039 incipimus,
3421 2978 3476 3023 et
3508 2976 3702 3037 postea-

2099 3056 2192 3110 per
2224 3040 2314 3093 Dei
2346 3040 2767 3094 misericordiam
2801 3040 3138 3109 adjuvantur,
3188 3040 3285 3095 sed
3334 3042 3449 3109 ipse
3498 3039 3656 3093 nobis
3675 3080 3701 3103 ,.

2094 3111 2259 3165 nullis
2284 3112 2710 3178 praecedentibus
2743 3112 2897 3166 bonis
2930 3112 3167 3176 meritis,
3196 3119 3254 3166 et
3282 3111 3442 3166 fidem
3465 3118 3524 3164 et
3545 3124 3691 3163 amo-

2101 3197 2214 3236 rcm
2256 3182 2334 3234 sui
2368 3182 2800 3250 priusinspirat,
2849 3192 2905 3236 ut
2954 3192 3005 3237 et
3054 3182 3309 3250 baptismi
3356 3188 3703 3237 sacramenta

2102 3252 2330 3307 ﬁdeliter
2374 3254 2724 3319 requiramus,
2758 3262 2814 3307 et
2846 3262 2963 3320 post
3006 3252 3333 3318 baptismum
3378 3266 3500 3307 cum
3528 3251 3695 3319 ipsius

2104 3322 2366 3391 adjutorio
2398 3337 2458 3375 ea
2490 3338 2609 3390 qua:
2640 3324 2741 3375 sibi
2768 3331 2895 3377 sunt
2925 3324 3117 3390 placita
3148 3322 3372 3388 implere
3404 3324 3697 3389 possimus.

2108 3392 2258 3447 Unde
2311 3392 2749 3445 manifestissime
2796 3391 3125 3446 credendum
3156 3400 3239 3446 est
3266 3392 3408 3458 quod
3452 3400 3509 3446 et
3556 3392 3693 3444 illius

2104 3461 2324 3516 latronis
2360 3477 2515 3530 quem
2566 3462 2823 3515 Dominus
2856 3461 2920 3514 ad
2949 3461 3179 3529 paradisi
3208 3461 3434 3529 patriam
3477 3474 3693 3514 revoca-

2103 3532 2179 3585 vit
2203 3530 2354 3600 (Luc.
2388 3546 2544 3596 xxiii,
2576 3530 2691 3600 45),
2725 3541 2781 3585 et
2806 3530 3043 3585 Cornelii
3071 3531 3423 3595 centurionis,
3447 3531 3511 3582 ad
3536 3545 3693 3595 quem

2104 3603 2325 3672 angelus
2356 3603 2561 3655 Domitii
2607 3604 2804 3655 missus
2835 3614 2914 3655 est
2946 3603 3085 3672 (Act.
3135 3618 3189 3665 ιι,
3224 3604 3300 3671 I),
3322 3600 3683 3672 (Zachcique.

2105 3671 2193 3736 qui
2222 3675 2394 3739 ipsum
2428 3673 2706 3726 Dominum
2757 3673 3032 3739 suscipere
3060 3674 3252 3726 meruit
3280 3671 3433 3743 (Luc.
3475 3686 3587 3734 XIX,
3614 3671 3694 3739 6),

2107 3742 2192 3796 illa
2234 3754 2340 3795 tam
2372 3742 2701 3797 admirabilis
2732 3743 2863 3797 fides
2895 3759 2999 3796 non
3028 3743 3185 3798 fuerit
3216 3742 3297 3796 de
3318 3754 3510 3796 natura
3534 3781 3550 3804 ,
3599 3743 3703 3795 aed.

2107 3813 2301 3866 divina:
2329 3812 2465 3881 grati
2485 3832 2513 3864 c
2545 3813 2789 3881 largitate
2816 3814 3031 3866 donata.
3094 3858 3099 3863 .

2211 3901 2339 3956 CAP.
2377 3902 2531 3956 XLII.
2554 3932 2620 3941 —-
2648 3902 2747 3969 Qui
2788 3903 2888 3956 sint
2918 3901 3133 3956 habendi
3166 3918 3256 3969 pro
3286 3901 3576 3967 baptizatis.

2181 3996 2338 4065 331
2386 3997 2652 4064 Baptisma
2701 4010 2862 4049 unum
2892 4004 2995 4059 est,
3046 3995 3138 4049 sed
3171 3994 3225 4049 iu
3278 3994 3553 4057 Ecclesia,
3605 3991 3694 4048 ubi

2111 4082 2213 4118 una
2268 4069 2399 4120 fides
2447 4072 2562 4130 est,
2612 4065 2698 4120 ubi
2750 4070 2801 4118 ιιι
2854 4066 3070 4119 nomine
3119 4065 3320 4130 Patris,
3367 4074 3424 4121 et
3453 4065 3607 4130 Filii,
3638 4074 3695 4119 et

2113 4136 2345 4204 Spiritus
2403 4137 2592 4201 sancti,
2645 4136 2917 4199 datur.'Et
2972 4136 3091 4189 ideo
3146 4134 3191 4190 si
3240 4135 3329 4204 qui
3373 4134 3512 4202 apud
3570 4134 3694 4187 illos

2112 4208 2389 4261 lncreticos
2434 4205 2685 4273 baptizati
2736 4215 2897 4267 sunt,
2949 4204 3040 4274 qui
3074 4206 3124 4258 iti
3170 4220 3370 4261 sancta:
3416 4205 3693 4260 Trinitatis

2113 4278 2450 4331 COIIIeSsiODt:
2476 4276 2768 4343 haptizant,
2792 4286 2845 4331 et
2877 4277 3099 4329 veniunt
3125 4277 3191 4331 ad
3215 4290 3333 4343 nos,
3365 4277 3695 4344 recipiantur

2114 4346 2325 4414 quidem
2360 4354 2416 4398 ut
2456 4345 2742 4414 baptizati,
2782 4362 2847 4400 ne
2876 4354 3079 4400 sancta:
3106 4344 3383 4401 Trinitatis
3425 4345 3708 4401 invocatio

2114 4418 2199 4470 vel
2238 4414 2509 4471 confessio
2540 4419 2845 4482 annuletur;
2896 4418 2991 4471 sed
3021 4418 3315 4470 doceantur
3360 4417 3600 4484 integre,
3640 4426 3695 4471 et

2039 4485 2090 4543 D
2119 4488 2446 4540 instruantur
2466 4526 2480 4551 ,
2508 4503 2615 4555 quo
2639 4502 2797 4541 sensu
2829 4498 3027 4541 sancta:
3069 4485 3348 4540 Trinitatis
3380 4486 3690 4554 mysterium

2114 4558 2166 4611 in
2201 4556 2435 4611 Ecclesia
2469 4570 2734 4621 teneatur;
2778 4566 2833 4611 et
2861 4556 2907 4610 si
2937 4556 3277 4610 consentiunt
3306 4555 3564 4619 credere,
3612 4558 3693 4609 vel

2114 4629 2458 4696 acquiescant
2502 4628 2745 4682 conliteri
2773 4668 2787 4689 ,
2840 4626 3040 4693 purgati
3066 4624 3177 4694 jam
3208 4625 3330 4681 ﬁdei
3388 4626 3694 4696 integritate

2113 4694 2501 4751 confirmentur
2548 4711 2736 4750 manus
2788 4697 3147 4764 impositiOne.
3205 4696 3260 4750 Si
3315 4710 3440 4750 vero
3491 4694 3717 4761 parvuli~

2113 4778 2257 4829 sunt,
2293 4768 2372 4821 vel
2405 4768 2659 4829 hebetes,
2705 4767 2791 4833 qui
2820 4767 3118 4819 doctrinam
3168 4781 3273 4820 non
3326 4767 3567 4834 capiant,
3602 4782 3703 4820 rc-

2113 4838 2413 4904 spondeant
2446 4852 2541 4906 pro
2587 4836 2691 4890 illis
2740 4837 2827 4904 qui
2878 4850 2971 4890 eos
3015 4835 3246 4891 offerunt
3282 4837 3433 4906 juxta
3488 4852 3688 4889 morem

2115 4908 2451 4974 baptizandi;
2494 4918 2545 4959 et
2580 4909 2676 4970 sic,
2704 4922 2890 4959 manus
2932 4907 3277 4975 impositione
3314 4920 3365 4959 et
3396 4906 3687 4960 chrismate

2112 4978 2449 5041 commoniti,
2486 4976 2832 5029 Eucliaristiai
2856 4977 3125 5046 mysteriis
3166 4978 3535 5030 admittantur.
3566 4975 3705 5029 Illos.

2111 5058 2288 5101 autem
2320 5048 2419 5115 ,ιιιιί
2465 5061 2567 5099 non
2608 5057 2806 5099 sancta:
2856 5047 3132 5100 Trinitatis
3177 5048 3516 5102 invocatione
3546 5047 3687 5114 apud

2114 5117 2390 5171 liaircticos
2413 5117 2656 5184 baptizati
2676 5127 2819 5181 sunt,
2848 5129 2902 5171 et
2927 5120 3143 5171 veniunt
3189 5119 3255 5172 ad
3278 5133 3398 5183 nos,
3425 5118 3701 5181 baptizari

2111 5187 2307 5258 debere
2352 5188 2788 5258 pronuntiamus,
2824 5202 2927 5241 non
2961 5189 3296 5258 rebaptizari.
3332 5187 3513 5258 Neque
3541 5187 3684 5241 enim

2110 5257 2431 5311 credendum
2486 5268 2567 5327 est
2613 5272 2708 5311 eos
2756 5256 2921 5313 fuisse
2969 5257 3298 5326 baptizatos,
3348 5256 3443 5327 qui
3489 5273 3594 5312 non
3631 5257 3685 5313 in

2111 5328 2324 5381 nomine
2355 5326 2546 5390 Patris,
2595 5332 2648 5381 'et
2680 5327 2821 5393 Filii,
2848 5337 2903 5383 et
2931 5328 3157 5397 Spiritus
3201 5326 3394 5391 sancti,
3419 5329 3566 5395 juxta
3592 5343 3683 5382 re-

2108 5397 2283 5518 gulam
2334 5413 2364 5451 a
2407 5397 2629 5452 Domino
2660 5401 2905 5467 positam,
2951 5400 3099 5453 tincti
3140 5407 3283 5460 sunt,
3326 5409 3386 5455 ut
3432 5398 3693 5466 Paulini,

2154 5467 2402 5518 rocliani.
2458 5469 2781 5518 Borboritae-
2826 5470 3069 5518 Sinliori-
3113 5474 3202 5518 nui
3234 5485 3373 5518 nunc
3419 5481 3675 5518 Vocantur

2154 5467 2402 5535 rocliani,
2458 5469 2782 5535 Borborim,
2826 5470 3069 5536 Siphori,
3113 5474 3202 5538 qui
3234 5485 3373 5525 nunc
3419 5481 3675 5528 vocantur

2106 5624 2576 5694 quaomittuntur,
2610 5635 2666 5679 ut
2712 5625 2846 5689 dixi,
2896 5627 3268 5694 praecedentia.
3321 5628 3420 5684 Pro
3470 5627 3683 5683 Paulini
3746 5644 3755 5652 λ

2107 5693 2192 5748 alii
2222 5693 2574 5766 Paulianislaz,
2602 5704 2655 5749 et
2684 5693 2982 5750 Montauitre
3014 5714 3110 5766 pro
3132 5698 3395 5765 Montani,
3427 5709 3481 5755 et
3514 5698 3684 5755 Theo-

2108 5767 2280 5834 dorus,
2315 5783 2407 5822 seu
2441 5764 2734 5821 Theudotus
2762 5783 2857 5836 pro
2877 5764 3215 5823 Theodosius.
