4180 6178
573 312 710 364 ιὲιπ

1336 296 1426 350 AD
1466 293 1522 349 S.
1567 289 1812 348 ιδιυοιιι
1857 287 2297 345 IIISPALENSIS
2334 288 2566 345 OPERA
2606 283 3044 342 APPENDICES.

3670 284 3808 338 l2“

548 417 679 484 quia
708 422 1034 487 propositum
1061 408 1182 487 Dei,
1213 421 1320 487 quo
1342 405 1586 487 decrevit
1613 403 1819 487 salvare
1847 402 1987 483 quod
2022 418 2114 469 pe-
2146 407 2196 466 Α
2223 402 2274 453 in
2305 400 2520 487 nomine
2553 397 2766 487 Domini
2799 396 3070 478 facereab
3099 408 3213 475 ipso
3241 395 3350 450 Deo
3380 395 3667 487 didicimus
3691 409 3809 487 λιι

553 472 733 548 τἰει·;ιι’,
764 472 868 536 stat
896 472 1202 542 immobile;
1231 472 1284 531 et
1307 480 1424 530 ideo
1450 477 1583 548 quia
1599 476 1839 526 voluntas
1867 472 1984 541 ejus
2011 488 2113 548 non

550 543 798 616 mutatur,
832 555 942 605 sive
965 550 1336 603 emendatione
1368 543 1510 608 vilic,
1542 545 1586 597 si
1621 557 1829 616 tempus
1866 543 2118 616 eoncedi-

552 639 658 686 tur,
691 614 800 676 site
829 621 1070 688 supplicii
1095 618 1448 680 confession»,
1479 617 1523 668 si
1555 615 1806 668 Continuo
1829 614 1931 664 vita
1961 627 2122 665 exce-

549 685 723 753 ditur,
781 685 944 744 venia
985 701 1318 756 peccatorum
1375 688 1601 738 lidi-liter
1652 692 2000 752 pratsnn'tator
2053 685 2119 734 ab

549 764 639 816 illo
667 766 752 828 qui
800 778 902 814 non
937 755 1046 811 vult
1077 768 1301 811 mortem
1338 758 1650 827 peccatoris,
1682 755 1775 828 sed
1807 766 1861 804 ιιι
1891 768 2118 828 Conver-

551 825 694 886 tatur
723 852 749 883 a
797 833 1091 898 perditione
1145 825 1471 893 ptenitendo,
1520 837 1572 879 et
1617 827 1852 877 Salvatus
1902 825 2122 898 misera:

551 905 694 954 tione
741 892 945 955 Domini
989 910 1125 950 vivat
1148 892 1362 968 ’(ls'zcch.
1395 913 1543 960 xvnt,
1573 898 1670 960 3'2;
1703 908 1889 968 xaxm,
1919 892 2032 968 Il)“.

545 975 665 1042 quis
693 974 847 1025 aliter
875 975 939 1024 de
967 963 1252 1035 jusdssima
1281 969 1371 1020 Dei
1414 970 1606 1036 pietate
1631 966 1943 1039 sentit,’non
1971 963 2122 1017 Ultri-

548 1033 768 1108 stianos,
810 1045 901 1096 sed
933 1033 1253 1095 Novatianus
1284 1049 1381 1092 est.
1414 1033 1428 1036 7
1819 1033 1825 1039 ’

543 1157 670 1213 Car.
703 1158 938 1212 LXXXI.
968 1188 1037 1197 —
1064 1157 1211 1221 Quod
1258 1155 1520 1208 diabolum
1549 1155 1736 1207 lateant
1769 1152 2118 1220 cogitationes.

615 1249 856 1302 Internas
887 1249 1078 1300 animat.
1105 1246 1456 1312 cogitationes
1499 1244 1764 1296 diabolum
1799 1241 2120 1312 nonvidere

544 1319 675 1370 certi
727 1334 948 1380 sumus;
1001 1318 1091 1369 sed
1137 1310 1368 1367 in—otibns
1413 1329 1504 1364 eas
1545 1312 1787 1380 corporis
1817 1313 1882 1363 ab
1914 1310 2008 1362 illo
2066 1319 2119 1362 et

543 1388 884 1441 aﬂ'ectionnm
933 1390 1140 1440 indiciis
1172 1387 1374 1453 colligi,
1409 1392 1782 1449 experimento
1814 1381 2118 1453 didicimus.

542 1463 757 1512 Secreta
806 1468 980 1510 autem
1024 1457 1200 1508 cordis
1232 1450 1378 1506 suos
1411 1453 1499 1507 ille
1533 1457 1676 1504 novit
1703 1454 1767 1503 ad
1793 1466 1953 1518 quem
1990 1450 2123 1501 dici-

543 1540 661 1580 tur:
691 1529 766 1580 Ίίι
791 1531 928 1580 solus
958 1530 1086 1578 nosti
1119 1526 1272 1578 corda
1303 1525 1530 1593 ﬁliorum
1562 1526 1820 1575 hominum
1845 1519 1964 1590 (Ill
1994 1519 2120 1590 lleg.

545 1613 658 1663 vnt,
692 1600 804 1666 59).

863 1685 988 1738 CAP.
1024 1683 1286 1763 LXXXII.
1311 1711 1380 1723 —-
1404 1682 1769 1752 Cogitationes.

611 1777 725 1829 Non
752 1794 940 1832 omnes
964 1780 1115 1831 malae
1147 1760 1496 1844 cogitationes
1527 1787 1725 1828 nostrae
1757 1791 1967 1842 semper
1994 1778 2111 1834 dia-
2150 1760 2192 1818 Β

542 1847 644 1900 boli
697 1851 944 1901 instincm
995 1850 1317 1914 escitantur,
1366 1847 1458 1900 sed
1511 1847 1795 1912 aliquoties
1842 1861 1904 1898 ex
1949 1845 2116 1898 nostri

542 1918 748 1971 arbitrii
805 1929 948 1972 motu
1002 1931 1298 1986 emergunt.
1347 1918 1506 1971 Bona:
1553 1928 1728 1970 autem
1769 1915 2114 1984 cngitattones

540 2004 750 2054 semper
775 2004 803 2041 a
840 1991 947 2042 Deo
977 2000 1117 2041 sunt.

607 2079 736 2132 CAP.
789 2079 1069 2134 LXXXIII.
1101 2109 1168 2118 —
1203 2079 1466 2132 Dazmones
1506 2077 1759 2144 quomodo
1802 2083 2044 2142 occupent

1198 2150 1445 2202 homines.

618 2220 894 2274 Damones
937 2235 1030 2288 per
1067 2220 1363 2282 energicain
1411 2216 1771 2285 operationem
1805 2231 1909 2268 non
1939 2215 2110 2269 credi-

544 2307 663 2344 mus
708 2287 1126 2344 substantialiter
1157 2290 1298 2342 illabi
1344 2289 1556 2352 animm,
1604 2287 1696 2339 sed
1734 2287 2110 2353 applicatimie,

537 2372 591 2413 et
620 2362 967 2428 oppressione
1001 2362 1157 2414 uniri.
1194 2360 1336 2414 Illabi
1366 2368 1541 2411 autem
1568 2355 1729 2410 tttenti
1759 2359 1830 2408 illi
1860 2356 1955 2428 Soli
1992 2369 2112 2423 pos-

539 2427 701 2483 sibile
727 2443 808 2485 est
838 2434 920 2494 qui
951 2432 1171 2492 creavit,
1206 2431 1317 2497 qui,
1362 2440 1549 2481 natura
1592 2429 1890 2482 subsistens
1931 2427 2111 2480 incor-

539 2516 754 2568 poreus,
787 2505 1038 2569 capabilis
1063 2513 1144 2555 est
1165 2517 1278 2554 sua:
1305 2501 1544 2552 l'acutrze.

623 2593 783 2662 336
813 2595 939 2647 CAP.
975 2591 1262 2646 LXXXIV.
1287 2621 1355 2630 —
1381 2590 1455 2643 De
1483 2591 1641 2660 signis
1667 2599 1712 2642 et
1745 2589 2027 2642 virtutibus.

615 2684 798 2751 Signa,
833 2695 884 2736 et
917 2685 1174 2752 prodigia,
1227 2691 1283 2737 et
1311 2683 1568 2735 sanitates
1599 2680 1762 2734 etiam
1811 2685 2118 2745 peccatores

2223 488 2342 523 cum
2375 471 2506 524 alios
2552 469 2651 522 hac
2695 467 3104 534 praisuinptione
3133 469 3336 532 iuvent,
3372 467 3472 519 sibi
3504 481 3598 533 per
3629 469 3804 524 ambi-

2225 541 2421 593 tionem
2471 541 2718 592 Iiumana:
2758 539 2942 605 glorias
2993 546 3210 602 nocent,
3251 539 3374 606 quia
3414 539 3712 607 gloriantur
3748 537 3807 594 in

2223 612 2348 665 dato
2373 612 2527 675 falso,
2555 626 2657 662 non
2684 609 2856 662 meriti
2891 608 3092 661 debito.

2293 703 2419 756 Car.
2465 701 2726 756 LXXXV.
2756 730 2828 740 —
2856 700 3002 764 Quod
3033 701 3203 753 nullus
3228 700 3385 769 signis
3411 709 3620 754 sanctus
3649 701 3728 768 ﬁt.

2294 792 2471 862 Signis
2494 801 2549 844 et
2579 790 2832 858 prodigiis
2859 793 3064 844 clarum
3091 804 3246 857 posse
3271 789 3384 844 lieri
3406 788 3804 852 Christianum.

2228 880 2333 916 non
2367 875 2542 916 tamen
2586 873 2850 924 sanctum,
2895 864 2937 914 si
2969 862 3340 926 intemperatis
3371 869 3425 913 et
3453 866 3658 929 asperis
3687 879 3802 914 nio.

2223 933 2372 986 ribns
2424 943 2579 999 agat;
2635 933 2943 998 temperatis
2989 943 3166 984 autem
3206 940 3261 983 et
3301 931 3518 998 placidis
3560 933 3809 985 moribus

2223 1006 2382 1056 etiam
2411 1008 2612 1068 absque
2642 1002 2916 1071 signorum
2945 1001 3180 1071 ellicacia
3211 1008 3265 1052 et
3293 1010 3556 1071 sanctum,
3590 1011 3645 1054 et
3681 1017 3802 1071 per—

2225 1073 2439 1137 fectum,
2473 1084 2524 1125 et
2556 1073 2642 1125 Dei
2678 1070 2946 1124 hominem
2979 1070 3113 1134 lieri,
3147 1083 3295 1124 recte
3318 1070 3610 1123 credimus.

2357 1163 2484 1216 CAP.
2518 1163 2803 1217 LXXXVI.
2835 1192 2904 1202 —
2933 1162 3113 1216 Sancti
3143 1179 3338 1230 quoque
3367 1173 3670 1225 peccatores.

2297 1253 2486 1307 Nullus
2517 1264 2730 1306 sanctus
2761 1252 3006 1322 etjustus
3033 1262 3181 1306 caret
3204 1262 3457 1320 peccato;
3490 1267 3592 1306 nec
3621 1263 3800 1306 tamen

2226 1339 2286 1376 ex
2315 1325 2413 1376 huc
2442 1324 2636 1377 desinit
2667 1339 2785 1378 esse
2810 1323 3010 1392 justus,
3042 1325 3124 1375 vel
3155 1333 3392 1382 sanctus.
3435 1338 3556 1376 cum
3603 1322 3798 1378 aliectu

2229 1404 2402 1447 teneat
2433 1396 2792 1447 sanctitatem.
2825 1395 2938 1446 Non
2971 1395 3110 1446 enim
3147 1404 3350 1446 natura:
3382 1396 3628 1446 humana:
3661 1393 3791 1446 viri-

2227 1465 2344 1529 bus,
2389 1466 2481 1516 sed
2529 1466 2779 1532 propositi
2830 1465 3137 1531 adjumento
3170 1480 3262 1531 per
3295 1463 3385 1516 Dei
3432 1466 3656 1530 gratiam
3708 1476 3798 1516 ac-

2226 1535 2483 1602 quirimos
2527 1536 2882 1606 sanctitatem.
2931 1536 2996 1587 Et
3043 1536 3162 1588 ideo
3205 1538 3462 1606 veraciter
3511 1548 3572 1606 se
3613 1547 3802 1586 omnes

2227 1608 2397 1657 sancti
2450 1604 2795 1672 pronuntiant
2836 1615 3160 1672 peccatores,
3204 1605 3322 1673 quia
3355 1604 3407 1656 in
3441 1604 3666 1656 veritate
3703 1605 3799 1655 ba-

2228 1675 2357 1728 bent
2401 1675 2542 1742 quod
2595 1676 2866 1742 plangant,
2919 1673 3019 1728 etsi
3053 1690 3157 1727 non
3200 1673 3617 1740 reprehensione
3666 1687 3799 1726 con-

2226 1745 2484 1825 scienti.t-,
2515 1760 2661 1799 certe
2689 1744 2986 1799 mobilitate
3017 1753 3071 1798 et
3101 1744 3453 1798 mutabilitate
3483 1745 3798 1813 pravarica-

2227 1823 2372 1870 tricis
2398 1826 2619 1868 naturae.

2595 1906 2726 1962 CAP.
2765 1905 3071 1961 LXXXVII.
3101 1934 3170 1946 —
3202 1905 3424 1960 Pascha.

2295 1999 2520 2061 Pascha,
2552 2000 2601 2052 id
2633 2009 2734 2063 est,
2767 1997 3050 2051 dominicae
3091 1995 3518 2051 Resurrectionis
3543 1993 3796 2051 solemni-

2227 2079 2327 2132 tas,
2358 2084 2483 2123 anne
2515 2083 2905 2138 transgressum
2936 2067 3167 2121 vernalis
3193 2069 3499 2132 aequinoctii
3522 2077 3579 2121 et
3601 2076 3802 2138 quarta:

2223 2139 2444 2194 decima:
2477 2140 2615 2192 lunae
2648 2136 3030 2208 perfectionem
3064 2154 3171 2191 non
3217 2147 3395 2206 potest
3432 2137 3716 2200 celebrari,
3746 2136 3799 2189 in

2223 2211 2410 2265 eodem
2449 2225 2634 2263 mense
2666 2221 2824 2262 natae.

2431 2300 2557 2354 CAP.
2604 2297 2931 2352 LXXXVIII.
2959 2325 3031 2338 -—-
3058 2295 3241 2367 Imago
3269 2295 3358 2349 Dei
3388 2295 3579 2348 anima.

2295 2393 2517 2461 Propter
2564 2392 2800 2444 novellos
2862 2389 3210 2461 legislatores,
3265 2388 3524 2461 quiuideo
3565 2385 3796 2461 animam

2225 2457 2427 2516 tantum
2477 2464 2544 2514 ad
2593 2462 2876 2529 imaginem
2930 2460 3023 2512 Dei
3073 2470 3306 2513 creatam
3357 2458 3562 2521 dicunt,
3594 2467 3651 2507 ιιι
3676 2457 3800 2522 quia

2226 2536 2365 2588 Dens
2414 2535 2764 2598 incorporeus
2806 2540 2950 2583 recte
2989 2531 3256 2593 creditur,
3289 2529 3448 2581 etiam
3487 2529 3800 2598 incorporea

2222 2605 2396 2657 anima
2443 2597 2582 2655 esse,
2611 2601 2885 2660 credatur,
2938 2599 3103 2654 libere
3150 2600 3468 2652 conlitentur
3517 2597 3803 2663 imaginem

2224 2679 2276 2728 in
2308 2677 2624 2736 aeternitate,
2657 2670 3066 2725 similitudinem
3103 2670 3155 2722 in
3187 2671 3429 2723 moribus
3456 2665 3705 2722 inveniri.

613 2814 743 2871 CAP.
773 2834 1028 2872 Lauini.
1055 2819 1384 2885 Corpoream
1417 2817 1648 2870 animam
1676 2824 1862 2869 auctor
1885 2811 2036 2882 dicit,
2065 2820 2123 2866 ut
2159 2825 2341 2881 supra,
2371 2826 2489 2880 cap.
2521 2809 2605 2864 12.

543 2955 2686 2981 W

877 3229 1290 3289 SENTENTIAS
1336 3225 1950 3282 DIFFERENTIABUM
1993 3225 2081 3278 DE
2121 3223 2373 3278 ACTIVA
2420 3221 2575 3276 VITA
2613 3220 2847 3286 ATQUE
2877 3217 3480 3276 CONTEMPLATIVA.

614 3377 665 3428 I.
710 3374 834 3426 Dote
858 3381 979 3425 sunt
1001 3371 1121 3422 vita:
1153 3383 1245 3435 per
1275 3379 1407 3432 quas
1437 3377 1623 3435 omnes
1650 3361 1824 3435 electi
1847 3359 1912 3435 ad
1955 3370 2111 3412 :eler-
2139 3364 2187 3427 ο
2218 3375 2248 3411 a
2270 3357 2390 3422 ﬁliis
2417 3366 2462 3410 et
2481 3356 2727 3435 filiabus.
2750 3353 2953 3435 Nomen
2982 3355 3351 3435 sempiternum
3386 3352 3518 3435 dabo
3547 3354 3636 3434 eis,
3665 3361 3806 3422 quad

543 3461 664 3500 nam
708 3443 1090 3497 beatitudinem
1131 3429 1464 3502 perveniunt,
1517 3433 1709 3494 activa,
1744 3429 2013 3502 videlicet,
2046 3440 2110 3502 et

541 3499 978 3579 contemplativa.
1029 3499 1210 3562 Activa
1253 3521 1480 3579 [tantque
1532 3505 1633 3555 vita
1677 3499 1999 3579 pertinet'ad
2025 3499 2110 3579 di-

545 3569 826 3638 lectionem
860 3581 1108 3649 proximi,
1142 3569 1548 3649 conlemplativ;i
1591 3588 1716 3624 vero
1755 3572 1820 3620 ad
1871 3569 2112 3622 dilectio-

549 3672 668 3708 nem
701 3654 815 3704 Dei.
852 3643 1083 3717 Utraque
1115 3649 1254 3700 enim
1291 3647 1360 3697 ita
1393 3643 1494 3695 sibi
1526 3648 1892 3717 cunne/itaest,
1927 3649 2112 3717 utpna

546 3727 663 3777 sine
692 3724 792 3775 alia
825 3709 1068 3774 sufﬁcere
1101 3730 1433 3783 nequaquam
1465 3711 1814 3783 varleataQ-uia
1847 3724 1945 3761 nec
1972 3709 2111 3783 dile-

545 3805 651 3848 ctio
673 3793 899 3859 proximi
922 3792 1122 3852 absque
1141 3781 1427 3859 dilectione
1451 3782 1542 3836 Dei
1565 3782 1848 3859 quidquam
1874 3781 2107 3859 prodest,

550 3849 721 3930 neque
747 3863 961 3916 dilectio
993 3849 1086 3913 Dei
1114 3858 1228 3930 sine
1249 3855 1532 3930 dilectione
1557 3849 2110 3930 proxitni‘perlectmn

546 3920 763 3987 el'licere
790 3935 925 3984 valet
959 3930 1114 3998 (Vide
1148 3923 1659 3998 Isidoriaua,_c._85_,
1691 3937 1742 3973 η.
1777 3920 1853 3998 s).

618 4004 672 4055 2.
718 4001 928 4056 Interim
958 3989 1084 4053 vero
1125 4000 1172 4052 itt
1207 3997 1379 4050 activa
1425 3992 1662 4062 plurimi,
1709 3990 1857 4062 pauci
1903 4004 2031 4041 vero
2061 3989 2111 4041 in

548 4073 955 4139 contemplativa
989 4070 1291 4138 proﬁciunt.
1337 4059 1571 4139 Illi—vero
1613 4059 1832 4139 perfecti
1865 4073 1986 4112 esse
2013 4074 2111 4139 no-

548 4130 791 4202 scuntur,
837 4142 925 4210 qui
972 4130 1106 4193 intra
1152 4135 1439 4210 Ecclesiam
1490 4130 1728 4210 tempore
1770 4131 2000 4182 discreto
2047 4130 2115 4182 de

548 4212 717 4267 activa
752 4204 868 4265 vita'
888 4211 951 4262 ad
983 4207 1446 4274 contemplativam
1493 4204 1780 4257 ascendere
1812 4209 2026 4274 norunt,
2062 4210 2114 4251 et

553 4285 621 4336 de
679 4280 1091 4339 contemplativa
1153 4269 1217 4330 ad
1273 4276 1497 4328 activam
1549 4290 1642 4342 per
1685 4269 2111 4338 compaSsionem

552 4357 836 4406 l'raternam
867 4348 1194 4402 descendere
1224 4347 1418 4398 sciunt.

618 4421 672 4474 5.
716 4423 900 4475 Aetiva
923 4419 1086 4480 actio,
1117 4420 1157 4468 si
1189 4417 1344 4476 bene,
1380 4423 1435 4467 ut
1460 4412 1637 4476 decet,
1681 4413 1996 4476 retineatur,
2027 4426 2117 4464 se-

552 4494 843 4546 etatorihos
882 4493 994 4544 suis
1020 4488 1178 4540 vitam
1209 4483 1438 4553 acquirit
1466 4492 1741 4536 :eternam.
1775 4481 2117 4548 Contempla-

550 4563 652 4615 tiva
683 4571 859 4616 autem
888 4575 992 4614 non
1022 4559 1195 4614 solum
1231 4559 1412 4621 vitam,
1451 4553 1544 4607 sed
1571 4565 1624 4608 et
1655 4553 1929 4622 praemium
1961 4566 2117 4605 accu-

549 4633 729 4687 molat.

621 4701 675 4754 4.
719 4703 794 4754 Ad
827 4700 1052 4754 activam
1102 4699 1280 4766 itaque
1332 4692 1496 4766 vitam
1549 4693 1780 4766 pertinet
1830 4693 2115 4766 lionestum

551 4772 878 4840 coniugium,
908 4770 971 4822 ad
999 4764 1465 4840 contemplativam
1493 4778 1620 4840 vero
1652 4764 1928 4832 virginitas
1959 4771 2119 4828 atque

554 4835 897 4893 continentia.
943 4840 1010 4892 Et
1042 4838 1160 4891 ideo
1208 4839 1274 4889 de
1321 4835 1568 4902 coniugio
1623 4842 1942 4901 prmeeptom
1993 4840 2115 4896 est;

552 4912 709 4982 337
739 4914 804 4962 de
849 4911 1149 4982 virginitate
1209 4921 1332 4982 vero
1381 4915 1436 4959 et
1484 4905 1832 4971 continentia,
1883 4918 1992 4956 non
2036 4911 2120 4956 est

553 4978 897 5049 praaceptum,
925 4980 1020 5032 sed
1053 4978 1341 5049 persuasio.

621 5053 674 5106 5.
717 5041 972 5104 Sicutest
1003 5041 1129 5101 illud
1178 5048 1228 5100 in
1276 5049 1552 5114 Apostolo,
1604 5044 1690 5098 ubi
1713 5044 1821 5097 ait:
1858 5041 1932 5097 De
1962 5041 2117 5110 virgi-

550 5123 694 5174 nibus
723 5118 1389 5189 prteceptum__l)omini_non
1420 5119 1601 5179 habeo,
1635 5115 1904 5189 consilium
1949 5123 2119 5189 autem

549 5194 614 5244 do
642 5190 695 5261 (1
724 5181 846 5245 Cor.
874 5181 966 5254 vn,
995 5187 1111 5261 25).
1171 5191 1232 5239 Et
1274 5186 1480 5261 veritas
1528 5188 1579 5238 in
1631 5185 1917 5261 Evangelio
1945 5200 1957 5234 :
1993 5181 2118 5261 Non

549 5253 742 5326 omnes,
777 5262 966 5326 inquit,
997 5253 1201 5326 capiunt
1229 5259 1431 5309 verbum
1458 5260 1615 5323 istud,
1635 5257 1750 5326 ised
1796 5254 1978 5322 quibus
2020 5253 2119 5304 da-

549 5344 654 5384 tum
681 5344 753 5385 est
780 5325 993 5400 (Matth.
1023 5325 1132 5393 xix,
1165 5329 1272 5395 ll).
1308 5328 1373 5379 Et
1400 5328 1533 5380 intra
1559 5342 1572 5377 :
1615 5325 1715 5390 Qui
1756 5332 1918 5393 potest
1941 5337 2120 5388 capere

547 5405 714 5456 caniat
737 5399 923 5466 (lbid.,
961 5399 1069 5468 Ia).

561 5535 571 5546 ,
600 5475 676 5546 ,6.
714 5463 776 5526 Et
808 5488 898 5538 per
923 5463 1108 5525 Isaiam
1140 5467 1447 5546 prophetam
1473 5466 1729 5546 Dominus
1752 5465 1817 5546 de
1837 5463 2116 5546 eunuchis,

557 5535 608 5589 id
634 5553 735 5604 est,
770 5533 1084 5606 virginibus,
1121 5533 1398 5605 pollicens,
1448 5548 1521 5590 ait
1548 5552 1563 5589 :
1594 5537 1720 5590 llwc
1773 5535 1893 5587 dicit
1942 5533 2118 5606 Domi-

555 5622 652 5660 ’ωε
679 5604 922 5665 eunuchis
945 5629 963 5663 .'
997 5611 1092 5674 Qut
1123 5604 1450 5660 custodierint
1493 5609 1701 5660 sabbata
1750 5621 1862 5658 mea
1906 5614 1954 5657 et
2007 5604 2110 5656 ele-

555 5679 722 5736 gerint
743 5698 856 5748 qua:
877 5681 1031 5739 votui,
1064 5693 1110 5733 et
1139 5681 1390 5731 tenuerint
1443 5678 1606 5747 foedus
1643 5692 1832 5740 meum,
1878 5674 2112 5748 daboeis

551 5756 600 5794 in
631 5744 781 5804 domo
813 5766 920 5801 mea
945 5761 988 5802 et
1019 5751 1069 5800 in
1101 5752 1256 5801 muris
1287 5751 1404 5802 meis
1435 5744 1619 5817 locum,
1653 5760 1699 5802 et
1732 5761 1908 5800 nomen
1935 5744 2113 5799 melius

2225 3445 2330 3480 non
2384 3423 2564 3496 peribit
2593 3425 2746 3494 (Isai.
2779 3441 2886 3496 Lvt,
2914 3429 2968 3490 4,
2999 3427 3077 3494 5).
3109 3425 3206 3496 Ubi
3235 3424 3380 3476 enim
3413 3423 3569 3478 electi
3600 3439 3802 3493 propo-

2221 3501 2365 3552 nitur
2385 3495 2561 3565 optio,
2599 3496 2783 3563 procul
2808 3495 2972 3550 dubio
3001 3495 3335 3549 conceditur.

2289 3571 2342 3622 7.
2387 3563 2462 3620 Ad
2511 3569 2737 3621 activam
2778 3568 2975 3634 quippe
3012 3565 3175 3618 vitam
3215 3564 3464 3617 convenit
3509 3563 3804 3628 unicuique

2220 3639 2359 3692 lideli
2383 3639 2606 3704 conjuge
2634 3637 2849 3703 propria
2876 3641 2967 3697 uti,
3002 3637 3232 3688 alienam
3267 3649 3371 3686 non
3393 3635 3800 3701 concupiscere,

2219 3711 2268 3762 in
2292 3709 2510 3762 alteram
2538 3707 2830 3774 quamlibet
2856 3705 3137 3769 feminam,
3165 3708 3373 3756 vivente
3395 3718 3582 3768 uxore,
3605 3719 3804 3771 corpus

2217 3794 2369 3831 suum
2400 3795 2502 3831 non
2534 3777 2794 3830 dividere.
2829 3777 2906 3828 Ad
2949 3774 3414 3842 contemplativam
3457 3785 3634 3826 autem
3679 3790 3798 3842 per-

2219 3850 2348 3902 tinet
2376 3847 2681 3916 conjugium
2723 3860 2999 3912 spernere,
3031 3846 3206 3900 carnis
3243 3843 3677 3916 comtriristionem
3710 3859 3799 3898 re-

2220 3919 2422 3985 fugere,
2474 3913 2715 3972 caelibem
2756 3916 2918 3968 vitam
2970 3919 3018 3968 in
3069 3916 3168 3968 hac
3215 3913 3533 3985 mortalitate
3580 3915 3805 3976 imitari,

2221 3983 2356 4042 Iilios
2400 3989 2702 4056 spirituales
2748 4001 2852 4040 non
2901 4001 3093 4050 carne,
3139 3984 3233 4039 sed
3264 3983 3430 4038 verbo
3458 3992 3515 4038 et
3551 3985 3808 4052 exemplo

2219 4073 2496 4128 generare.

2291 4131 2344 4184 8.
2388 4129 2468 4182 Ad
2498 4129 2724 4182 activam
2756 4127 2949 4194 quippe
2998 4126 3262 4179 actionem
3308 4121 3553 4194 congruit
3591 4121 3804 4176 unicui-

2217 4215 2320 4267 qne
2376 4197 2516 4252 Iideli
2575 4199 2711 4251 intra
2762 4192 3068 4267 Ecclesium,
3118 4196 3388 4267 prepriam
3443 4192 3808 4267 substantiam

2221 4263 2516 4336 possidere,
2547 4278 2602 4322 et
2629 4282 2746 4321 eam
2797 4266 3181 4336 rationabiliter
3221 4263 3576 4336 dispensare;
3628 4265 3808 4336 alio-na

2220 4334 2349 4393 vero
2381 4355 2484 4392 non
2508 4340 2911 4404 concupiscere,
2938 4351 3108 4402 neque
3130 4334 3384 4400 diripere,
3408 4346 3500 4386 aut
3525 4334 3804 4404 l'rattdare.

2221 4411 2298 4461 Ad
2342 4403 2812 4476 contemplativam
2855 4415 3031 4460 autem
3074 4407 3319 4472 congruit
3346 4419 3438 4476 sua
3469 4403 3648 4476 omnia
3676 4404 3804 4476 Itin-

2221 4480 2362 4532 ditus
2393 4473 2713 4544 relinquere,
2738 4485 2793 4530 et
2815 4479 3114 4531 absolutum
3147 4491 3175 4527 a
3207 4473 3392 4530 mundi
3416 4473 3800 4530 sollicitudini-

2223 4551 2320 4603 bus
2354 4550 2461 4604 Deo
2484 4563 2692 4601 vacare.

2294 4622 2346 4674 9.
2389 4622 2466 4673 Ad
2512 4619 2733 4670 activam
2783 4617 2963 4684 itaque
3011 4619 3172 4671 vitam
3225 4614 3454 4681 pertinet
3505 4612 3802 4684 hocrquod

2225 4691 2434 4745 Veritas
2459 4689 2664 4742 cuidam
2699 4683 3022 4740 adolescenti
3071 4704 3129 4738 se
3178 4685 3522 4753 interroganti
3565 4683 3798 4750 primum

2224 4762 2499 4832 prOposuit
2550 4760 2780 4832 dicens;
2811 4758 2907 4832 Si-
2929 4758 3119 4832 vis_ad_
3161 4757 3312 4808 vitam
3363 4753 3602 4832 ingredi,
3652 4769 3799 4832 servo

2224 4821 2484 4883 inundata.
2539 4827 2672 4879 Dicit
2715 4828 2801 4878 ille
2825 4842 2844 4881 :
2871 4827 3038 4890 Qum?
3082 4825 3234 4878 Iesus
3263 4833 3430 4876 autent
3469 4824 3603 4875 dixit
3627 4838 3646 4874 :
3669 4821 3796 4874 Non

2222 4902 2554 4954 homicidium
2603 4899 2779 4960 facies,
2811 4897 3272 4960 nonadulterabis,
3326 4909 3426 4945 non
3475 4894 3634 4960 [acies
3686 4896 3800 4959 [ur-

2224 4982 2330 5024 tum
2361 5011 2374 5030 ,
2402 4987 2504 5023 non
2532 4968 2719 5036 falsum
2765 4969 3105 5020 testimonium
3148 4966 3303 5019 dices.
3355 4961 3568 5016 Honora
3597 4973 3797 5036 patrem

2225 5052 2389 5104 trium,
2434 5049 2480 5093 et
2526 5033 2778 5101 matrem,
2829 5047 2878 5089 et
2924 5037 3106 5107 diliges
3145 5037 3452 5107 proximum
3474 5043 3618 5085 tuum
3667 5033 3800 5107 sicut

2227 5102 2467 5178 teipsum.
2500 5109 2580 5162 Ad
2607 5102 3074 5174 contemplativam
3112 5102 3238 5178 vero
3262 5103 3480 5172 expedit
3511 5107 3635 5178 hoc,
3657 5102 3800 5178 quod

2226 5174 2306 5235 illi
2327 5181 2553 5247 addidit,
2580 5180 2764 5231 dicens
2791 5194 2804 5229 :
2837 5178 2897 5231 Si
2925 5179 2998 5229 vis
3027 5176 3276 5247 perfectus
3303 5190 3436 5247 esse,
3461 5177 3612 5247 vade,
3640 5174 3801 5226 vende

2226 5255 2397 5304 omnia
2439 5243 2549 5314 tua,
2591 5261 2636 5302 et
2671 5247 2737 5300 da
2791 5243 3128 5319 pauperibus,
3166 5254 3214 5319 et
3255 5243 3480 5319 habebis
3505 5243 3801 5297 thesaurum

2225 5322 2279 5374 in
2303 5323 2446 5381 mlo,
2469 5331 2516 5372 et
2541 5321 2670 5383 veni,
2701 5315 2902 5386 sequere
2924 5333 3003 5370 me
3023 5317 3231 5384 (Matth.
3261 5330 3370 5379 six,
3402 5315 3512 5382 I7).

2297 5393 2385 5448 10.
2424 5391 2503 5444 Ad
2529 5381 2994 5458 contemplativam
3032 5381 3390 5458 'igiturivitam
3437 5383 3673 5458 pertinet
3697 5381 3802 5437 hoc

2226 5463 2366 5527 quod
2398 5463 2537 5516 idem
2573 5456 2896 5525 Redemptor
2929 5467 3109 5512 noster
3140 5457 3288 5511 solus
3329 5464 3486 5527 nocte
3526 5456 3803 5527 nimenta

2226 5523 2430 5587 orabat.
2477 5534 2557 5585 Ad
2596 5523 2828 5584 activam
2866 5539 3045 5584 autem
3089 5528 3230 5598 quod
3280 5527 3333 5578 in
3379 5526 3467 5580 die
3497 5524 3674 5598 turbis
3695 5523 3799 5576 ad-

2222 5604 2432 5668 tnistus,
2489 5604 2569 5656 eis
2616 5598 2975 5670 praedicabat,
3021 5594 3312 5654 eteorum
3369 5594 3651 5665 languidos
3702 5607 3804 5648 cu-

2222 5677 2390 5730 rabat.

2295 5747 2382 5800 II.
2423 5743 2505 5798 Ad
2554 5740 3020 5810 contemplativam
3062 5753 3292 5808 namque
3334 5735 3495 5792 vitatu
3543 5733 3800 5790 convenit
