4104 6184
289 327 425 380 12ιό

639 310 933 381 ΑΡΡΕΝΙ).
979 324 1116 379 .\'l\'.
1157 355 1226 364 —
1265 323 1670 380 SENTENTM‘I
1714 324 2320 381 DIFFERENTIARUM
2365 325 2453 380 DE
2505 325 2758 383 ACTIVA
2799 327 2982 392 VITA,
3030 329 3179 384 ETC.

3404 331 3542 386 Hi6

289 445 390 495 hoc
415 440 553 508 quod
585 439 858 506 aposmlus
905 437 1097 488 Paulus
1131 435 1200 488 de
1243 435 1539 508 semetipso
1568 437 1860 508 etczeteris
1889 439 1936 498 Α
2034 435 2126 488 21.
2184 436 2456 490 Actualem
2505 438 2705 505 quippe
2754 439 2935 503 vitam,
2989 439 3038 492 id
3090 449 3192 504 est,
3241 441 3538 508 simplicem

290 504 533 581 perlectis
556 504 664 562 ait:
693 509 809 581 Siue
838 518 1004 581 urente
1029 507 1338 581 ext-edimus,
1366 504 1490 581 Deo.
1525 506 1603 560 Ad
1636 509 1860 581 activam

289 575 416 633 vero
460 581 606 640 illud,
651 579 791 646 quod
830 575 1030 630 addidit
1057 593 1072 632 :
1102 576 1222 630 Sive
1252 579 1417 646 sobrii
1467 594 1663 641 sumus,
1707 577 1863 646 uobis.

289 653 521 705 Charitas
549 645 681 702 enim
707 647 894 701 Christi
919 657 1061 715 urge!
1092 664 1181 698 nos
1212 645 1294 712 (Il
1326 645 1443 699 Cor.
1481 663 1536 709 ν,
1576 646 1657 709 15,
1685 645 1796 713 14).

365 721 448 774 12.
492 721 566 772 Ad
617 720 1085 784 contemplativam
1137 717 1320 772 vitam.
1367 734 1459 783 per
1497 733 1655 785 quam
1700 731 1866 769 unus-

289 791 514 860 quisque
568 788 838 860 perfectus
887 789 1121 860 potiores
1178 788 1401 860 virtutes
1457 801 1620 860 supra
1679 788 1870 840 funda-

290 856 526 915 ment—mu
554 859 672 910 ﬁdei
704 857 954 918 tltdilit'nt,
984 856 1213 924 pertinet
1246 857 1370 910 illud
1394 859 1534 924 quod
1565 858 1702 910 idem
1729 860 1876 924 Apo—

287 932 457 985 stolus
487 932 612 982 dicit
638 946 652 981 :
687 928 744 981 Si
787 928 899 996 quis
929 939 1100 979 autem
1129 927 1347 987 crdiﬁcat
1374 944 1529 993 supra
1560 926 1866 995 fundamen-

292 1011 398 1054 tum
424 1005 518 1053 hoc
547 1015 758 1060 aurum,
789 1008 1074 1065 argentum,
1106 998 1305 1057 lapides
1345 998 1617 1064 pretiosas.
1649 998 1694 1048 si
1720 999 1870 1066 cujus

290 1089 420 1141 opus
445 1072 708 1131 inuaserit,
737 1070 872 1134 quod
898 1066 1604 1141 sitperrediﬁcal,mercedem
1633 1067 1866 1141 accipiet.

296 1135 370 1193 .id
396 1145 624 1194 activam
651 1153 776 1190 vero
802 1141 1027 1189 relertur
1057 1138 1155 1188 hoc
1181 1137 1318 1202 quod
1346 1136 1548 1188 addidit
1577 1151 1593 1190 :
1625 1135 1865 1199 Ltgitum,

295 1215 489 1279 fenum,
533 1210 813 1279 stipulam,
845 1208 892 1260 id
938 1220 1042 1279 est,
1086 1218 1346 1279 terrenam
1380 1209 1766 1279 substantiam,
1815 1217 1870 1259 et

293 1276 368 1336 rei
403 1276 680 1334 familiaris
702 1277 1107 1330 sollicitudinem
1133 1276 1331 1345 338:
1361 1277 1428 1330 de
1457 1293 1561 1344 quo
1588 1277 1866 1342 adjicit-ns,

294 1357 407 1405 ait:
439 1352 497 1404 Si
526 1353 674 1414 cuius
701 1364 828 1414 opus
853 1349 1054 1410 arserit,
1085 1347 1440 1399 detrimentum
1472 1347 1714 1409 patietur.
1752 1347 1870 1411 Ipse

287 1431 455 1474 tamen
500 1422 672 1472 salvus
713 1418 828 1483 erit,
859 1418 930 1468 sic
959 1427 1126 1467 tamen
1168 1418 1314 1484 quasi
1343 1432 1431 1484 per
1460 1416 1629 1475 iancm
1661 1417 1712 1484 (Ι
1743 1417 1864 1471 Cor.

289 1509 369 1554 tu,
405 1491 512 1556 12).

362 1561 449 1616 15.
478 1555 702 1620 Salvus,
738 1558 926 1623 inquit.
951 1555 1065 1619 erit,
1098 1571 1200 1607 non
1223 1565 1389 1609 tamen
1417 1559 1695 1617 mercedem
1733 1576 1868 1611 arci-

293 1632 410 1700 piet,
451 1630 606 1691 dixit,
658 1630 794 1680 sicut
841 1626 909 1700 de
957 1626 1048 1678 illo
1079 1626 1164 1692 qui
1214 1641 1762 1700 aurntu,’argt-ntum
1813 1636 1869 1682 et

294 1697 494 1768 lapides
521 1700 801 1768 pretiosos,
844 1699 942 1750 hoc
973 1705 1076 1758 est,
1107 1697 1412 1768 sp.rituales
1442 1699 1652 1751 divitias
1680 1714 1867 1761 super-

1971 509 2232 577 actionem
2263 508 2487 577 mystice
2519 510 2824 575 significant
2856 526 2947 563 sex
2977 511 3097 563 anni
3135 512 3185 562 in
3224 511 3413 577 quibus
3443 529 3542 564 no-

1975 576 2055 628 bis
2106 576 2187 628 lex
2238 576 2488 643 pra-cepit
2537 595 2697 642 agros
2746 590 2962 633 nostros
3013 596 3215 640 serere.
3244 576 3322 633 ret
3371 583 3541 635 vincis

1971 646 2133 714 339
2161 652 2420 700 culturam
2453 648 2730 704 adhibere.
2762 651 3104 716 Superiorem
3129 666 3278 714 Vero,
3313 651 3412 703 hoc
3435 663 3538 714 est,

1972 719 2437 789 contemplativatn
2501 721 2688 786 ﬁgurat
2744 735 2914 774 annus
2973 723 3275 786 septimus,
3328 722 3380 774 in
3437 739 3545 789 quo

1967 787 2215 853 jubemur
2246 801 2273 838 a
2299 797 2514 841 terreno
2546 805 2706 859 Opere
2729 805 2964 856 cessare,
2997 806 3182 858 agrum
3210 807 3312 843 non
3337 787 3542 853 serere,

1973 872 2145 923 neque
2168 860 2376 910 vineam
2409 870 2617 925 putare.

2041 925 2135 979 “22.
2191 927 2259 981 Ut
2310 939 2503 981 terrain
2563 931 2912 995 possessionis
2969 941 3166 983 nostra:
3216 929 3550 986 sabbatizare

1972 997 2200 1049 Salibata
2236 1014 2328 1049 sua
2362 999 2743 1064 permittamus.
2775 1003 2873 1054 Itoc
2899 1009 2999 1065 est,
3031 1001 3116 1062 qui
3151 1001 3344 1052 dudum
3377 1002 3549 1054 servi-

1974 1069 2144 1118 vimns
2175 1069 2390 1132 mundo,
2425 1070 2511 1135 qui
2567 1071 2615 1122 in
2668 1086 2759 1123 sex
2793 1073 2976 1125 diebus
3009 1069 3176 1123 factus
3207 1078 3306 1135 est,
3335 1081 3388 1123 et
3432 1071 3549 1138 ejus

1973 1139 2174 1188 actibus
2202 1141 2442 1202 occupati
2477 1139 2762 1202 l'uerunns,
2799 1141 3007 1194 t-u'idem
3040 1141 3102 1191 ad
3139 1141 3230 1193 Dei
3270 1141 3545 1195 servitium

1971 1205 2236 1278 conversi,
2267 1217 2319 1278 et
2362 1225 2389 1258 a
2439 1209 2795 1264 Sollicitudine
2841 1211 3020 1264 sit-culi
3066 1212 3242 1278 hujus,
3274 1221 3328 1264 et
3367 1213 3550 1266 mundi

1973 1276 2221 1329 oneribus
2272 1277 2456 1345 liberi,
2509 1279 2557 1331 in
2614 1281 2720 1333 Deo
2760 1282 3114 1341 sabbatizare.
3136 1276 3192 1334 id
3222 1292 3324 1339 est.
3372 1293 3551 1336 mente

1946 1416 1948 1418 ν
1971 1347 2249 1418 quiescere
2278 1348 2568 1402 valeamus.

2043 1416 2133 1470 ‘25.
2168 1419 2243 1469 Ad
2293 1421 2477 1471 actiwe
2529 1418 2645 1472 \itm
2676 1421 3124 1486 perseverantiam
3171 1421 3398 1486 pertinet
3427 1422 3548 1484 hoc,

1972 1491 2110 1551 quod
2141 1489 2385 1559 animalia
2417 1489 2499 1540 illa
2533 1505 2625 1553 per
2654 1506 2772 1559 qua:
2798 1492 3072 1557 signantur
3097 1491 3261 1543 sancti
3293 1489 3550 1556 pra'dica—

1976 1558 2198 1628 toresiu
2224 1558 2365 1610 l.bro
2397 1558 2688 1612 Ezechielis
2720 1562 3011 1628 prophetm,
3043 1562 3207 1621 ibant,
3238 1569 3291 1611 et
3333 1575 3436 1611 non
3466 1575 3551 1613 re—

1974 1627 2336 1682 vertebantur.
2371 1629 2423 1682 lu
2454 1644 2520 1682 eo
2551 1627 2728 1684 autem
2767 1631 2905 1698 quod
2940 1633 3104 1691 ibant,
3132 1640 3185 1681 et
3212 1629 3554 1682 reverteban-

1975 1708 2079 1757 tur,
2115 1704 2344 1762 pertinet
2388 1701 2450 1750 ad
2503 1702 2926 1767 contemplativa:
2967 1702 3087 1752 vitae
3131 1714 3467 1760 mensuram;
3498 1698 3552 1751 in

291 1767 538 1849 :rdilicat,
578 1768 753 1838 Ignem
779 1777 971 1847 autem.
992 1767 1090 1846 hoc
1121 1768 1172 1819 iu
1209 1767 1325 1849 loco
1357 1768 1722 1848 tribulationcs
1753 1774 1868 1849 vine
1906 1790 1949 1849 Β
1977 1782 2077 1834 qua
2108 1767 2232 1849 dum
2265 1768 2488 1837 quisque
2516 1771 2763 1829 intendit,
2794 1787 2887 1822 sua
2921 1772 3293 1849 reverberatus
3325 1769 3551 1849 inﬁrmi:

296 1841 606 1908 prmseutis,
657 1855 748 1909 per
786 1853 917 1906 quas
955 1838 1080 1904 justi
1127 1841 1450 1906 probantur,
1499 1841 1865 1906 accipiendum

291 1923 392 1968 est.

368 1983 455 2040 11.
497 1981 576 2036 Ad
608 1981 833 2033 aetivani
868 1993 1096 2044 namque
1129 1977 1285 2030 vitam
1321 1981 1546 2046 pertinet
1579 1994 1868 2046 pauperum

293 2067 476 2108 curam
520 2066 730 2121 gerere,
791 2049 1090 2102 esurientes
1142 2062 1383 2121 pascere,
1437 2050 1609 2102 nudos
1637 2050 1868 2118 operire,

298 2118 559 2184 inﬁrmos,
616 2124 696 2172 vel
723 2123 774 2177 in
822 2133 1038 2170 carcere
1086 2118 1283 2182 positos
1333 2123 1584 2184 vis'tare,
1636 2121 1872 2187 hospites

295 2193 573 2261 colligere,
621 2202 838 2244 tutPstos
867 2190 1154 2250 consolari,
1194 2198 1442 2261 inortuos
1489 2189 1735 2261 sepelire,
1778 2191 1873 2243 do-

297 2259 552 2318 mesticos
581 2263 759 2314 carnis
794 2276 904 2312 sua:
934 2274 1036 2309 non
1070 2259 1356 2326 negligere,
1382 2260 1550 2312 servis
1586 2260 1682 2314 Dei
1715 2261 1870 2315 obse-

295 2336 408 2398 qui,
460 2340 665 2397 negotia
718 2332 894 2398 populi
941 2327 1081 2395 juste
1131 2333 1460 2391 discernere,
1490 2339 1544 2383 et
1577 2331 1869 2396 unicuique

292 2405 382 2468 jus
413 2401 678 2470 proprium
709 2399 1308 2470 assignare,oppressis
1337 2399 1646 2462 subvenire,
1693 2404 1875 2455 imbe-

295 2469 474 2525 cillum
507 2475 572 2526 de
603 2486 758 2524 manu
802 2469 1021 2522 violenti
1055 2470 1304 2540 liberare,
1336 2470 1524 2540 viduas
1554 2488 1616 2524 ac
1646 2470 1874 2540 pupillos

302 2546 458 2607 tui-ri,
491 2541 745 2611 improbis
769 2541 1039 2604 resistere,
1063 2549 1222 2608 atque
1249 2538 1576 2593 facinorosos
1603 2538 1696 2608 per
1722 2538 1874 2595 seve-

300 2626 513 2666 ruannt
558 2635 584 2662 a
613 2612 765 2664 malis
806 2625 849 2661 ac
872 2611 1010 2662 tibus
1058 2625 1422 2677 compescere.
1456 2612 1585 2676 Qua:
1615 2613 1790 2665 omnia
1818 2622 1875 2666 et

299 2683 385 2736 his
431 2682 619 2737 similia
662 2683 712 2734 iu
751 2682 998 2748 prmsenti
1031 2682 1131 2732 vita
1166 2686 1537 2734 tantummodo
1570 2683 1872 2736 necessaria

295 2765 438 2806 btllll.

378 2823 463 2877 15.
509 2823 584 2876 Ad
615 2819 957 2874 theoreticant
977 2862 990 2882 ,
1016 2820 1065 2872 id
1089 2829 1192 2885 est,
1221 2822 1682 2886 cmiteutplativatn
1714 2822 1874 2875 vitam

307 2896 539 2961 pertinet
585 2908 818 2957 praesi-ns
865 2894 1122 2943 satculum
1170 2894 1402 2945 funditus
1452 2893 1774 2958 relinquere,
1823 2906 1877 2945 et

311 2969 492 3017 mundi
541 2966 740 3017 actibus
790 2963 1018 3014 alienum
1070 2964 1323 3022 existere,
1374 2972 1562 3014 cuncta
1599 2964 1874 3026 pra'sentia

310 3045 488 3088 incute
531 3045 877 3102 postponere,
933 3033 1278 3084 intentionem
1308 3033 1372 3102 ad
1405 3032 1640 3083 coelestia
1691 3043 1875 3085 cxten-

306 3110 458 3166 dere,
477 3112 479 3114 ’
499 3100 550 3156 et
579 3119 690 3155 cuna
717 3114 764 3152 ta
795 3117 912 3160 quin
947 3104 1192 3153 videntur
1221 3100 1370 3168 quasi
1404 3104 1664 3154 transacta
1691 3102 1874 3168 despi-

302 3192 452 3238 cere,
484 3176 855 3240 cogitationem
914 3175 1102 3223 mentis
1149 3187 1249 3222 non
1282 3167 1333 3222 in
1364 3187 1422 3224 ea
1458 3187 1574 3239 quae
1609 3167 1875 3237 videntur,

302 3248 400 3300 St'd
432 3250 479 3299 in
519 3248 598 3297 illa
639 3262 755 3310 ψιεε
789 3258 892 3294 non
927 3242 1170 3293 videntur
1204 3243 1382 3309 ﬁgere,
1417 3245 1626 3295 lectioni
1662 3258 1874 3307 vacare,

299 3319 530 3369 orationi
575 3319 836 3377 insistere,
883 3323 936 3365 et
977 3329 1028 3365 nt
1075 3311 1167 3365 Dei
1207 3311 1450 3364 laudibus
1491 3313 1692 3382 absque
1717 3313 1880 3368 inter-

303 3389 560 3440 lltlsritllle
591 3385 824 3452 vigilare.

387 3460 470 3510 lii.
515 3457 605 3510 llle
631 3473 775 3518 vero,
825 3463 881 3505 ut
937 3468 1094 3519 supra
1134 3453 1332 3506 dictum
1357 3463 1459 3516 est,
1487 3462 1703 3505 strenue
1731 3454 1878 3517 vivit,

231 3575 236 3578 ,
309 3527 400 3593 qui
430 3538 669 3594 lelttpote
706 3540 942 3592 congmo
971 3525 1038 3576 de
1065 3534 1233 3576 activa
1278 3525 1380 3574 vita
1411 3523 1475 3575 ad
1507 3525 1880 3590 contemplati-

311 3615 428 3650 vam
459 3610 781 3664 consurgere
811 3596 932 3658 scil,
961 3605 1008 3644 rt
1036 3595 1100 3646 de
1127 3596 1536 3664 contemplativa
1560 3595 1625 3644 ad
1654 3595 1878 3647 activam

303 3663 671 3721 conscendere
693 3665 898 3736 (Fore,
920 3664 1244 3732 descendere)
1273 3666 1437 3716 novit.
1465 3663 1540 3736 De
1567 3679 1668 3736 qua
1687 3667 1878 3736 activa,

308 3737 358 3789 id
391 3751 494 3800 est,
523 3733 748 3800 simplici
797 3740 1024 3796 actione,
1065 3737 1108 3787 si
1155 3737 1366 3799 paulum
1410 3733 1672 3800 quiSpiam
1700 3735 1764 3787 ad
1796 3737 1883 3786 in-

309 3811 433 3859 tima
483 3806 859 3871 declinaverit,
908 3808 1183 3856 contestim
1212 3807 1276 3856 ad
1310 3803 1433 3854 vitia
1483 3813 1720 3869 corruet,
1764 3820 1884 3872 qua:

306 3881 452 3930 idtnu
485 3896 586 3931 non
618 3892 829 3928 rtlt‘atllll
865 3880 1058 3939 levent,
1088 3879 1179 3928 sed
1208 3877 1458 3927 deorsum
1489 3874 1540 3925 itt
1573 3876 1881 3928 barathrum

306 3961 645 4014 peacatorntn
671 3949 999 4008 demergunt.

375 4018 462 4070 17.
521 4016 995 4083 Conteiuplalivam
1053 4030 1283 4082 namque
1338 4014 1500 4068 vitam
1561 4014 1885 4082 signiﬁcavit

303 4090 558 4154 spelunca
594 4092 681 4139 illa
725 4087 942 4138 interior
975 4102 1025 4136 ιιι
1056 4102 1153 4151 qua
1183 4086 1448 4137 Abraham
1485 4085 1672 4137 Saram
1698 4087 1886 4154 conju-

301 4177 423 4226 gem
474 4165 620 4210 suam
672 4159 974 4209 delunctain
1032 4155 1296 4218 sepelivit,
1354 4166 1408 4208 ct
1466 4155 1582 4222 ipse
1636 4160 1883 4207 bumatus

302 4247 372 4292 nu
399 4231 567 4290 escit;
619 4230 757 4280 sicut
782 4238 832 4277 et
859 4241 1044 4280 omnes
1072 4235 1273 4280 eLectos
1305 4237 1422 4293 post
1449 4240 1732 4279 excursum
1763 4241 1884 4278 mae

305 4300 618 4366 praesentis,
671 4312 788 4365 qua:
841 4307 1024 4366 actim:
1083 4297 1202 4347 vita:
1253 4307 1623 4363 comparatur,
1678 4304 1882 4349 acterna

301 4364 553 4436 contentp
576 4364 948 4436 atiosuscipit.

385 4440 468 4491 18.
511 4435 749 4492 Acnvam
785 4451 910 4489 vero
944 4436 1110 4488 innuit
1153 4435 1203 4489 in
1250 4435 1437 4491 eadem
1469 4437 1722 4504 spelunca
1759 4452 1880 4503 pars

1905 3146 1954 3209 C

1979 1846 2106 1900 tale,
2156 1839 2403 1902 ﬂectitur,
2435 1853 2591 1906 atque
2641 1845 2826 1893 iterum
2870 1853 3115 1893 renovata
3166 1842 3454 1893 intentione
3485 1839 3550 1891 ad

1976 1922 2037 1960 ea
2070 1907 2210 1980 unde
2238 1910 2600 1980 rtlescenderat
2648 1927 2829 1963 rursus
2878 1911 3113 1980 erigitur.
3161 1910 3311 1976 Quod
3357 1909 3467 1962 ﬁeri
3500 1910 3551 1962 in

1975 1979 2151 2049 activa
2198 1979 2300 2033 vita
2352 1996 2454 2031 non
2503 1991 2703 2047 potest;
2735 1984 2800 2033 de
2845 1979 3018 2049 quasi
3053 1981 3275 2048 quisque
3313 1980 3554 2034 reﬂectat

1975 2048 2056 2102 vel
2091 2047 2154 2106 ad
2189 2050 2474 2111 modicum,
2507 2054 2680 2104 statim
2714 2047 2961 2104 vitiorum
3002 2051 3265 2116 excipi=ur
3293 2051 3437 2104 luxu.

2047 2117 2138 2172 24.
2187 2119 2529 2186 Superiorem
2557 2125 2738 2182 vitam,
2770 2124 2844 2178 .id
2898 2132 2998 2184 est,
3029 2123 3436 2175 intellectualem
3473 2119 3553 2172 in-

1977 2198 2146 2242 nuunt
2171 2193 2265 2242 ala:
2297 2191 2604 2244 eorumdem
2633 2193 2958 2255 animalium,
2992 2192 3092 2246 hoc
3114 2201 3215 2254 est,
3246 2203 3550 2244 Sanctorum

1977 2261 2231 2325 virorum,
2268 2275 2361 2327 per
2403 2276 2521 2328 rpite
2570 2263 2634 2314 ad
2678 2264 2801 2327 alta,
2850 2263 2899 2315 id
2944 2273 3046 2324 est,
3079 2263 3142 2314 ad
3187 2262 3423 2316 coelestia
3464 2275 3554 2316 Sn-

1979 2330 2290 2395 blevantur;
2334 2331 2592 2384 actualem
2639 2349 2766 2385 vero
2816 2336 3091 2400 designant
3140 2347 3327 2386 manus
3366 2347 3552 2384 eorum

1977 2400 2073 2452 alis
2113 2403 2296 2454 subter
2343 2405 2526 2468 posita:
2555 2402 2624 2455 ob
2655 2403 2773 2462 huc,
2807 2405 2927 2470 quia
2971 2401 3348 2469 contemplatio
3367 2417 3552 2469 super-

1977 2473 2173 2525 eminet
2231 2471 2450 2534 actioni,
2495 2476 2634 2524 actio
2681 2488 2807 2527 vero
2853 2476 3190 2528 subsecuitur
3227 2473 3554 2540 contempla-

1978 2542 2193 2596 tionem.

2047 2610 2137 2683 25.
2167 2612 2404 2666 Activam
2439 2613 2596 2680 igitur
2625 2613 2784 2665 vitam
2817 2614 3037 2683 mystice
3085 2613 3311 2678 ﬁgurant
3341 2626 3432 2664 sex
3463 2623 3557 2662 cu-

1977 2679 2072 2733 biti
2107 2683 2156 2733 in
2190 2686 2395 2735 calamo
2429 2679 2538 2747 illo,
2567 2699 2631 2735 ex
2665 2699 2771 2749 quo
2802 2679 3057 2750 propheta
3106 2683 3353 2737 Ezechiel
3398 2695 3560 2750 omne

1977 2750 2260 2806 aedilicium
2287 2753 2412 2806 il‘ud
2457 2748 2726 2820 Spiritnale
2752 2748 3046 2808 mensurari
3078 2753 3376 2818 conspexit.
3415 2748 3558 2803 Con-

1980 2822 2342 2888 templativam
2389 2839 2514 2875 vero
2563 2824 2814 2888 εκρτιιιιίι
2866 2827 3091 2890 palmus.
3143 2827 3228 2892 qui
3269 2836 3429 2891 supra
3457 2834 3556 2873 sex

1978 2892 2186 2944 cub.tos
2235 2895 2284 2945 in
2334 2895 2520 2948 eadem
2569 2910 2813 2948 mensura
2869 2894 3128 2962 spiruuali
3175 2893 3388 2947 additus
3441 2904 3562 2944 esse

1979 2962 2309 3028 perhibetur.

2048 3031 2137 3084 :26.
2175 3033 2284 3086 lloc
2331 3033 2470 3096 ideo,
2505 3034 2625 3097 quia
2677 3035 2848 3087 activa
2879 3036 3019 3088 actio
3067 3033 3312 3102 prteseuti
3361 3033 3414 3085 in
3451 3029 3560 3102 vita

1984 3101 2142 3155 habet
2172 3105 2547 3168 perlectimtem
2578 3120 2759 3168 suam;
2807 3099 3219 3172 Ctllllempialiva
3267 3114 3443 3156 autem
3475 3099 3560 3152 hic

1988 3172 2188 3238 incipit,
2223 3174 2312 3226 sed
2346 3172 2397 3224 in
2434 3174 2608 3225 lnturo
2657 3178 2952 3240 perﬁcnur;
2987 3187 3038 3229 et
3085 3175 3282 3228 idcirco
3324 3189 3426 3225 non
3459 3173 3562 3237 ple-

1987 3258 2109 3295 num
2137 3243 2396 3307 cubitum,
2431 3245 2524 3297 sed
2567 3246 2716 3312 quasi
2749 3248 2977 3300 meditnn
3007 3246 3076 3298 de
3127 3252 3295 3296 lutora
3326 3253 3563 3295 contem-

1989 3317 2217 3380 platione
2250 3319 2494 3382 praesenti
2530 3316 2578 3364 in
2609 3315 2709 3367 vita
2738 3318 2966 3383 attingit.

2055 3384 2144 3436 27.
2195 3381 2431 3437 Aenvani
2486 3387 2646 3434 vitam
2681 3381 2902 3454 mystice
2940 3383 3254 3451 signilicavit
3302 3381 3392 3434 Lia
3431 3394 3565 3454 uxor

1988 3452 2174 3517 Jacob,
2200 3470 2316 3520 quae
2349 3455 2471 3505 licet
2503 3451 2895 3507 fecundatur-et
2924 3456 2974 3508 in
3010 3455 3176 3521 prole,
3207 3463 3380 3504 tamen
3411 3451 3565 3518 lippis

1986 3534 2098 3575 erat
2120 3524 2306 3585 oculis,
2333 3526 2452 3591 quia
2478 3526 2701 3576 actualis
2725 3526 2884 3587 actio,
2914 3526 3156 3593 quamvis
3183 3525 3233 3574 in
3257 3523 3410 3593 boitis
3437 3536 3566 3586 ope-

1985 3594 2132 3647 ribus
2158 3596 2408 3659 plurimos
2439 3595 2575 3645 tilios
2603 3607 2843 3658 generet,
2871 3592 3044 3648 tamen
3075 3608 3184 3662 pra:
3208 3592 3568 3646 sollicitudine

1984 3667 2164 3716 saeculi
2189 3663 2345 3732 hujus
2370 3678 2430 3717 ea
2454 3680 2569 3732 qua:
2596 3665 2688 3716 Dei
2717 3676 2841 3718 sunt
2869 3667 3011 3719 clare
3039 3678 3259 3719 cernere
3281 3678 3382 3715 non
3406 3662 3565 3718 Valet.

2055 3733 2144 3785 ‘28.
2190 3735 2668 3801 Contemplativam
2717 3751 2845 3790 vero
2896 3737 3056 3788 vitam
3101 3735 3413 3801 signiﬁcavit
3465 3734 3570 3785 Ita-

1986 3803 2127 3866 t-hel,
2157 3819 2278 3873 quae
2321 3806 2520 3858 sterilis
2562 3805 2615 3857 in
2665 3806 2788 3859 liliis
2816 3807 2926 3858 suis
2953 3821 3072 3859 esse
3114 3805 3442 3873 perhibetur,
3471 3805 3569 3856 sed

1989 3882 2164 3926 tamen
2197 3889 2324 3942 pura
2375 3875 2525 3936 lacie,
2558 3876 2680 3943 quia
2724 3877 3130 3943 contemplativa
3163 3875 3288 3934 vita,
3321 3873 3373 3925 in
3399 3888 3568 3941 quan-

1988 3955 2096 3996 tum
2128 3959 2157 3996 a
2190 3946 2371 3998 mundi
2402 3946 2608 3998 actibus
2657 3947 2847 4011 libera,
2881 3956 3081 3999 tantum
3114 3946 3166 3998 in
3208 3944 3300 3997 Dei
3327 3955 3569 3996 contem-

1988 4016 2220 4078 platione
2253 4017 2527 4082 perSpicua
2561 4014 2637 4068 fit.
2686 4019 2854 4080 Quam
2904 4015 3357 4082 comparationem
3399 4024 3452 4067 et
3501 4013 3570 4066 de

1991 4085 2270 4137 l’ltenenua
2301 4096 2352 4137 et
2383 4091 2556 4149 Anna,
2592 4095 2646 4139 et
2672 4089 2740 4141 de
2783 4086 2947 4139 Maria
2977 4095 3030 4140 et
3059 4085 3286 4147 Martha,
3318 4093 3570 4137 strenuus

1989 4157 2154 4208 lector
2181 4155 2445 4222 eonjiccre
2479 4165 2666 4221 potest.

2055 4226 2144 4277 29.
2195 4225 2478 4278 Sciendum
2528 4241 2654 4278 vero
2682 4238 2763 4280 est
2789 4226 2928 4294 quod
2969 4227 3142 4279 omnis
3186 4237 3475 4279 conversus
3501 4223 3568 4275 ad

1987 4295 2177 4359 Deutn,
2206 4298 2351 4362 prius
2383 4313 2474 4361 per
2501 4299 2725 4349 activam
2775 4302 2959 4356 vitam.
2995 4298 3095 4350 hoc
3133 4307 3237 4358 est,
3268 4296 3566 4361 simplicem

1985 4370 2272 4427 actionem,
2313 4367 2598 4420 exhaurire
2625 4368 2780 4421 debet
2811 4368 3028 4431 pristina
3064 4366 3212 4428 vitia,
3242 4367 3362 4434 Quae
3405 4379 3463 4415 se
3494 4364 3568 4434 illi

1988 4436 2038 4488 in
2069 4437 2150 4490 via
2177 4435 2268 4490 Dei
2297 4447 2592 4504 opponunt,
2623 4449 2677 4492 et
2704 4439 2783 4491 sic
2811 4441 3022 4490 demum
3054 4441 3118 4490 ad
3162 4432 3571 4500 contemplatio-

300 4511 562 4573 exterior,
617 4525 710 4576 per
759 4523 916 4574 quam
967 4508 1221 4561 transitur
1259 4509 1325 4560 ad
1372 4499 1702 4561 interiorem.
1745 4499 1878 4573 Quia
1911 4499 1961 4557 D
1987 4523 2105 4559 nem
2137 4499 2386 4576 surgere;
2419 4499 2652 4575 qualiter
2693 4509 2980 4562 defaecatus
3010 4511 3076 4559 ab
3109 4508 3253 4559 omni
3287 4499 3415 4557 faece
3447 4516 3568 4576 pec:-

300 4584 445 4633 sicut
483 4581 599 4632 vine
633 4582 915 4630 mundanae
963 4590 1132 4628 activa
1184 4576 1288 4630 vita
1335 4589 1767 4644 monumentum,
1811 4581 1880 4632 ita

297 4653 494 4704 activa:
519 4659 640 4702 vntte
667 4647 1080 4712 contemplativa
1109 4649 1412 4715 sepulcrum
1444 4659 1544 4700 est.

383 4721 468 4773 19.
512 4725 566 4774 lu
599 4722 683 4774 illa
713 4719 854 4770 enim
901 4721 1078 4776 homo.
1113 4719 1213 4770 hoc
1239 4728 1340 4780 est,
1375 4720 1425 4769 itt
1456 4717 1628 4770 activa
1659 4719 1884 4771 moritur

295 4792 451 4843 ontni
484 4800 721 4858 peccato,
751 4790 891 4842 sicut
917 4790 1044 4841 dicit
1066 4791 1392 4854 Aposmlus:
1423 4785 1640 4840 Dilcctio
1665 4790 1883 4856 proximi

299 4863 500 4913 malum
531 4878 632 4913 non
657 4871 914 4929 operatur.
945 4861 999 4911 ln
1030 4861 1126 4911 ista
1159 4874 1306 4922 vero,
1335 4858 1386 4911 id
1414 4871 1516 4920 est,
1551 4862 1884 4927 contempla-

299 4934 440 4995 tiva,
494 4933 636 4984 velut
681 4941 922 4983 mortuus
971 4931 1224 4997 sepelitur
1266 4935 1332 4982 ab
1379 4946 1618 4982 omnium
1669 4934 1882 4983 actione

295 5003 639 5056 saecularium
674 5001 1025 5068 negotiorum.

377 5072 467 5124 ‘20.
528 5074 606 5125 Ad
656 5071 1124 5135 contemplationis
1183 5071 1530 5124 intentionem
1591 5069 1885 5139 liguraliler

297 5145 557 5196 convenit
589 5145 689 5195 hoc
719 5143 858 5206 quod
909 5140 1071 5194 Jacob
1121 5156 1213 5207 per
1262 5139 1576 5195 innitentem
1629 5155 1796 5210 usque
1833 5157 1883 5192 tn

298 5215 504 5267 iculum
551 5215 751 5267 scalam
797 5214 1014 5279 angelos
1059 5210 1148 5270 Dei
1190 5213 1546 5265 ascendentes
1592 5213 1758 5275 vidit;
1815 5215 1878 5263 aJ

297 5287 570 5338 aetualem
619 5299 771 5347 vero,
817 5282 958 5349 quod
1007 5282 1415 5336 descendentes.
1452 5283 1526 5336 De
1554 5298 1657 5351 qua
1687 5296 1886 5334 ascen-

299 5360 460 5408 sione
509 5367 669 5422 atque
714 5354 1069 5405 descensione
1120 5352 1325 5406 Veritas
1358 5353 1410 5404 in
1444 5354 1731 5422 Evangelio
1769 5356 1881 5404 ait:

301 5427 467 5479 Amen
497 5425 614 5477 dico
640 5425 796 5484 vobis,
829 5424 947 5490 quia
972 5422 1201 5474 videbitis
1233 5424 1382 5477 (celos
1409 5435 1630 5493 apertos,
1657 5433 1702 5476 et
1731 5439 1887 5490 auge-

303 5499 387 5550 ιω
417 5495 514 5548 Dei
539 5495 870 5562 ascendentes
898 5501 955 5562 et
979 5494 1336 5547 descendentes
1379 5492 1531 5562 super
1565 5492 1760 5546 Filium
1789 5501 1884 5546 Iw-

302 5582 458 5620 mms
491 5567 672 5637 (Joan.
706 5580 745 5629 ι,
776 5561 891 5630 51).
925 5561 1043 5637 μέν
1071 5567 1288 5630 angelos
1318 5561 1520 5637 quippe
1546 5566 1636 5618 Dei
1671 5575 1887 5617 sanctos

306 5631 729 5707 praedicatores,
783 5649 874 5701 per
921 5631 1109 5707 Filium
1154 5649 1279 5686 vero
1322 5631 1554 5688 hominis
1608 5638 1886 5688 universos

307 5704 494 5762 itdeles
549 5708 838 5771 Ecclesite,
887 5704 978 5772 qui
1034 5708 1270 5758 membra
1325 5714 1451 5759 sunt
1503 5707 1734 5769 Christi,
1795 5722 1886 5759 ελ-

309 5788 512 5847 primit.

1984 4570 2274 4639 eantinuui,
2308 4570 2503 4630 ruendo
2530 4580 2714 4639 corde,
2738 4590 2790 4631 et
2815 4579 2961 4647 justo
2987 4591 3231 4644 Corpore,
3255 4591 3315 4628 ea
3333 4589 3451 4643 (piae
3474 4570 3569 4625 Dei

1985 4660 2108 4701 sunt
2136 4649 2301 4701 libere
2333 4649 2503 4700 valeat
2529 4651 2811 4715 speculari.

2056 4721 2147 4772 50.
2197 4719 2325 4770 Nam
2373 4722 2460 4785 qui
2515 4713 2606 4782 per
2653 4717 2948 4784 simplicem
3001 4718 3266 4769 actionem
3318 4714 3382 4766 ad
3429 4713 3566 4785 bene

1986 4789 2316 4858 operaudum
2365 4782 2589 4842 necdum
2638 4782 2857 4841 idotnus
2887 4795 2990 4847 est,
3039 4801 3370 4858 nequaquam
3401 4782 3569 4858 small

1986 4851 2489 4924 contemplationem
2538 4859 2827 4912 extendere
2871 4859 3064 4918 debet,
3119 4851 3186 4909 ne
3229 4851 3368 4909 l'orte
3406 4851 3570 4923 340

1987 4933 2112 4981 dum
2161 4931 2446 4983 indiscrete
2497 4930 2748 4982 inchoare
2798 4931 2998 4995 appetit
3043 4929 3184 4996 quod
3229 4938 3570 4992 perseverare

1988 5016 2092 5052 non
2124 5005 2282 5061 Valet,
2313 5001 2492 5064 lapsus
2521 5000 2752 5061 deﬁciat,
2783 5009 2836 5051 et
2865 5014 2924 5051 ea
2956 4995 3073 5066 quae
3097 4995 3420 5049 renuntiavit
3446 5007 3569 5045 rur-

1986 5087 2078 5123 sus
2109 5078 2331 5136 repetat,
2364 5081 2417 5121 et
2447 5068 2574 5120 ﬁant
2605 5069 2886 5122 novissima
2920 5074 3100 5137 pejora
3135 5067 3422 5137 prioribus.

2059 5139 2148 5193 51.
2174 5134 2303 5194 lloc
2329 5155 2524 5206 quippe
2575 5139 2836 5206 signiﬁcat
2867 5134 3006 5205 quod
3045 5137 3248 5190 Veritas
3289 5134 3572 5186 universos

1989 5211 2228 5264 inlirmos
2278 5220 2454 5262 mente
2500 5211 2567 5261 ab
2609 5210 2708 5261 hac
2754 5211 3045 5263 intentione
3092 5207 3377 5260 salubriter
3423 5217 3574 5256 com-

1989 5297 2230 5349 pescens,
2260 5283 2334 5332 ait
2365 5297 2377 5332 :
2413 5281 2559 5343 Quod
2587 5283 2628 5332 si
2677 5283 2855 5331 oculus
2884 5290 2997 5330 tuus
3045 5280 3220 5330 dexter
3257 5274 3574 5328 scandatth

1988 5363 2053 5413 te,
2090 5368 2182 5418 per
2207 5367 2364 5424 quem
2395 5363 2635 5424 Signatur
2663 5352 2764 5403 vita
2809 5350 3242 5424 contemplativa,
3275 5361 3393 5398 erue
3437 5360 3572 5424 cum.

1989 5433 2032 5473 et
2061 5415 2254 5492 p'rojicc
2279 5423 2368 5472 nbs
2398 5415 2693 5488 te'l‘Mutth.
2729 5437 2779 5481 ν,
2810 5421 2927 5486 29).
2967 5420 3080 5492 Duo
3109 5417 3306 5492 quippe
3334 5415 3476 5470 oculi
3518 5415 3575 5468 iit

1992 5489 2343 5556 l'.icie,'activa
2380 5494 2504 5553 vita,
2535 5502 2587 5544 et
2611 5491 3022 5557 contemplativa
3051 5489 3101 5541 in
3133 5490 3370 5542 homine.

2060 5564 2148 5614 5:1.
2181 5563 2281 5626 Qui
2329 5561 2489 5631 igitur
2522 5578 2612 5628 per
2635 5561 3135 5629 contemplationem
3165 5559 3394 5612 docebat
3420 5568 3572 5631 erro-

1993 5650 2122 5697 I‘ezn,
2158 5627 2490 5699 nielius'est,
2521 5627 2588 5697 ei,
2639 5633 2824 5685 evulso
2854 5627 3343 5695 contemplationis
3387 5627 3569 5699 oculo,

1989 5716 2166 5757 Servet
2193 5703 2292 5756 sibi
2328 5697 2488 5757 unum
2519 5704 2640 5756 vitae
2665 5703 2887 5755 actualis
2914 5703 3180 5764 obtutum,
3203 5708 3262 5754 ut
3290 5703 3360 5754 sit
3389 5697 3572 5752 utilius

1993 5781 2061 5828 till
2096 5791 2184 5841 per
2230 5774 2524 5841 sitnpliiem
2559 5775 2821 5828 actionem
2854 5775 2929 5827 ire
2958 5774 3020 5826 ad
3057 5774 3242 5837 vitam,
3276 5784 3431 5840 quam
3479 5781 3571 5836 per
