4180 6178
545 280 685 339 1247

1332 277 1414 334 AD
1452 276 1511 331 S.
1554 275 1798 331 lSlDOlll
1839 274 2280 332 HISPALENSIS
2318 274 2549 330 OPERA
2590 271 3033 330 API‘ENDECES.

3670 274 3810 330 {248

542 394 1007 464 contemplationis
1030 405 1266 447 errorem
1297 392 1433 445 mitti
1464 393 1517 446 in
1544 389 1840 461 gehennam
1868 389 2126 444 inexstin-
2152 394 2204 452 Δ
2228 396 2366 464 reat,
2396 395 2451 441 et
2475 387 2685 441 caeteris
2712 401 2771 442 se
2793 385 3136 455 sequentibus
3162 387 3462 454 exemplum
3498 386 3811 455 perditionis

547 466 822 535 guihilem.

618 559 705 611 55.
750 554 861 608 lloc
902 566 1088 607 rursus
1133 551 1270 605 idem
1320 550 1577 604 Dominus
1619 549 1672 603 in
1703 564 1769 604 eo
1792 564 1947 618 quem
1975 562 2003 600 a
2048 549 2128 603 le-

545 627 704 691 gione
732 626 1033 677 daemonum
1065 623 1269 676 curavit
1291 622 1542 691 ostendit,
1568 636 1686 673 cum
1718 620 1865 672 illum
1894 635 1951 673 se
1980 620 2127 687 sequi

550 690 811 747 volentem
860 694 1147 759 prohibuit,
1179 693 1362 744 dicens
1396 709 1407 742 :
1448 690 1591 743 Vade
1637 692 1687 742 in
1727 692 1933 742 domum
1968 698 2127 751 tuam,

546 776 593 819 et
623 780 779 816 narra
809 774 997 831 quanta
1026 761 1115 813 tibi
1147 763 1314 830 fecerit
1346 759 1485 813 Deus
1526 760 1737 827 (Matth.
1760 776 1847 831 ix,
1897 759 1987 831 t5);
2031 760 2134 813 hoc

550 836 772 904 mystice
803 829 1130 900 exprimens,
1161 833 1286 904 quia
1315 834 1401 898 qui
1436 832 1615 904 multis
1657 830 1801 904 vitiis
1830 829 2005 883 adhuc
2036 844 2132 882 no-

551 902 668 958 xius
693 913 797 971 εει,
831 904 993 957 Deum
1025 903 1175 970 sequi
1227 918 1317 970 per
1350 902 1849 970 contemplationem
1882 915 1986 953 non
2033 914 2129 967 po-

548 984 671 1029 test.

616 1064 706 1119 5i.
740 1064 848 1118 Hoc
875 1064 1034 1118 etiam
1067 1064 1149 1116 lex
1198 1061 1778 1130 figuralitcrprzecipit,
1805 1076 1924 1116 cum
1955 1060 2085 1115 dicit
2116 1075 2130 1112 :

548 1136 607 1189 Si
634 1137 742 1203 quis
765 1135 1036 1203 mdiﬁcauit
1070 1136 1274 1186 domum
1312 1149 1492 1184 novom
1518 1141 1565 1183 et
1594 1149 1690 1184 non
1721 1134 1965 1183 dedicavit
1998 1148 2130 1197 eam,

545 1206 721 1267 vadat,
749 1217 793 1259 et
832 1214 1109 1257 revertatur
1139 1204 1193 1255 in
1221 1205 1425 1255 domum
1452 1219 1617 1265 suam,
1644 1219 1703 1255 nc
1732 1209 1861 1269 forte
1888 1203 2135 1254 moriatur

548 1278 600 1328 in
630 1276 781 1341 bello,
814 1285 858 1329 et
892 1276 1025 1327 alius
1056 1274 1204 1326 homo
1236 1274 1427 1325 dedicet
1456 1289 1584 1324 eam.
1620 1273 1745 1338 Quis
1774 1283 1846 1325 est
1876 1273 2028 1324 homo
2050 1272 2133 1341 qui

548 1348 795 1415 plantavit
827 1346 1041 1406 vineam,
1070 1355 1118 1396 et
1142 1343 1356 1415 necdum
1382 1344 1497 1411 fecit
1526 1360 1637 1393 eam
1660 1358 1769 1394 esse
1792 1358 2130 1415 communem,

548 1411 612 1469 ea:
644 1432 743 1484 qua
785 1416 915 1468 vesci
963 1415 1157 1484 possit?
1193 1411 1382 1475 Vadat,
1427 1424 1475 1465 et
1518 1422 1795 1465 revertatur
1838 1415 1889 1465 in
1929 1414 2138 1466 domum

548 1482 695 1538 suam
727 1484 903 1555 (Deut.
933 1500 1022 1548 xx,
1054 1482 1134 1552 5),
1163 1492 1217 1536 et
1239 1494 1452 1536 caetera.

621 1576 712 1631 35.
745 1576 798 1629 Id
828 1585 930 1639 est,
960 1574 1051 1643 qui
1078 1575 1253 1628 adhuc
1287 1589 1381 1642 per
1424 1574 1720 1642 simplicem
1768 1575 1927 1629 vitam
1969 1591 2138 1644 neque

554 1662 612 1700 se
641 1649 839 1715 optime
884 1661 1073 1714 regere
1117 1646 1283 1711 novit,
1317 1659 1488 1713 neque
1534 1644 1714 1698 domui
1744 1659 1854 1698 suae
1903 1661 2138 1713 pra-esse

551 1717 671 1775 scit,
704 1716 767 1767 ad
796 1716 1121 1783 spiritualem
1153 1715 1434 1779 malitiam,
1460 1717 1559 1767 hoc
1583 1723 1687 1777 est,
1709 1716 1773 1767 ad
1799 1716 2138 1771 sacerdotale

555 1786 909 1840 miniSterium
937 1800 1265 1854 nequaquam
1288 1785 1597 1851 conspirare
1618 1784 1837 1839 debebit
1869 1804 1881 1837 :
1909 1801 1975 1840 ne
1997 1788 2135 1841 forte

554 1871 645 1924 per
686 1856 945 1925 ignaviam
988 1857 1204 1918 mentis,
1232 1864 1285 1909 et
1317 1855 1476 1912 vitam
1509 1856 1788 1923 reprobatn
1817 1864 1870 1911 et
1899 1857 2012 1924 ipse
2043 1871 2137 1925 pe-

2233 459 2520 513 relinquat.

2304 474 2723 581 gggugenalibus
2752 526 2825 581 ait
2851 525 3139 593 Apostolus
3174 540 3185 577 :
3222 523 3323 589 Qui
3344 527 3477 577 enim
3506 525 3683 577 domui
3709 542 3816 579 sua

2235 613 2448 663 prwesse
2504 598 2697 661 nescit,
2750 600 3004 665 quomodo
3049 594 3293 648 Ecclesia:
3347 595 3443 648 Dei
3496 598 3816 664 diligentiam

2236 668 2472 720 habebit?
2502 665 2623 718 Non
2665 668 3002 736 neopltytum,
3031 682 3110 736 _ne
3142 666 3195 717 in
3236 667 3528 736 superbiam
3564 669 3727 719 elatus
3765 669 3815 719 in

2236 739 2485 804 iudicium
2512 738 2704 789 incidat
2732 733 2919 789 diaboli
2950 734 3000 805 (I
3028 734 3160 787 Tim.
3191 750 3272 800 ttt,
3304 733 3359 799 5,
3390 735 3468 803 6).

2306 806 2395 859 57.
2448 806 2733 861 Sciendum
2764 822 2890 861 vero
2918 803 3000 859 eat
3027 805 3167 873 quod
3196 805 3365 857 activa
3409 806 3548 858 actio
3575 806 3645 857 ad
3675 803 3815 858 obti-

2237 876 2465 931 nendam
2500 876 2658 929 vitam
2707 876 2751 931 si
2798 885 2964 937 recte,
3006 885 3063 929 ut
3109 875 3280 940 decet,
3310 885 3573 937 teneatur,
3616 876 3818 943 absque

2236 946 2670 1011 contemplativa,
2703 948 2752 999 id
2784 956 2885 1013 est,
2915 946 3119 1012 absque
3169 960 3344 997 rerum
3384 947 3817 999 remuneratione

2238 1017 2340 1071 sibi
2371 1016 2590 1080 sufficit,
2622 1018 2780 1070 etiam
2829 1019 2871 1069 si
2914 1027 3101 1070 cuncta
3151 1030 3267 1083 quas
3312 1015 3469 1069 habet
3508 1017 3821 1069 renuntiare

2238 1102 2342 1141 non
2374 1088 2565 1139 valeat.
2596 1088 3011 1153 Contemplativa
3040 1094 3239 1148 autem,
3274 1100 3549 1154 quousque
3581 1085 3815 1139 mortali-

2240 1165 2322 1212 ter
2352 1156 2600 1222 vivimus,
2632 1159 2747 1210 sine
2772 1158 2943 1210 activa
2973 1170 3032 1210 se
3060 1154 3326 1223 explicare
3352 1171 3458 1208 non
3487 1155 3647 1209 valet.

2310 1226 2398 1282 '58.
2444 1227 2610 1280 Nemo
2638 1227 2831 1296 quippe
2863 1235 2967 1279 tam
3014 1227 3243 1294 perfecte
3280 1227 3332 1277 in
3366 1226 3465 1278 hac
3492 1235 3596 1278 vita
3624 1227 3677 1279 in
3725 1224 3818 1279 Dei

2240 1297 2703 1367 contemplatione
2738 1310 3029 1367 suapensus
3076 1296 3253 1367 vivere
3300 1303 3495 1360 potest,
3529 1305 3584 1349 ut
3633 1296 3818 1367 saltem

2244 1364 2469 1435 propter
2487 1370 2664 1421 carnis
2694 1366 3058 1420 infirmitatem
3086 1374 3139 1419 et
3163 1364 3451 1435 fraternam
3479 1366 3822 1433 compassio-

2243 1434 2364 1515 ttem
2394 1438 2460 1490 ad
2504 1446 2772 1515 terrenam
2799 1437 3067 1492 actionem
3099 1434 3428 1489 descendere
3457 1435 3533 1488 illi
3578 1450 3820 1489 necessa-

2241 1508 2377 1561 rium
2407 1523 2511 1560 non
2541 1508 2630 1561 sit.

2310 1576 2400 1632 59.
2434 1577 2789 1644 Quamobrem
2838 1577 3013 1630 activa
3048 1576 3148 1630 vita
3196 1575 3282 1628 hic
3325 1575 3484 1629 habet
3529 1574 3815 1628 inchoatio-

2244 1663 2388 1713 nem,
2415 1659 2469 1702 et
2516 1648 2703 1708 finem;
2731 1648 3139 1714 contemplativa
3170 1654 3344 1699 autem
3373 1645 3424 1699 in
3470 1646 3572 1699 hac
3600 1646 3707 1698 vita
3745 1645 3823 1698 in-

2243 1720 2393 1785 cipit,
2424 1718 2518 1772 sed
2549 1718 2600 1771 in
2627 1718 2799 1770 futura
2834 1719 3123 1784 percipitur
3150 1715 3345 1787 [For-te,
3394 1714 3711 1785 perﬁcitur].
3758 1714 3823 1787 Et

2244 1788 2365 1841 ideo
2397 1803 2502 1841 non
2550 1798 2673 1841 ante
2718 1798 2944 1841 mortem
2990 1785 3186 1850 carnis,
3226 1787 3318 1840 sed
3348 1796 3471 1854 post
3499 1798 3731 1840 mortem
3759 1785 3824 1838 ad

2243 1859 2294 1911 id
2326 1859 2465 1927 quod
2493 1859 2747 1912 ardenter
2774 1858 2947 1926 diligit
2976 1860 3256 1927 pervenire
3283 1867 3480 1924 potest.

1708 2062 2318 2143 APPENDIX
2375 2062 2551 2181 xv

1891 2219 2131 2276 NOBMA
2177 2219 2479 2275 VIVENDI.

624 2366 783 2439 351
808 2366 859 2419 1·
881 2364 1019 2439 A86.
1048 2362 1143 2425 ίῖιίν
1168 2370 1471 2439 ῃιρρονιθι,
1492 2375 1588 2430 age
1610 2362 1856 2429 utdecet,
1879 2378 1975 2439 age
1997 2373 2051 2417 ut
2071 2363 2140 2416 di-

557 2434 724 2507 gnt'mi
746 2434 848 2490 Est.
881 2436 1122 2507 Propone
1153 2434 1243 2485 tibi
1274 2443 1331 2507 ut
1353 2449 1457 2485 non
1488 2447 1701 2507 pecces,
1728 2443 1784 2485 ut
1808 2434 1993 2507 culpas
2023 2445 2139 2486 tuas

559 2502 660 2561 non
683 2508 922 2570 reiteres,
943 2517 1055 2571 post
1079 2504 1280 2569 lapsum
1302 2503 1477 2556 denuo
1514 2518 1579 2555 ne
1601 2502 1908 2571 delinquas;
1931 2503 2063 2557 bona
2087 2513 2139 2557 et

560 2579 694 2632 mala
712 2587 863 2641 prout
876 2575 1125 2628 eveniunt
1140 2573 1302 2626 tolera
1322 2588 1681 2641 ;quaacunque
1698 2576 2139 2627 eveniunt’mente

564 2650 727 2702 libera
760 2646 992 2705 sustine;
1020 2644 1287 2709 patientiae
1309 2654 1361 2695 et
1395 2642 1785 2697 mansuetudini
1812 2653 1937 2698 ante
1958 2644 2135 2697 omnia

556 2732 774 2785 operam
803 2716 899 2768 des
926 2732 939 2779 ;
966 2712 1265 2785 irrisionem
1288 2711 1633 2785 despicienda
1662 2727 1853 2781 supera
1878 2730 1891 2779 ;
1916 2711 2138 2782 sagittas

557 2783 896 2853 cutitumelire
927 2784 1191 2851 patientia!
1219 2783 1409 2852 clypeo
1437 2783 1651 2851 frange;
1686 2798 1921 2851 praepara
1948 2793 2137 2837 contra

558 2852 783 2911 omnem
807 2864 1082 2921 aspectum
1111 2852 1352 2920 clypeum
1389 2853 1681 2918 patientia};
1714 2863 1899 2908 contra
1940 2854 2137 2922 lingua:

562 2926 790 2995 gladium
818 2922 1113 2995 tolerantiae
1158 2923 1591 2995 prtebescutum,
1623 2924 1845 2995 tacendo
1872 2924 2134 2993 siquidem

557 2992 748 3052 melius
776 2997 954 3049 vinces
984 2992 1139 3055 (Vide
1162 2993 1475 3057 lsidoriana,
1506 3009 1623 3063 cap.
1653 2993 1767 3059 82).

626 3068 681 3121 2.
716 3066 868 3120 Disce
913 3080 942 3118 a
974 3063 1185 3117 Christo
1218 3064 1555 3126 modestiam,
1584 3064 1734 3118 disce
1775 3072 1830 3119 et
1857 3064 2138 3119 moderan-

558 3138 707 3199 tiam,
741 3136 1179 3200 tolerantiamque
1211 3132 1408 3185 Christi
1448 3133 1683 3198 attende,
1713 3144 1765 3187 et
1796 3150 1901 3187 non
1933 3135 2138 3188 dolebis

558 3207 800 3277 injurias.
830 3206 1053 3277 Maxima
1080 3214 1161 3255 est
1190 3204 1379 3277 virtus,
1411 3203 1453 3277 si
1486 3218 1589 3277 non
1620 3204 1767 3277 laedis
1792 3220 1818 3253 :i
1842 3220 1948 3273 quo
1980 3206 2137 3277 laesus

558 3273 738 3342 fueris,
768 3276 849 3328 vel
881 3277 980 3328 etsi
1012 3276 1169 3326 laesus
1196 3273 1478 3338 permittis.
1510 3273 1737 3325 Maxima
1766 3286 1845 3327 eSt
1870 3277 2059 3337 virtus,
2093 3276 2136 3327 si

556 3350 856 3414 cuicunque
899 3359 1091 3397 nocere
1124 3343 1334 3409 potuisti
1368 3346 1577 3408 parcis;
1603 3345 1815 3411 quando
1839 3344 1979 3398 enim
2018 3360 2139 3397 cru-

555 3419 714 3471 ciaris
746 3425 1043 3483 propterea,
1081 3423 1291 3477 peccata
1327 3421 1412 3464 tua
1446 3416 1773 3479 praecingunt
1800 3426 1879 3475 te;
1925 3418 2139 3478 quando

557 3489 797 3547 minaris,
825 3485 961 3538 mala
1006 3495 1089 3536 tua
1121 3486 1219 3535 iter
1242 3483 1472 3545 faciunt;
1503 3483 1756 3550 quidquid
1788 3485 1879 3537 tibi
1927 3485 2136 3537 adversi

555 3560 749 3617 evenit,
779 3563 992 3622 propter
1012 3561 1224 3621 peccata
1255 3563 1339 3603 tua
1368 3553 1457 3604 tibi
1482 3554 1677 3605 evenit.
1702 3555 2139 3608 Considarutione

562 3628 718 3695 igitur
760 3626 980 3693 justitiai
1030 3624 1305 3695 doloretn__
1331 3632 1597 3695 tempera;
1650 3624 1844 3695 melius
1900 3623 2136 3678 dolorem

556 3692 818 3765 portabis,
840 3697 883 3747 si
911 3709 1004 3760 pro
1034 3694 1222 3765 quibus
1255 3692 1342 3745 tibi
1371 3693 1626 3745 eveniunt
1648 3692 1911 3746 intendas.

623 3764 678 3819 ὅ.
710 3769 838 3821 Cum
870 3766 1025 3832 igitur
1056 3764 1148 3817 tibi
1193 3764 1499 3829 derogatur,
1532 3778 1658 3827 ora;
1700 3778 1820 3816 cum
1868 3764 2139 3818 maledici-

557 3847 662 3901 tur,
692 3846 815 3889 tunc
843 3833 1098 3895 benedic;
1132 3833 1489 3885 maledictioni
1518 3833 1940 3887 benedictionem
1970 3849 2140 3902 oppo-

556 3923 643 3967 ne,
673 3916 726 3960 et
755 3908 1072 3959 irascentem
1125 3902 1374 3970 patientia
1415 3902 1641 3956 delinire
1685 3905 1874 3967 stude;
1927 3906 2135 3957 blandi-

557 3987 735 4029 mento
768 3974 1093 4029 iracundiam
1137 3974 1518 4026 l‘ervescentem
1546 3973 1800 4041 dispelle;
1847 3974 2134 4042 nequitiam

561 4046 794 4099 bonitate
822 4046 964 4097 vetbi
995 4045 1181 4105 vince;
1215 4042 1468 4095 malitiam
1503 4042 1849 4111 benignitate,
1895 4045 2137 4099 inimicos

556 4131 743 4168 omnes
771 4114 1029 4167 modestia
1059 4117 1228 4182 placa,
1260 4113 1485 4165 aliorum
1512 4113 1645 4165 mala
1680 4123 1761 4164 tua
1787 4114 2022 4169 bonitate
2048 4130 2137 4167 su-

558 4202 700 4254 pera.
748 4184 1051 4254 Tranquilta
1099 4192 1279 4254 mente
1309 4182 1501 4254 illatas
1548 4187 1899 4254 contumelias
1950 4185 2133 4251 perde,

555 4252 700 4318 aperi
736 4253 1014 4320 tranquilo
1044 4253 1206 4304 corde
1231 4252 1483 4313 dolores;
1510 4253 1703 4306 vulnus
1732 4253 1783 4305 in
1818 4258 1923 4305 imo
1949 4256 2131 4319 corde,

554 4326 798 4391 quamvis
846 4338 1007 4391 grave
1044 4324 1136 4384 sit,
1168 4332 1407 4387 apertmn
1456 4334 1726 4389 evaporat,
1756 4324 1907 4376 valde
1954 4336 2131 4378 autem

555 4394 1044 4447 t-omedttauimum
1088 4392 1367 4443 inclusum.
1402 4394 1611 4463 Quanto
1656 4394 1798 4447 cnim
1848 4396 2013 4463 magis
2046 4405 2125 4448 te-

2243 2373 2531 2434 cognoscat
2558 2365 2903 2427 conscientia,
2938 2374 2990 2418 tu
3022 2373 3197 2419 tamen
3221 2381 3285 2421 ex
3307 2371 3471 2424 corde
3500 2370 3696 2432 relaxa.
3729 2387 3825 2425 ve-

2245 2436 2385 2488 niam
2439 2450 2650 2501 quoqtte
2697 2436 2905 2501 propria
2955 2436 3226 2490 voluntate
3274 2441 3539 2504 concede;
3592 2439 3744 2494 aufer
3796 2459 3825 2495 a

2242 2505 2403 2557 corde
2429 2504 2714 2558 fraternam
2741 2504 3016 2568 otfensam,
3052 2508 3133 2560 vel
3158 2507 3528 2573 offensionem,
3558 2522 3613 2565 et
3639 2511 3825 2565 aliena:

2243 2574 2491 2642 nequitiae
2538 2578 2923 2651 non_servito;
2976 2576 3154 2631 odium
3199 2580 3341 2632 enim
3390 2594 3419 2632 a
3453 2580 3562 2635 Deo
3592 2595 3822 2651 separat,

2243 2659 2340 2698 nec
2367 2645 2625 2712 sanguine
2654 2642 2775 2698 fuso
2801 2644 3032 2699 deletur.

2312 2716 2364 2786 _6.
2401 2715 2587 2770 Pacem
2618 2730 2775 2786 ama,_
2791 2729 2973 2777 pacem
3004 2716 3186 2786 dilige,
3216 2732 3398 2785 pacem
3429 2733 3551 2773 cum
3573 2722 3825 2776 omnibus

2242 2783 2381 2855 habe
2415 2796 2468 2838 et
2511 2796 2651 2847 tene,
2684 2784 2845 2855 342
2874 2783 3169 2853 omnesque
3218 2783 3271 2841 in
3327 2791 3736 2846 mansuetudine
3772 2806 3823 2847 et

2238 2854 2497 2929 charitate
2519 2854 2902 2929 complectere;
2936 2871 3185 2929 praepara
3203 2860 3431 2926 amplius
3462 2876 3643 2914 amare
3662 2878 3823 2929 quam

2241 2928 2435 2978 ameris
2466 2927 2606 2993 ipse;
2641 2940 2745 2979 non
2774 2928 2847 2978 sis
2879 2928 2928 2978 in
2962 2940 3093 2993 pace
3114 2928 3325 2993 infidus,
3362 2943 3464 2983 non
3496 2931 3568 2983 sis
3607 2927 3740 2985 levis
3772 2935 3827 2986 in

2241 2996 2495 3067 amicitia,
2521 2997 2695 3049 retine
2724 3009 2936 3067 semper
2971 2996 3232 3052 vinculum
3261 3002 3610 3067 constantim;
3641 3002 3830 3057 odien-

2166 3092 2212 3153 ο
2246 3063 2624 3153 ιεεηθᾱΐρθορω
2657 3063 2844 3153 invita.

2315 3134 2367 3187 7.
2420 3135 2672 3189 Discerne
2716 3148 2766 3189 te
2818 3146 2946 3208 tuo,
2995 3153 3099 3191 non
3146 3139 3320 3193 alieno
3359 3139 3590 3208 judicio;
3625 3156 3723 3197 nec
3757 3157 3823 3199 ex

2243 3204 2420 3257 alieno
2448 3221 2718 3267 sermone,
2749 3206 2842 3259 sed
2872 3222 2937 3260 ex
2971 3219 3054 3261 tua
3110 3219 3160 3263 te
3190 3204 3372 3263 mente
3401 3204 3610 3265 metire.
3657 3212 3827 3269 Nemo

2243 3276 2433 3327 melius
2460 3285 2513 3328 et
2556 3277 2736 3350 magis
2761 3276 2912 3350 scire
2932 3287 3103 3350 potest
3141 3281 3267 3347 quid
3317 3291 3369 3332 tu
3418 3282 3525 3333 scis
3553 3297 3708 3350 quam
3748 3294 3824 3348 tu,

2243 3359 2362 3416 cum
2391 3347 2636 3398 conscius
2670 3349 2740 3399 tui
2768 3363 2847 3399 es.
2883 3348 3085 3412 Quibus
3117 3366 3244 3402 vero
3275 3352 3511 3414 prodest,
3544 3347 3588 3405 si
3634 3357 3824 3416 malus,

2240 3415 2485 3489 si‘bonus
2514 3416 2852 3489 p_rmditreris;
2883 3428 2973 3470 aut
2997 3434 3117 3485 qua!
3150 3420 3262 3472 laus
3286 3419 3561 3473 hominum
3592 3415 3822 3489 pertinet

2240 3484 2305 3535 ad
2340 3490 2481 3557 te,si
2509 3485 2643 3539 alius
2674 3502 2729 3539 es
2763 3502 2920 3553 quam
2951 3484 3213 3542 laudaris?
3241 3484 3713 3557 Quapropter-vita
3754 3495 3827 3546 si-

2244 3555 2606 3616 mulationem,
2632 3558 2735 3607 vita
2763 3557 3089 3625 hypocrisin,
3111 3560 3209 3613 sub
3230 3555 3523 3613 obscuriori
3548 3572 3695 3616 veste
3721 3579 3827 3615 non

2242 3625 2432 3699 simula
2466 3626 2823 3699 sanctitatem.
2858 3628 3039 3692 Qualis
3066 3628 3248 3682 haberi
3275 3632 3374 3690 vis,
3408 3630 3531 3683 talis
3560 3642 3676 3685 esto
3703 3648 3819 3699 pro-

2242 3693 2481 3767 fessione
2502 3705 2585 3747 tua
2614 3711 2666 3748 et
2698 3697 2908 3759 habitu;
2939 3706 2993 3750 et
3018 3700 3066 3750 in
3100 3700 3306 3753 incessu
3336 3708 3425 3753 tuo
3449 3702 3520 3754 sit
3567 3693 3825 3767 simplici-

2244 3772 2344 3835 tas,
2376 3776 2428 3817 et
2470 3765 2522 3817 in
2567 3777 2710 3818 motu
2744 3768 2971 3833 paritas;
3007 3769 3135 3822 nihil
3169 3768 3469 3835 dedecoris,
3503 3770 3633 3824 nihil
3668 3765 3827 3825 lasci-

2242 3834 2361 3898 vize,
2394 3836 2523 3887 nihil
2558 3836 2881 3901 petulantiic,
2916 3837 3048 3890 nihil
3076 3839 3374 3893 insolentiae
3406 3834 3461 3894 in
3490 3843 3703 3894 incessu
3731 3854 3821 3895 tuo

2240 3914 2525 3979 appareat;
2574 3916 2754 3979 gestus
2795 3908 2939 3979 enim
2970 3910 3210 3977 corporis
3238 3912 3444 3979 signum
3474 3920 3560 3964 est
3596 3914 3823 3974 mentis;

2242 3988 2344 4025 non
2379 3975 2616 4047 priebeas
2645 3978 2711 4029 de
2758 3986 2810 4030 te
2857 3977 2973 4031 aliis
3003 3975 3387 4047 spectaculum,
3428 3996 3527 4035 nec
3572 3982 3694 4035 aliis
3722 3982 3825 4036 οι)-

2242 4045 2501 4097 trectandi
2531 4046 2726 4100 locum.

2310 4113 2365 4168 8.
2406 4115 2517 4167 Non
2548 4127 2597 4167 te
2626 4116 2882 4185 adjungas
2914 4117 3117 4171 levibus
3148 4120 3412 4187 personis,
3446 4135 3542 4174 nec
3574 4130 3625 4176 te
3655 4122 3829 4175 adiui-

2240 4197 2390 4237 sceas
2418 4188 2597 4250 vanis;
2632 4188 2739 4259 vita
2789 4189 2977 4249 malos,
3028 4203 3157 4242 cave
3210 4191 3439 4258 iniquos,
3493 4189 3615 4259 fuge
3665 4194 3826 4244 mali-

2239 4268 2403 4319 gnos,
2438 4269 2632 4322 Sperne
2673 4256 2919 4323 ignaros,
2967 4259 3086 4325 fuga
3126 4275 3155 4311 a
3203 4270 3253 4312 te
3285 4256 3465 4312 turbas
3506 4256 3827 4323 hominum,

2239 4327 2466 4396 maxime
2512 4326 2653 4378 illius
2701 4328 2871 4380 aetatis
2900 4328 2987 4395 qui
3036 4330 3101 4380 ad
3142 4330 3261 4381 vitia
3290 4331 3438 4396 proni
3484 4342 3629 4383 sunt.
3658 4331 3827 4385 Bonis

2233 4393 2481 4461 jungere,
2511 4400 2567 4448 et
2606 4398 2805 4450 sanctis
2836 4393 3106 4451 individua
3131 4393 3356 4453 sociare.
3390 4399 3448 4454 Si
3480 4400 3693 4465 feceris,
3726 4414 3821 4453 so-

554 4465 655 4533 gis,
690 4475 832 4518 tanto
856 4465 1022 4531 magis
1050 4476 1242 4530 auges;
1275 4452 1442 4529 aperi'
1469 4461 1626 4530 igitur
1672 4476 1821 4533 grato
1848 4452 2047 4527 animo,
2077 4478 2132 4519 et
2164 4452 2362 4516 Dcins
2400 4452 2822 4520 conVcrsationis
2874 4468 3013 4522 illius
3059 4484 3242 4521 eorum
3288 4452 3499 4523 erisvet
3527 4452 3822 4533 rint—nium;

557 4552 659 4587 non
686 4546 734 4589 te
761 4537 1053 4588 excruciet.

623 4606 678 4659 4.
710 4606 764 4659 Si
798 4604 1090 4658 tristaveris
1124 4602 1176 4657 in
1224 4602 1401 4672 aliquo
1442 4602 1657 4658 fratrem
1712 4615 1879 4670 tuttm,
1912 4605 2130 4660 satisfac

553 4676 624 4730 ei.
656 4678 708 4731 Si
741 4676 1043 4742 peccaveris
1070 4676 1120 4727 in
1153 4674 1320 4738 illum,
1351 4674 1713 4741 puniitentiatn
1742 4691 1838 4743 age
1877 4692 1997 4730 cum
2041 4692 2125 4730 eo.

556 4745 613 4801 Si
657 4746 945 4799 offenderis
987 4745 1239 4813 aliquem,
1293 4745 1515 4811 propitia
1558 4758 1678 4815 eum
1714 4760 1919 4815 prece,
1972 4761 2132 4815 parce

557 4816 843 4878 velociter,
892 4814 959 4868 ad
1006 4815 1490 4869 reconciliationem
1538 4813 1817 4867 offensioni
1873 4813 1986 4869 tute
2025 4820 2133 4870 cito

557 4886 761 4939 veniam
809 4886 1051 4954 postula;
1098 4899 1200 4937 non
1243 4885 1521 4946 dormites,
1554 4884 1653 4936 nisi
1695 4888 2028 4939 convertaris
2062 4888 2131 4940 ad

558 4972 775 5022 pacem;
808 4972 910 5009 non
944 4955 1264 5024 requiescas,
1301 4955 1400 5008 nisi
1430 4954 1803 5008 reconciliatus
1844 4956 2004 5009 fueris
2032 4956 2132 5009 fra-

556 5026 620 5080 iri
674 5037 782 5080 tuo.
816 5029 1026 5079 Revoca
1072 5041 1191 5078 enm
1242 5025 1526 5079 celerrimo
1569 5025 1867 5079 dilectionis
1912 5025 2125 5080 ail‘ectu.

556 5100 762 5151 ltevoca
793 5112 915 5150 eum
968 5096 1259 5149 humilitate
1303 5097 1368 5149 ad
1410 5095 1666 5163 gratiam;
1712 5096 2021 5149 humilitatis
2052 5096 2128 5149 af-

554 5176 689 5220 tectu
723 5168 797 5220 illi
830 5176 881 5221 te
908 5176 1207 5235 prosterne,
1251 5173 1307 5219 ct
1341 5166 1563 5232 supplici
1596 5166 1753 5218 modo
1798 5169 2007 5218 veniam
2036 5169 2129 5220 de-

555 5252 801 5304 precare;
831 5240 1027 5307 petenti
1052 5250 1263 5305 quoque
1290 5235 1380 5307 tibi
1412 5235 1614 5307 veniam
1646 5235 1868 5307 libenter
1890 5236 2124 5306 indulge,

551 5321 605 5363 et
634 5305 870 5376 poscenti
898 5308 1274 5375 indulgentiam
1308 5306 1541 5372 placatus
1564 5305 1791 5360 dimitte.

623 5378 677 5431 5.
704 5379 1073 5432 lteverentiam
1105 5386 1342 5429 sanctam
1373 5376 1716 5442 amplectere,
1751 5385 1807 5429 et
1847 5376 2127 5431 confestim

554 5448 777 5516 benigna
807 5452 1017 5518 suscipe
1047 5448 1342 5511 charitate;
1371 5446 1606 5518 peccanti
1632 5444 1776 5513 juste
1804 5463 1909 5501 non
1953 5449 2133 5501 dimit-

555 5529 657 5582 tas,
687 5518 782 5572 sed
825 5516 1034 5588 culpam
1079 5518 1331 5579 sciturus,
1363 5516 1482 5588 quia
1530 5518 1585 5588 in
1626 5528 1675 5569 te
1722 5527 1805 5588 est
1836 5527 2133 5588 venturum

551 5588 843 5654 judicium;
887 5586 989 5643 non
1038 5588 1257 5642 habebis
1297 5586 1712 5654 indulgentiam,
1747 5586 1848 5640 nisi
1890 5588 2126 5643 dederis.

555 5659 667 5710 la‘tsi
698 5658 787 5727 ille
820 5675 925 5713 non
954 5661 1236 5727 supplicet,
1272 5658 1477 5724 sibique
1508 5654 1772 5712 humiliter
1795 5657 1989 5711 dimitti
2022 5675 2127 5713 non

554 5726 806 5796 postulet,
835 5732 879 5782 si
913 5726 1187 5797 peccatum
1228 5744 1381 5783 suum
1416 5728 1552 5782 mala
1600 5729 1981 5785 consuetudine
2020 5744 2124 5786 non

2243 4536 2529 4597 periculum
2562 4536 2703 4589 enim
2735 4547 2817 4591 est
2844 4538 3088 4605 pessimis
3131 4539 3344 4605 sociari,
3378 4540 3571 4594 melius
3610 4551 3696 4596 est
3722 4554 3822 4595 eo-

2239 4620 2355 4677 rum
2384 4606 2564 4677 odtum
2592 4623 2750 4677 quam
2790 4611 3135 4662 consortium.

2307 4676 2359 4729 9.
2412 4676 2609 4731 Claude
2656 4693 2834 4742 aures,
2884 4694 2951 4731 ne
2978 4680 3160 4733 audias
3198 4679 3398 4748 aliquid
3448 4679 3823 4746 impudicum;

2241 4760 2407 4799 vanus
2437 4748 2577 4799 enim
2609 4763 2787 4800 sermo
2816 4751 2923 4801 cito
2956 4748 3143 4814 polluit
3168 4762 3423 4815 mentem,
3453 4761 3508 4805 et
3536 4748 3694 4804 facile
3723 4752 3818 4805 la:-

2236 4816 2380 4890 ditur
2425 4818 2683 4890 turpibus,
2708 4827 2770 4890 _et
2799 4818 2950 4870 malis
2979 4820 3245 4890 omnibus,
3276 4821 3550 4890 agiturque
3590 4821 3823 4877 libenter

2236 4888 2376 4958 quod
2426 4888 2676 4958 auditur,
2704 4887 2872 4958 Nemo
2919 4889 3058 4940 enim
3109 4887 3344 4944 creditur
3380 4887 3558 4947 odisse
3590 4906 3820 4958 quorum

2239 4956 2495 5010 relatioiie
2527 4955 2901 5029 nonilwditnr;
2939 4959 3066 5029 nihil
3097 4973 3165 5011 ex
3190 4975 3287 5013 ore
3316 4971 3406 5015 tuo
3431 4955 3685 5029 procedat
3711 4977 3823 5029 quo

2239 5033 2533 5094 turpescas,
2565 5028 2650 5081 vel
2677 5028 2831 5100 quod
2849 5036 3004 5094 turpe
3027 5028 3127 5089 sit;
3158 5029 3253 5083 sed
3284 5030 3397 5083 htec
3434 5028 3818 5100 erumpant’ex

2236 5110 2330 5169 ore
2361 5106 2469 5169 tuo,
2501 5108 2553 5151 et
2602 5112 2668 5151 ex
2712 5097 2884 5169 labiis,
2917 5112 3035 5166 qua:
3083 5114 3241 5153 aures
3289 5117 3393 5153 non
3428 5097 3667 5169 polluant
3718 5116 3818 5154 au-

2235 5166 2521 5233 dientium;
2569 5182 2748 5222 sermo
2776 5167 2917 5221 enim
2967 5181 3133 5223 vanus
3158 5166 3501 5225 conscientia:
3547 5186 3697 5224 vana:
3733 5181 3820 5225 est

2239 5234 2629 5310 indexaftiores
2663 5237 2893 5310 hominis
2918 5236 3093 5307 lingua
3126 5242 3328 5306 pandit,
3351 5253 3406 5295 et
3429 5242 3603 5310 qualis
3634 5255 3820 5294 sermo

2237 5306 2572 5374 ostenditur,
2626 5308 2745 5361 talis
2796 5306 3013 5361 animus
3056 5306 3461 5373 comprobatur:
3504 5312 3587 5366 Ab
3638 5313 3817 5365 otioso

2233 5389 2479 5430 sermone
2522 5391 2804 5445 compesce
2855 5378 3083 5446 linguam
3109 5419 3125 5445 ,
3176 5396 3274 5433 nec
3322 5382 3495 5434 inania
3535 5382 3696 5435 verba
3726 5383 3819 5435 lo-

2233 5450 2449 5519 quaris;
2497 5463 2675 5501 sermo
2720 5448 2860 5519 enim
2890 5457 3091 5519 otiosus
3139 5466 3242 5503 non
3287 5453 3391 5506 erit
3434 5453 3553 5505 sine
3588 5452 3811 5519 judicio.

2236 5516 2608 5586 Unusquisque
2654 5518 2797 5571 enim
2840 5517 3144 5576 redditurus
3190 5530 3273 5575 est
3318 5516 3816 5575 rationem'sermo-

2234 5604 2356 5661 num
2399 5604 2616 5661 suorum
2641 5630 2656 5653 ,
2706 5602 2844 5661 ante
2880 5589 3294 5661 uniuscujusque
3336 5592 3568 5645 hominis
3621 5591 3813 5645 faciem

2231 5660 2445 5731 stabunt
2472 5660 2630 5714 verba
2661 5672 2778 5731 sua.
2811 5659 2914 5726 Qui
2939 5673 3019 5731 vei
3035 5660 3097 5714 ba
3129 5659 3265 5715 mala
3292 5678 3397 5717 non
3436 5662 3702 5731 reprimit,
3744 5661 3813 5714 ad

2237 5730 2390 5785 noxia
2435 5731 2542 5787 cito
2591 5730 2809 5797 transit;
2840 5737 2895 5787 et
2936 5729 3025 5800 qui
3066 5732 3283 5788 minima
3329 5748 3437 5788 non
3486 5729 3710 5803 rcSpuit,
3756 5732 3813 5785 in
