4180 6178
601 232 735 292 125!

1382 233 1468 287 AD
1507 233 1562 288 S.
1609 231 1848 288 ISIDORI
1889 230 2324 286 HlSPALENSIS
2362 230 2594 284 OPERA
2633 229 3079 290 APPENDICES.

3723 235 3862 293 1252

598 351 709 405 tilia
737 357 1135 417 corrumpatur;
1186 359 1402 399 munera
1447 344 1588 397 enim
1633 361 1848 417 semper
1888 345 2166 417 veritatem
2200 347 2245 403 Α
2273 341 2363 417 ris.
2398 342 2707 417 sublimitas
2731 345 2871 397 enim
2913 345 3172 399 honorum
3217 347 3525 412 magnitudo
3555 351 3860 417 scelerum,

598 415 967 485 praevariCant,
993 428 1047 470 et
1068 419 1174 470 cito
1203 432 1230 467 a
1271 417 1384 467 viro
1418 417 1645 468 violatur
1678 415 1900 483 justitia.
1933 415 2170 483 Dejusto

592 491 793 560 judicio
811 488 1114 556 temporalia
1137 487 1279 539 lucra
1301 501 1402 537 non
1420 497 1670 560 appetas,
1708 500 1802 551 pro
1819 487 2020 551 jttstitia
2049 486 2160 537 nul-

599 555 704 614 lunt
737 561 828 611 tibi
861 555 1131 624 praemium
1173 572 1378 624 quaeras
1415 558 1538 608 dunt
1571 555 1812 624 judicas,
1858 573 1952 623 pro
1994 562 2170 608 lu.uro

595 646 744 682 serva
770 629 1096 688 mercedem,
1133 643 1229 679 nec
1259 643 1467 694 quzeras
1506 627 1556 678 itt
1591 638 1727 677 terra
1772 626 1987 693 rependi
2029 628 2168 694 quod

598 702 690 752 tilii
715 700 766 751 in
809 697 984 749 futuro
1021 697 1260 750 debetur.
1303 699 1498 748 Itxrtite
1543 711 1728 747 manus
1765 707 1879 747 tuas
1921 697 1988 747 ab
2025 697 2169 750 omni

597 782 844 830 munere,
868 770 911 819 si
943 768 995 819 itt
1025 767 1174 820 caelis
1209 768 1336 820 velis
1367 768 1632 828 habitare;
1661 767 1708 817 itt
1735 766 1934 833 judicio
1959 781 2171 832 quoque

595 841 708 890 sine
736 838 1099 890 misericordia
1127 837 1336 890 sedeas.
1369 836 1583 889 Custodi
1607 835 1868 904 justitiam
1886 837 2171 890 discretio-

595 910 710 970 nis,
740 916 794 959 et
819 907 926 960 noli
960 906 1076 974 plus
1111 907 1281 976 justus
1310 923 1430 960 esse
1451 923 1609 970 quant
1641 917 1874 973 oportet.
1907 911 2077 961 Ullllte
2105 922 2166 961 e-

593 977 701 1029 nim
731 977 868 1044 quod
915 979 1132 1029 nimium
1164 986 1247 1029 est
1284 976 1464 1028 vitium
1497 987 1596 1028 est.

663 1045 754 1100 25.
785 1047 944 1114 Impia
970 1046 1172 1114 justitia
1194 1057 1274 1098 est
1306 1047 1416 1115 frag
1441 1046 1574 1098 litati
1602 1045 1846 1097 humanm
1872 1060 1974 1097 non
1994 1046 2168 1113 ignos-

591 1129 747 1182 cere;
777 1133 880 1169 uon
911 1117 1066 1186 igitur
1096 1133 1242 1168 ames
1269 1117 1545 1179 damnare,
1566 1117 1656 1167 sed
1680 1117 1967 1168 emendare
1993 1120 2170 1180 potius

592 1201 750 1254 quam
779 1187 1068 1252 corrigere.
1105 1188 1247 1239 'l‘ene
1267 1188 1494 1254 rigorem
1520 1191 1568 1237 in
1588 1186 2165 1252 discretionejustitiat,

588 1255 772 1325 judicii
799 1272 1020 1310 examen
1067 1268 1317 1324 sequatur
1364 1258 1561 1323 pietas,
1604 1257 1893 1322 disciplinae
1936 1258 2166 1322 rigorettt

593 1337 855 1395 temperet
887 1327 1239 1394 indulgentia,
1269 1329 1334 1377 ita
1365 1330 1604 1380 clemens
1635 1335 1750 1378 esto
1787 1326 1837 1377 in
1870 1328 2056 1380 alienis
2077 1327 2172 1379 de-

594 1397 755 1461 liCIis,
779 1399 916 1449 sicut
943 1398 992 1448 itt
1023 1400 1124 1456 tuis
1143 1436 1156 1458 ,
1194 1411 1290 1450 nec
1311 1411 1632 1462 quemquam
1656 1396 2171 1464 districtiusjudices

593 1482 750 1534 quam
774 1470 911 1520 sicut
940 1471 1184 1527 teipsum.
1218 1468 1307 1520 Sic
1338 1467 1470 1518 alios
1505 1466 1714 1532 judica,
1752 1474 1811 1517 ut
1854 1477 1903 1518 te
1947 1467 2169 1532 jndicari

591 1538 771 1604 cupis;
803 1537 927 1589 duttt
959 1538 1099 1590 enim
1133 1537 1373 1603 indulges
1402 1537 1570 1586 aliena
1601 1547 1846 1600 peceata,
1883 1535 1973 1587 tibi
2010 1539 2168 1588 miseo

591 1607 763 1670 reris;
793 1606 1050 1672 judicium
1079 1608 1217 1672 quod
1244 1607 1360 1658 aliis
1397 1607 1625 1673 imponis
1665 1605 1782 1671 ipse
1822 1607 2076 1672 portabis.
2115 1608 2168 1660 In

592 1692 657 1729 eo
685 1680 827 1729 enim
859 1677 912 1728 iit
940 1692 1045 1744 quo
1071 1676 1277 1742 judicas
1305 1692 1362 1730 es
1394 1675 1742 1742 judicandus;
1788 1676 1840 1728 in
1885 1691 1985 1744 qua
2021 1692 2167 1731 tuen-

593 1760 715 1800 sura
749 1761 964 1799 mensus
997 1747 1190 1810 fueris,
1222 1755 1530 1798 rentettetur
1563 1747 1673 1797 tibi.

660 1815 752 1868 24.
787 1813 972 1869 Omnia
1009 1831 1126 1885 quze
1173 1816 1474 1884 iuqttisieris
1513 1831 1634 1868 cum
1677 1814 1878 1882 justitia
1919 1814 2168 1882 deﬁnias,

591 1901 859 1954 nunquam
898 1888 1106 1953 judices
1138 1886 1458 1954 suspicionis
1497 1887 1748 1951 arbitrio;
1791 1896 1916 1937 ante
1971 1888 2168 1952 proba,

595 1965 718 2009 tunc
742 1957 940 2024 judica;
967 1972 1069 2009 non
1111 1959 1249 2010 enini
1281 1959 1368 2024 qui
1392 1970 1694 2016 accusatur,
1721 1956 1813 2009 sed
1860 1956 2174 2010 criminator

593 2040 714 2079 retis
743 2038 846 2090 est;
881 2028 1167 2093 periculum
1211 2039 1293 2079 εει
1337 2027 1537 2094 aliquid
1576 2039 1994 2094 praesumptunse
2025 2026 2173 2095 judi-

591 2111 732 2149 care.
767 2097 823 2148 ltt
853 2096 1113 2164 ambiguis
1140 2097 1206 2149 de
1231 2098 1431 2165 judicio
1475 2112 1629 2149 serva
1676 2098 2018 2149 sententiam.
2073 2099 2172 2162 Qui

591 2171 729 2219 nosti
756 2177 864 2230 tua,
889 2169 1098 2234 quando
1121 2169 1314 2228 nescis.
1339 2168 1517 2220 divino
1538 2181 1689 2220 serva
1714 2167 1937 2234 judicio;
1969 2184 2072 2220 non
2103 2169 2174 2221 ui-

596 2237 723 2288 taris
753 2238 1013 2291 damnare
1037 2238 1236 2305 judicio
1265 2240 1495 2290 humano
1521 2239 1660 2306 quod
1688 2237 1827 2290 Dens
1845 2252 1943 2290 suo
1961 2240 2168 2290 exami-

591 2308 645 2359 ni
675 2316 879 2368 servat;
911 2310 1110 2360 incerta
1141 2324 1248 2361 non
1271 2309 1593 2376 judicemus,
1619 2309 1967 2376 quoadusque
1993 2311 2171 2360 novis.

589 2377 724 2430 sime
751 2380 924 2429 veniat
950 2378 1222 2439 Dominus,
1247 2382 1335 2445 qui
1369 2379 1584 2432 latentia
1609 2381 1866 2447 producat
1889 2383 1939 2430 itt
1974 2380 2172 2432 lucem.

589 2448 839 2513 Quamvis
868 2449 1009 2501 enim
1041 2464 1144 2500 non
1170 2450 1433 2502 credenda
1467 2461 1607 2512 sunt,
1638 2448 1758 2500 ideo
1780 2458 1952 2501 tamen
1993 2451 2173 2502 dimit-

595 2526 791 2580 tetttur,
817 2521 915 2569 nisi
948 2535 1056 2587 qua
1091 2523 1252 2572 certis
1299 2519 1506 2571 indiciis
1546 2520 1930 2587 approbantur,
1961 2529 2015 2570 et
2064 2534 2170 2572 non

589 2601 710 2654 qua:
743 2588 1027 2640 manifesto
1071 2591 1304 2642 examini
1353 2589 1785 2652 committuntur,
1829 2599 1884 2642 et
1912 2603 2020 2642 non
2053 2604 2171 2658 quas

593 2661 782 2726 ordine
809 2658 1097 2726 judiciario
1125 2663 1560 2726 comprobantur.

658 2725 751 2780 25.
798 2725 854 2779 lit
898 2741 1108 2779 summo
1155 2725 1356 2782 bottore
1401 2729 1492 2780 tibi
1539 2742 1786 2797 suprema
1835 2728 1906 2782 sit
1951 2728 2167 2795 veritas;

587 2810 831 2864 quamvis
861 2798 1107 2850 sublimis
1136 2801 1212 2849 sis
1237 2801 1538 2865 potestatis,
1589 2803 1642 2852 iit
1690 2811 1744 2852 te
1791 2800 2168 2852 celsitudinem

589 2866 848 2933 reprime;
880 2885 981 2920 non
1017 2879 1069 2920 te
1097 2872 1318 2921 extollat
1350 2877 1540 2932 Itonor,
1569 2871 1661 2922 sed
1695 2869 1974 2936 praasideat
2002 2871 2162 2923 ltumi-

590 2937 709 2990 litas
732 2941 941 2990 culmen
974 2939 1336 2991 sublimitatis.
1395 2941 1562 2991 'l'anto
1593 2948 1712 2993 esto
1739 2942 1926 3008 majori
1951 2941 2168 2992 humili-

589 3015 696 3060 tate
736 3011 1083 3079 conspicuus,
1117 3021 1314 3076 quanto
1341 3025 1398 3064 es
1428 3026 1616 3078 magna
1647 3011 1899 3079 dignitate
1941 3012 2166 3077 prtecla-

589 3092 700 3148 rus.
736 3076 1014 3145 Impositas
1040 3079 1132 3131 tibi
1155 3093 1310 3132 curas
1344 3076 1610 3133 humiliter
1626 3076 1814 3148 exple,
1839 3087 1894 3134 et
1915 3076 2164 3134 traditum

589 3147 1050 3217 UbllllllliSlcl'iiltlt
1077 3161 1255 3202 tuente
1278 3152 1487 3203 subdita
1502 3147 1740 3217 suscipe.
1761 3153 1886 3204 Esto
1908 3152 2166 3205 obediens

586 3216 780 3269 divina:
825 3220 1188 3287 dispositioni,
1223 3231 1278 3272 et
1305 3225 1557 3273 voluntati
1590 3216 1706 3288 ejus
1745 3225 2012 3274 contraire
2059 3237 2167 3274 non

590 3297 806 3340 audeas.
839 3291 962 3340 .lura
1013 3291 1284 3356 potestatis
1314 3294 1521 3360 adeptae
1554 3293 1892 3345 moderanter
1931 3306 2165 3357 exerce,

589 3368 639 3408 et
666 3362 846 3410 omnia
873 3374 978 3412 non
1011 3363 1334 3420 turbulento.
1360 3362 1453 3414 sed
1478 3365 1762 3430 tranquillo
1783 3363 1946 3415 corde
1987 3361 2165 3428 dispo-

590 3441 676 3480 ne.
702 3430 842 3483 Cave
873 3432 1100 3484 honores
1120 3475 1132 3498 ,
1165 3446 1297 3500 quos
1328 3432 1444 3486 sine
1472 3434 1624 3501 culpa
1659 3440 1842 3486 tenere
1865 3447 1972 3486 uoti
2007 3442 2162 3501 pote-

2279 415 2328 465 in
2363 415 2550 480 majori
2573 415 2738 479 gradu
2765 418 2878 466 sine
2911 419 3071 468 dubio
3097 431 3250 482 pmtta
3277 419 3463 483 major.

2348 483 2438 534 ‘26.
2469 483 2524 534 si
2557 498 2634 536 VIS
2667 499 2785 536 esse
2817 486 3045 552 quietus,
3070 487 3200 540 nibil
3229 491 3408 540 saeculi
3438 503 3679 556 appetas.
3708 491 3864 544 Sem-

2275 567 2369 619 per
2394 556 2627 620 requiem
2659 565 2853 607 ttieutis
2888 557 3129 617 habebis,
3157 558 3200 609 si
3220 574 3247 607 a
3276 569 3326 610 te
3348 575 3532 611 curant
3555 565 3737 614 initi-di
3763 563 3862 614 ab-

2271 624 2444 689 jicias,
2475 639 2790 700 semperque
2815 630 2991 694 quieti,-
3014 639 3210 680 :eterna
3243 627 3467 700 frueris,
3525 630 3688 700 346
3734 636 3779 684 si
3814 649 3864 685 te

2273 708 2301 744 a
2331 696 2562 768 strepitu
2595 705 2927 746 terrenarum
2955 712 3129 748 rerum
3150 699 3491 750 ab~tr:ixeiis.
3537 696 3728 768 Ettijt'ci-
3753 720 3780 752 a
3815 714 3864 754 te

2274 765 2528 828 quidquid
2555 766 2747 815 bonum
2777 770 3105 831 preposituiii
3151 769 3406 833 impedire
3430 765 3645 834 poieiit',
3674 779 3727 822 i-t
3753 784 3866 824 toto

2273 836 2451 907 animo
2476 836 2624 907 odies
2646 838 2977 907 damnaque
3019 838 3192 898 diligit
3213 839 3459 891 mundus.
3484 842 3749 907 Qidqnid
3777 847 3864 895 lia-

2275 904 2387 965 bes,
2422 903 2614 957 habeto
2639 905 2702 976 ad
2729 907 3169 959 misericordiam.
3205 903 3535 976 Sull'ritgator
3574 903 3745 964 vir-us
3776 924 3862 964 uta

2276 977 2326 1024 iti
2359 976 2630 1048 operibus.
2661 975 2774 1048 Non
2805 977 2970 1042 eligas
2994 981 3076 1030 cui
3103 975 3438 1038 miserearis,
3469 999 3532 1032 ne
3564 982 3701 1034 forte
3728 1000 3861 1048 pra:-

2275 1052 2446 1115 ti‘rcas
2477 1045 2620 1096 illiittt
2651 1046 2740 1112 qui
2773 1056 3010 1099 meretur
3039 1048 3302 1115 accipere.
3353 1050 3617 1102 Omnibus
3661 1045 3761 1110 da.
3796 1068 3864 1106 ne

2275 1113 2411 1165 forte
2439 1119 2522 1165 cui
2555 1131 2659 1186 non
2689 1115 2903 1168 dederis
2935 1119 3046 1182 ipse
3085 1113 3165 1170 sit'
3195 1120 3472 1182 Christus;
3503 1129 3558 1172 et
3579 1123 3662 1173 cui
3699 1125 3862 1186 largi-

2275 1198 2370 1257 ris,
2405 1199 2524 1236 cuin
2558 1184 2825 1238 hilaritate
2860 1189 3087 1253 largire;
3120 1202 3169 1240 et
3200 1191 3454 1257 quidquid
3502 1193 3710 1253 tribuis,
3741 1184 3863 1244 runt

2274 1254 2461 1305 all'ectu
2495 1257 2701 1319 tribue;
2732 1257 2904 1308 tribue
2946 1254 3368 1311 miseiicordiatn
3411 1265 3528 1314 sine
3558 1279 3864 1316 murmura-

2276 1324 2636 1395 tione,pr:elie
2664 1331 3060 1395 eleeniosyuam
3093 1330 3211 1381 sine
3245 1329 3424 1382 taedio.

2349 1394 2653 1468 27._Major
2683 1406 2857 1449 autem
2901 1394 2968 1448 sit
2995 1398 3366 1452 benevolentia
3397 1415 3557 1468 quam
3591 1403 3731 1467 quod
3761 1404 3860 1456 da-

2277 1474 2379 1515 tur.
2429 1466 2591 1530 Major
2634 1475 2701 1517 sit
2749 1469 2914 1533 gratia
2945 1483 3103 1534 qnam
3153 1471 3291 1535 quod
3348 1466 3713 1537 impenditur;
3760 1479 3862 1526 tale

2274 1551 2414 1606 enim
2444 1537 2548 1587 erit
2575 1551 2710 1601 opus
2741 1547 2885 1588 tuuin
2922 1542 3094 1605 qualis
3124 1542 3282 1592 ltterit
3308 1541 3531 1593 intentio
3564 1554 3675 1593 tua.
3710 1546 3858 1606 Quod

2275 1605 2415 1656 enini
2442 1607 2632 1657 διῐιτειυ
2666 1607 2805 1657 bono
2833 1607 3196 1672 diSpettsatur,
3225 1611 3324 1663 ltoc
3345 1614 3537 1678 accipit
3567 1611 3710 1664 Deus
3776 1615 3859 1678 qui

2207 1699 2247 1756 Β
2277 1688 2449 1756 autem
2479 1688 2604 1755 cum
2638 1678 2795 1728 ta-dio
2823 1678 2944 1743 dat,
2981 1681 3154 1744 perdit
3183 1682 3486 1756 mercedem
3528 1697 3708 1756 suam.
3761 1685 3857 1748 Qui

2279 1760 2395 1795 cum
2427 1744 2637 1817 tristitia
2669 1762 2880 1798 manum
2907 1755 3150 1817 porrigit,
3185 1753 3413 1803 l’ruclutn
3457 1753 3652 1804 amittit
3686 1744 3862 1806 reuiu-

2277 1815 2602 1878 tterationis;
2636 1831 2740 1868 non
2776 1828 2859 1869 est
2889 1815 3254 1873 misericordii
3274 1861 3289 1880 .
3335 1823 3423 1873 ubi
3456 1838 3559 1873 non
3589 1837 3668 1873 est
3698 1828 3857 1876 bent--

2277 1887 2527 1959 voletitia.
2556 1886 2629 1938 De
2661 1888 2938 1953 tuisjustis
2961 1891 3231 1944 laboribus
3254 1891 3490 1943 ministra
3518 1895 3858 1959 pauperibus.

2275 1955 2390 2029 Non
2417 1958 2633 2029 auferas
2659 1960 2744 2009 uiti
2778 1959 2917 2010 unde
2944 1961 3146 2013 tribuas
3175 1963 3347 2013 alteri.
3378 1955 3529 2014 Nittil'
3567 1955 3788 2029 prodest
3816 1980 3857 2015 st

2277 2026 2438 2077 aliuut
2472 2026 2595 2078 itide
2627 2032 2800 2080 relicis
2830 2032 2968 2081 unde
2989 2031 3150 2083 alium
3177 2032 3386 2083 inanem
3411 2026 3861 2085 facis—Coniun-

2276 2110 2365 2168 nat
2399 2097 2673 2168 miseratio
2707 2112 2801 2150 ista
2824 2139 2838 2162 ,
2874 2114 2978 2151 IlOll
3016 2101 3285 2168 propitiat.
3322 2103 3523 2153 Bonum
3553 2107 3694 2168 quod
3731 2105 3861 2156 {stis

2276 2167 2662 2218 misericordia:
2692 2183 2869 2228 causa,
2905 2184 3009 2221 tton
3038 2167 3337 2237 jactautiae,
3366 2167 3662 2229 Ιειυιιυῖηᾱι
3701 2190 3859 2240 prop-

2277 2247 2356 2289 ter
2388 2243 2732 2303 teutporali-m
2757 2241 3083 2305 opinionem,
3115 2244 3408 2308 lllilll'I-rttp
3433 2258 3490 2294 er
3518 2245 3738 2302 limam,
3768 2245 3861 2295 sed

2277 2319 2496 2374 propter
2525 2308 2682 2358 Vilillll
2714 2319 2970 2360 aeternam
3004 2323 3056 2361 et
3093 2312 3183 2364 Dei
3218 2312 3553 2364 cliaritateiit.
3584 2316 3860 2379 Quidquid

2274 2380 2410 2445 agis,
2449 2379 2745 2448 prolutura
2773 2382 3022 2432 mercede
3043 2396 3162 2448 age,
3180 2397 3392 2434 averna:
3416 2384 3862 2435 remunerationis

2273 2447 2607 2520 exspectatio
2633 2455 2684 2501 te
2709 2458 2906 2502 teneat.
2933 2447 3173 2518 Amplius
3196 2453 3456 2520 quidquid
3482 2456 3655 2520 egeris
3698 2469 3857 2506 causa

2273 2520 2473 2586 glOl‘itlE,
2513 2517 2614 2570 ltoc
2643 2529 2726 2572 est
2752 2519 2874 2572 lacti
2907 2525 3002 2574 tui.

2343 2588 2435 2639 25.
2465 2591 2519 2642 Si
2547 2589 2756 2641 dederis
2780 2594 2875 2656 ita,
2927 2600 2982 2643 ut
3027 2591 3331 2645 bomittibus
3377 2591 3695 2654 innotescat,
3755 2611 3854 2645 non

2273 2656 2497 2730 boui-ini,
2531 2661 2623 2711 sed
2655 2663 2882 2726 proprias
2925 2675 3167 2727 persona:
3213 2679 3348 2730 pnes
3376 2663 3502 2714 itisti
3524 2705 3537 2722 ,
3573 2680 3669 2714 nec
3709 2669 3850 2730 quod

2273 2729 2338 2803 ad
2369 2743 2604 2803 auertite,
2648 2733 2740 2782 scd
2772 2731 2914 2797 quod
2952 2734 3018 2783 ad
3056 2729 3225 2799 ltujus
3255 2732 3471 2803 [Forte,
3517 2735 3672 2799 hujus
3719 2729 3856 2802 vita}

2271 2801 2495 2866 gloriam
2520 2803 2750 2866 prolicit.
2783 2805 2920 2854 Ecce
2949 2805 3202 2867 accepisti
3234 2801 3473 2866 modica,
3505 2809 3629 2856 data
3656 2815 3741 2856 est
3765 2801 3855 2856 ubi

2275 2885 2461 2921 norma
2491 2872 2734 2934 vivendi;
2771 2872 2914 2924 nulla
2961 2883 3011 2924 te
3046 2875 3340 2940 ignorantia
3371 2883 3619 2936 escusat,
3655 2891 3759 2924 non
3801 2889 3860 2926 es

2271 2940 2379 3008 jam
2405 2944 2527 2992 vita:
2559 2942 2794 3005 nescius,
2826 2957 2929 2994 non
2961 2958 3021 2994 es
3052 2945 3381 3011 imprudens.
3404 2955 3489 2994 aut
3518 2948 3751 3009 ignarus,
3786 2945 3860 2997 le-

2274 3026 2392 3078 gem
2423 3026 2580 3078 quam
2611 3011 2658 3062 di
2683 3015 2772 3064 bes
2815 3013 2986 3082 sequi,
3017 3015 3384 3081 dispositionis
3412 3020 3583 3081 qualis
3612 3027 3732 3066 esse
3769 3020 3858 3066 de-

2278 3085 2424 3143 beas,
2443 3083 2722 3149 descripsi.
2741 3083 3083 3151 Cogitationes
3106 3087 3473 3137 mandatorum
3497 3085 3682 3136 haties.
3736 3084 3853 3135 Jani

2272 3151 2378 3203 scis
2407 3153 2535 3218 quid
2561 3164 2642 3204 est
2669 3160 2811 3206 recte
2833 3156 3036 3215 vivere,
3064 3155 3184 3206 vide
3231 3172 3297 3208 ne
3327 3163 3459 3207 ultra
3491 3157 3749 3214 oll'endas,
3782 3157 3858 3206 vi-

2271 3224 2338 3274 de
2369 3238 2433 3272 ne
2456 3225 2596 3289 quod
2629 3223 2821 3287 recipis
2851 3226 3078 3291 legendo
3107 3233 3424 3278 contemnas
3466 3228 3709 3276 viVendo.
3758 3225 3857 3276 Bo-

2275 3307 2400 3364 tium
2432 3306 2590 3353 scire,
2614 3290 2888 3364 acceptum
2912 3290 3108 3357 retine,
3141 3306 3195 3348 et
3226 3297 3390 3363 imple
3412 3311 3574 3362 opere
3602 3296 3742 3364 quod
3777 3298 3855 3346 di-

2269 3363 2448 3414 dtCistt
2478 3362 2855 3434 praecepiioue.
2895 3364 3023 3418 V'ide
3063 3362 3318 3434 deinceps
3351 3383 3417 3418 ne
3467 3362 3666 3418 bonum
3707 3366 3847 3433 quod

2273 3435 2526 3500 accepisti
2548 3433 2830 3502 despicias.
2867 3442 3058 3488 Amen.

590 3569 3841 3599 _______._______.____________________________

1719 3681 2325 3766 APPENDIX
2402 3683 2648 3764 XVI.

767 3833 1308 3899 ΕΧΗΟΒΤΑΤΙΟ
1355 3838 1824 3902 POENITENDI
1869 3843 2032 3904 CUM
2080 3841 2690 3904 CONSOLATIONE
2737 3846 2835 3904 ΕΤ
2881 3846 3451 3910 MISEIUCORDIA
3499 3850 3630 3911 DEI
3668 3895 3688 3927 ,

1437 4003 1519 4044 ΔΙ)
1562 4002 1820 4046 ΔΝΙΜΔΜ
1867 4003 2120 4046 FUTURA
2165 4004 2418 4046 JUDIC-IA
2462 4002 2929 4045 FORMIDANTBM
2981 3995 3024 4047 ⁸.

726 4127 1091 4189 Curlliictuas.
1109 4129 1302 4192 anima,
1325 4145 1611 4183 mmrornm
1631 4141 1878 4198 quassata
1899 4130 2166 4198 procellis?

729 4201 1017 4268 UStlttequu
1043 4203 1351 4253 tttultiltioda
1383 4202 1702 4268 cogitatione
1737 4205 2004 4255 turbaris?

730 4270 878 4322 Meus
909 4272 1127 4320 confusa
1160 4274 1347 4332 tat-iliis,
1383 4273 1591 4323 itineris
1629 4277 1782 4324 devia
1808 4287 2053 4338 carpens,

729 4339 993 4392 'l'rainites
1022 4340 1264 4406 caliginis
1293 4342 1548 4393 subducta
1583 4346 1694 4393 luce
1743 4342 2022 4409 pereurrit.

623 4410 660 4462 ὅ
730 4411 846 4464 Non
865 4409 1065 4462 ablatas
1081 4427 1090 4458 i
1105 4424 1184 4470 es,
1203 4411 1424 4462 cellulas
1442 4415 1620 4462 tttundt
1643 4413 1888 4480 facesque
1902 4415 2162 4478 suspires,

731 4483 838 4534 Nec
867 4496 1024 4533 casus
1052 4482 1284 4544 lioitorts,
1317 4483 1409 4533 sed
1435 4497 1609 4532 iunias
1640 4483 1832 4534 anima:
1861 4488 2026 4550 plora.

727 4552 840 4605 Non
866 4559 976 4603 haec
1010 4553 1339 4603 deliittctoria
1375 4554 1560 4604 doleas
1589 4553 1747 4603 exitia
1775 4555 1984 4616 carnis;

729 4628 832 4675 Sed
861 4627 1250 4688 peiseveranua
1291 4625 1483 4675 lartari
1519 4631 1780 4674 tormenta
1806 4627 2056 4676 tortttida.

730 4695 833 4746 Nec
848 4708 1110 4744 aerumnas
1135 4695 1363 4746 carceris
1384 4693 1586 4763 abigas,
1606 4694 1799 4760 quibus
1818 4696 1920 4745 line
1933 4692 2162 4758 carebis;

627 4766 691 4817 l’d
733 4766 834 4818 Sed
856 4763 1011 4832 juges
1043 4765 1236 4816 Averni
1270 4766 1509 4816 miserias
1543 4774 1888 4831 prospectans
1919 4769 2084 4827 evita,

738 4837 892 4903 347
937 4845 1064 4898 una:
1107 4842 1190 4886 lnc
1237 4835 1427 4887 redimi
1479 4834 1619 4887 l'acili
1669 4834 1988 4903 compendio
2041 4850 2164 4901 pos-

1928 4918 2053 4958 sunt
2076 4945 2094 4970 ,

1928 4918 2053 4958 Slllll

729 4974 786 5027 Si
833 4974 1015 5027 mundi
1055 4973 1277 5028 aﬁ'ectus
1317 4975 1368 5028 in
1412 4990 1646 5028 amorem
1688 4904 1904 5029 Clll’iSll[
1933 4945 2153 5030 conver-

1976 5055 2054 5100 tas
2075 5090 2089 5113 ,

731 5115 795 5167 Et
837 5125 887 5167 te
918 5129 1022 5167 nou
1063 5116 1296 5183 negligas
1325 5115 1393 5167 ab
1433 5113 1710 5182 iniquitate
1757 5047 1988 5182 priveris!

727 5186 928 5238 Cuncta
960 5195 1172 5251 peceata
1201 5203 1230 5238 a
1261 5186 1424 5238 corde
1453 5187 1658 5238 divulsa
1707 5187 1976 5252 propellas
2001 5227 2015 5247 ,

626 5255 694 5308 15
734 5256 841 5310 lies
877 5258 1081 5324 iniquas
1113 5259 1323 5323 penitus
1351 5272 1584 5318 remove,
1615 5259 1912 5324 salu-utque
1943 5271 2159 5322 percus-

1973 5341 2087 5390 sus,

1973 5341 2062 5380 sus

731 5394 1000 5462 Abhorre,
1031 5405 1088 5450 iit
1119 5395 1426 5450 sinceritate
1457 5395 1575 5448 rudi
1625 5397 1701 5450 vel
1757 5411 1879 5450 sero
1911 5324 2152 5452 ri-uite'as.

728 5466 936 5536 Abjecit
975 5478 1026 5522 te
1071 5467 1299 5522 mundus
1393 5468 1800 5536 percussitque,
1843 5470 2160 5610 {Sscripsih

1914 5551 2086 5594 ertstt.

1878 5540 2086 5594 derisit.

659 5682 683 5708 ⁸
725 5673 848 5727 Vide
869 5674 1182 5746 lsidoriatta,
1211 5693 1259 5732 c.
1293 5680 1380 5737 81,
1407 5696 1459 5734 n.
1497 5680 1560 5733 19
1587 5686 1640 5732 et
1664 5691 1814 5748 seqq.

2194 4241 2248 4301 D

2419 4128 2596 4193 Quare
2641 4144 2748 4184 non
2793 4129 3104 4184 consideras
3133 4131 3256 4200 quid
3287 4148 3315 4184 a
3357 4140 3415 4184 te
3458 4131 3720 4211 Christus,
3751 4148 3855 4211 ex-

2419 4269 2533 4322 Non
2566 4271 2795 4324 liuntana
2827 4288 2982 4324 manu
3012 4272 3132 4324 talia
3170 4281 3224 4326 te
3265 4272 3466 4340 perpeti
3497 4202 3780 4339 militiam?

2304 4338 2376 4393 20
2415 4341 2518 4393 Sed
2553 4341 2666 4393 haec
2701 4345 3010 4408 provenisse
3040 4345 3218 4394 divino
3244 4338 3444 4410 judicio
3474 4338 3657 4397 crede.

2412 4411 2634 4463 lrritasti
2661 4427 2845 4465 conira
2884 4425 2934 4466 te
2973 4415 3251 4465 Dominum
3284 4413 3481 4466 otl'eusa
3523 4413 3741 4475 diducti,

2412 4483 2513 4546 Qui
2565 4491 2616 4533 te
2664 4482 2846 4551 ﬂagris
2884 4499 3116 4552 arguens
3161 4487 3414 4550 Corripit,
3465 4495 3715 4604 coetlclet,
3763 4483 3850 4536 af-

3609 4559 3622 4604 1
3651 4564 3770 4604 ait-

2411 4621 2631 4689 Flagelli
2666 4621 2934 4690 impendio
2987 4633 3165 4676 monet
3192 4663 3208 4684 ,
3255 4633 3317 4675 .ut
3340 4633 3522 4676 enata
3550 4555 3850 4689 (3.1.3123

2413 4691 2480 4744 Et
2505 4695 2681 4760 agnita
2714 4695 2982 4760 paenitens
3026 4695 3284 4762 corrigas,
3317 4695 3628 4816 distringas,|
3655 4710 3848 4816 timen-

3693 4783 3773 4816 es.

3693 4783 3773 4818 εδ.

2301 4836 2373 4890 25
2415 4835 2526 4889 lloe
2555 4838 2755 4888 sentire
2784 4834 2983 4902 debes,
3035 4838 3176 4906 quod
3224 4837 3438 4889 instanti
3467 4765 3850 4899 νθώυίτὲθῖἶιιι.

3592 4915 3742 4958 Satus

3592 4915 3742 4958 Satus

2420 4977 2486 5032 Ut
2516 4975 2805 5029 benevolus
2831 4989 2859 5026 a
2892 4977 3031 5028 malo
3076 4987 3388 5046 segregatus
3424 4905 3662 5038 existlas,
3758 4945 3773 4967 ’

2421 5049 2486 5102 Et
2514 5048 2810 5124 perniciosa
2839 5061 3112 5113 respuens,
3143 5051 3350 5100 innoxia
3381 5060 3610 5113 quaeras.
3723 5117 3731 5124 η

2415 5121 2534 5172 Vult.
2575 5118 2907 5169 contritionis
2949 5133 3089 5170 nunc
3145 5129 3195 5172 te
3237 5120 3544 5171 enuntiare
3594 5118 3848 5182 camino,

2412 5195 2530 5254 Quo
2560 5187 2820 5239 conﬂatus
2853 5190 3100 5255 pristinas
3129 5190 3366 5242 vitioretu
3394 5190 3579 5240 sontes
3607 5189 3848 5239 amittas.

2304 5258 2371 5314 30
2409 5264 2516 5315 Cur
2543 5271 2674 5326 ergo
2723 5272 2815 5325 per
2858 5275 3136 5328 quicquam
3178 5262 3402 5312 ditl'osus
3447 5267 3845 5398 meliictﬁrrtgivua

2410 5400 2490 5454 Ad
2515 5403 2715 5459 calcem
2742 5393 3008 5458 examinis
3035 5415 3224 5453 sensus
3261 5400 3342 5451 tui
3372 5393 3564 5465 collige
3601 5409 3847 5464 gressus.

2410 5471 2624 5527 D.scttte
2649 5490 2741 5529 cor
2770 5485 2950 5534 tuum,
2976 5469 3182 5523 cautius
3212 5476 3477 5536 interroga
3513 5478 3769 5521 mentem.

2410 5541 2547 5608 Quid
2579 5546 2930 5600 ludibriosum
2979 5541 3196 5603 retinet,
3243 5542 3325 5594 vel
3354 5549 3537 5608 gessit,
3585 5544 3848 5606 exponat.
