4180 6178
579 255 714 314 1255

1364 260 1451 313 AD
1489 261 1544 315 S.
1592 260 1840 317 lSiDOl'il
1886 261 2331 319 HISPALENSIS
2366 263 2591 321 OPERA
2633 264 3105 323 APPENDICES.’

3716 272 3739 324 1
3749 270 3853 324 264

580 385 928 452 procurante,
952 374 1120 444 (cum)
1151 372 1374 452 necllum
1406 386 1521 425 eam
1572 388 1892 452 quaererem,
1949 376 2151 452 iuveni.
2187 377 2232 434 Α
2264 385 2659 452 ωιετῃηῐηρηοη
2697 377 2927 432 incurrat
2953 380 3300 452 supplicium;
3346 396 3464 436 nam
3497 397 3526 437 a
3563 384 3845 452 punitione

647 446 698 501 5.
736 448 874 501 Ecce
914 449 1019 511 jam
1061 461 1165 497 non
1209 445 1428 496 minimo
1469 452 1712 509 tempore
1758 446 1808 500 in
1840 454 1972 501 atstu
2023 447 2162 499 allii-

574 520 766 576 ctionis
778 517 893 585 ejus
908 516 1236 581 desurlo,sub
1252 514 1600 585 districtionis
1617 516 1732 583 ejus
1750 518 1928 580 regula
1950 517 2154 571 laboro.

572 590 705 645 Cum
737 582 845 655 ipsa
876 586 1204 640 contendens
1239 582 1541 652 quotidiana
1601 582 2000 642 esaminatione
2048 590 2158 638 «lis-

574 661 769 720 cutior,
808 673 1051 724 pressura
1085 656 1225 708 illius
1258 671 1478 721 magnos
1506 657 1638 710 mihi
1681 658 1911 725 gemitus
1971 658 2152 723 trahit,

575 742 629 786 et
657 731 885 783 flereuie
926 727 1047 795 quia
1070 726 1405 792 deliquerim,
1427 727 1594 794 magis
1626 727 1900 795 magisque
1923 731 2157 793 compel-

572 800 659 862 lit,
690 810 743 853 et.
764 801 960 867 gratias
988 797 1078 849 tibi
1111 797 1318 850 referre
1374 798 1567 862 juguer
1599 796 1750 851 docet
1775 813 1871 865 pro
1899 799 2154 866 patientia

577 883 664 924 tua
691 884 898 937 magna,
934 882 1035 935 qua
1067 867 1265 921 diutius
1317 868 1614 921 sustinuisti
1649 883 1733 921 me
1763 869 2154 931 lascivientem,

571 953 623 995 et
654 942 877 994 servasti
905 950 1113 1003 tempus
1139 938 1507 1001 correctionis,
1541 953 1647 1007 quo
1670 938 1851 992 relicta
1895 940 2151 1007 praevari-

572 1013 787 1064 catione
809 1018 1173 1072 converterer,
1207 1023 1273 1061 ne
1297 1020 1569 1075 peccatum
1597 1010 1930 1062 iuceSsanter
1974 1022 2155 1078 perse-

570 1097 762 1149 quens,
797 1083 848 1135 in
879 1091 1135 1133 internum
1187 1093 1307 1131 cum
1340 1090 1557 1146 peccato
1595 1082 1859 1143 perirem;
1914 1090 1969 1133 et
2014 1095 2152 1133 nunc

574 1152 995 1207 misericorditer
1020 1149 1268 1203 erudiens
1296 1164 1382 1201 me
1413 1153 1461 1202 in
1489 1151 1631 1217 virga
1664 1159 1773 1215 tua,
1800 1153 2043 1216 operaris
2068 1164 2153 1202 sa-

574 1223 742 1278 lutem
768 1237 961 1281 meam,
976 1221 1295 1274 subtrahens
1317 1219 1383 1271 de
1404 1220 1747 1286 corruptione
1770 1219 1927 1272 vitam
1954 1235 2150 1283 meam,

571 1302 627 1347 et
654 1294 883 1347 animam
912 1291 977 1345 de
1017 1290 1257 1346 interitu.
1291 1298 1348 1342 ut
1397 1294 1587 1344 scirem
1617 1288 1933 1344 electionem
1982 1290 2152 1345 bono-

570 1380 689 1419 rum
723 1365 899 1433 iniqua
934 1360 1297 1429 prmtergredi.

645 1436 700 1488 6.
728 1434 792 1487 Et
819 1428 918 1486 hoc
938 1428 1224 1485 conlidens
1245 1442 1429 1498 spero,
1457 1428 1580 1495 quia
1607 1430 1742 1483 sicut
1765 1428 2015 1483 iuduxisti
2040 1443 2153 1497 poe-

570 1504 815 1558 nitentiae
856 1502 1251 1564 tribulationes,
1299 1502 1370 1553 ita
1400 1509 1453 1553 et
1476 1499 1820 1569 indulgentiae
1854 1499 2152 1569 miseratio-

569 1590 667 1629 nes
692 1574 985 1643 impertias.
1010 1573 1124 1625 Non
1150 1569 1322 1643 solum
1350 1579 1559 1643 autem,
1579 1568 1671 1643 sed
1695 1580 1751 1624 et
1776 1568 2031 1623 benedico
2055 1584 2153 1623 no-

576 1660 698 1699 men
743 1640 984 1698 sanctum
1030 1649 1197 1705 tuum,
1236 1640 1356 1709 quia
1388 1640 1636 1694 dismtisti
1667 1652 1915 1694 eventum
1940 1643 2148 1705 mortis,

570 1730 639 1771 ne
675 1716 725 1769 in
760 1713 961 1783 peccati
982 1722 1205 1792 torpore
1239 1711 1549 1792 ati-PQIIQIII
1600 1711 1980 1792 sempiternam
2010 1712 2152 1764 desi-
2183 1732 2229 1792 Β

570 1780 796 1854 ρει-ριη’;
829 1794 885 1837 et
905 1780 1207 1854 subvenisti
1237 1781 1364 1835 milii
1386 1782 1453 1834 de
1478 1781 1636 1854 longe
1663 1781 1946 1854 providens
1974 1794 2151 1854 reme-

565 1850 711 1910 dium
744 1853 1035 1909 curationis
1063 1866 1214 1916 meae,
1238 1866 1303 1905 eo
1354 1851 1491 1920 quod
1526 1853 1705 1905 ulcere
1734 1850 1983 1920 pestifero
2014 1850 2149 1905 lacc-

564 1936 736 1979 ratam
768 1924 999 1979 animam
1032 1937 1201 1976 meam
1229 1919 1386 1991 hujus
1420 1921 1748 1989 pteuitentiae
1776 1919 2150 1975 medicamini-

567 1996 667 2049 bus
697 1994 979 2050 tradideris
1010 1992 1322 2047 Sanandam.
1350 1991 1493 2046 Bona
1520 1992 1660 2045 enim
1691 1991 1819 2044 mihi
1852 1999 1935 2044 est
1962 1991 2150 2045 stimu-

569 2066 694 2120 latio
720 2066 889 2126 illius,
918 2079 1035 2131 qua:
1066 2062 1388 2117 offensiones
1414 2064 1710 2130 prmtcritas
1746 2058 1931 2129 fugere
1967 2061 2145 2131 docet,

566 2146 622 2192 et
648 2135 852 2190 futuras
877 2129 1073 2190 cavere
1100 2148 1184 2187 me
1214 2129 1526 2201 praemonet.
1558 2131 1702 2187 Leve
1750 2139 1937 2199 reputo
1960 2129 2144 2199 jugum

569 2209 751 2263 oneris
779 2205 917 2276 ejus,
948 2204 1071 2274 quia
1097 2203 1372 2276 graviores
1404 2203 1542 2276 tollit
1569 2202 1837 2276 cruciatus
1864 2216 2023 2276 quam
2066 2202 2149 2276 in-

570 2278 729 2343 ferat,
748 2270 941 2332 et'dum
959 2270 1323 2343 temperanter
1339 2273 1552 2341 premit,
1571 2272 1895 2327 aeternaliter
1912 2270 2144 2325 redimit.

641 2349 694 2401 7.
727 2346 987 2401 Atnabilia
1030 2354 1152 2398 sunt
1182 2344 1308 2398 mihi
1335 2344 1543 2397 vincula
1575 2343 1734 2407 illius,
1766 2356 1884 2407 qua:
1910 2355 2051 2395 nunc
2094 2343 2143 2396 itt

568 2433 737 2490 parvo
762 2413 1345 2490 ligaut,ut_absuluttt_m
1374 2416 1759 2490 inperpetuum
1788 2409 1999 2490 faciant.
2026 2411 2146 2490 [fla-

568 2482 692 2545 cita:
719 2482 844 2542 sunt
870 2488 1166 2542 exteriores
1186 2487 1371 2540 sordes
1398 2485 1563 2549 illius,
1581 2499 1645 2537 eo
1666 2482 1805 2554 quod
1834 2483 2143 2554 earumdem

568 2556 1163 2615 scabrositateiuterius
1193 2556 1368 2609 anima
1418 2555 1639 2624 piaculis
1685 2552 2028 2624 emundetur.
2084 2552 2147 2624 [ξι

567 2633 784 2684 suavior
814 2642 953 2682 nunc
978 2626 1106 2681 mihi
1130 2635 1210 2680 est
1236 2626 1351 2693 ejus
1374 2620 1692 2690 amaritudo,
1715 2637 1875 2693 quam
1915 2620 2145 2693 dulcedo

568 2701 858 2753 luxuriosae
911 2698 1035 2751 vita:
1092 2696 1145 2751 in
1204 2692 1488 2764 praeterito,
1511 2696 1633 2762 quia
1657 2692 1750 2762 per
1797 2693 1938 2747 illam
1984 2692 2143 2745 vitam

566 2770 741 2823 anima
761 2766 1102 2836 prmfocalur,
1127 2779 1220 2835 per
1243 2766 1395 2819 istam
1418 2780 1544 2836 vero
1564 2765 1630 2836 ab
1651 2764 1953 2836 huiusmodi
1972 2770 2144 2836 inerte

570 2831 895 2910 resmghur.
926 2838 1078 2905 Quod
1124 2831 1227 2910 :illa
1273 2834 1580 2910 sordidavit,
1620 2831 1740 2910 ista;
1775 2833 1953 2910 diluit.
1990 2831 2142 2910 Quod

566 2903 864 2966 rrueuiavd
885 2903 993 2972 illa,
1021 2907 1261 2961 medetur
1282 2915 1334 2959 et
1354 2915 1506 2960 sanat
1528 2904 1661 2958 lucc.
1689 2903 1900 2959 Sieuiui
1926 2904 2139 2955 noxium

568 2979 811 3035 exterius
840 2994 1115 3033 cernerem
1156 2977 1208 3030 itt
1242 2991 1470 3045 corpore
1494 2975 1732 3045 vulnus,
1756 2986 1846 3027 aut
1903 2973 2132 3045 aliquem

568 3053 893 3106 intrinsecus
912 3050 1163 3103 sentirem
1186 3042 1450 3100 viscerum
1472 3044 1732 3107 dolorem,
1758 3046 1902 3098 ocius
1919 3042 2138 3096 omnino

566 3122 631 3173 ad
654 3120 913 3175 medicum
939 3132 1234 3183 currerem,
1261 3118 1546 3170 secandam
1567 3130 1686 3169 cum
1705 3113 1978 3169 doloribus
1999 3112 2139 3166 ferro

569 3191 836 3245 traderem
866 3204 1102 3253 carnem,
1135 3197 1189 3241 et
1222 3186 1385 3256 iguito
1414 3186 1752 3239 crcmandam
1780 3185 2039 3256 cauterio,
2060 3194 2141 3236 at-

563 3277 668 3325 que
687 3275 848 3316 causa
884 3257 1195 3329 reparandae
1225 3255 1413 3311 salutis
1451 3256 1782 3309 amarissima
1813 3255 2000 3309 bibere
2031 3268 2139 3307 non

552 3343 865 3386 recusarem
896 3329 1152 3383 autid0ta.
1314 3349 1350 3379 ρ.

633 3406 688 3458 8.
716 3402 827 3455 Cur
853 3416 979 3469 ergo
1018 3402 1114 3454 ista
1160 3398 1380 3452 mulertc
1414 3399 1600 3461 feram,
1654 3411 1749 3466 per
1787 3412 1908 3466 quae
1961 3395 2137 3450 anima

565 3471 635 3526 dc
657 3470 1215 3539 scn‘tpiternointeritu
1254 3469 1415 3539 360
1443 3470 1599 3524 saluti
1634 3478 1900 3537 perpetua:
1928 3474 2137 3521 restau-
2164 3472 2165 3479 ‘

557 3542 741 3596 ratur?
768 3541 903 3606 Quid
954 3543 1241 3596 retribuam
1301 3544 1417 3603 tibi,
1455 3541 1593 3593 Deus
1653 3540 1907 3605 piissime,
1933 3550 2139 3591 amator

562 3614 837 3665 hominum
868 3620 921 3663 et
950 3615 1184 3664 clemens
1209 3608 1530 3676 justtlicator
1557 3619 1916 3676 peccatorum,
1936 3621 2031 3675 pro
2056 3607 2137 3661 his

558 3698 680 3750 quae
710 3678 1000 3749 praestitisti
1034 3680 1209 3733 tu.hi?
1240 3682 1289 3733 (ἐκ
1316 3681 1468 3733 licem
1496 3678 1682 3750 salutis
1712 3678 1990 3750 accipiam,
2035 3691 2139 3750 no-

556 3747 678 3806 men
712 3747 857 3807 tuum
892 3751 1086 3804 obiude
1115 3764 1233 3802 cum
1279 3750 1519 3803 laudibus
1547 3748 1850 3815 invocabo;
1901 3749 1949 3800 iu
1999 3747 2135 3801 viam

556 3824 678 3876 vita:
710 3821 965 3878 reduxiSti
992 3835 1206 3891 gressus
1259 3835 1430 3891 tuens,
1462 3830 1639 3887 grates
1664 3820 1757 3872 tibi
1790 3820 1990 3891 referre
2030 3833 2133 3891 non

554 3896 814 3947 desinam.
850 3891 973 3947 llazc
998 3888 1097 3946 'est
1125 3893 1265 3944 enim
1294 3889 1376 3944 via
1420 3906 1513 3959 per
1542 3904 1697 3958 quam
1739 3891 1807 3944 de
1836 3888 2022 3942 inferis
2068 3888 2134 3940 ad

552 3972 747 4018 cretum
782 3967 1090 4027 recurritur,
1123 3964 1189 4015 de
1217 3958 1435 4030 peccato
1451 3961 1515 4014 ad
1540 3960 1800 4028 justitiam
1824 3958 2135 4030 reditur,de

551 4034 849 4089 offensione
888 4035 953 4085 ad
995 4028 1376 4101 tuamgratiam
1398 4042 1708 4097 revocatur;
1732 4040 1788 4084 et
1815 4040 1871 4085 ut
1898 4029 1953 4101 in
1984 4028 2136 4082 brevi

554 4105 901 4166 concludam,
933 4104 1110 4159 omnis
1139 4099 1307 4157 ruinae
1336 4102 1450 4157 hinc
1471 4111 1553 4156 est
1582 4101 1866 4167 reparatio.
1893 4099 2017 4154 Haec
2040 4101 2135 4151 de-

552 4175 735 4243 nique,
767 4185 952 4228 orante
976 4174 1264 4227 Publicauo
1296 4173 1348 4227 in
1382 4173 1851 4243 templo,jsuperat
1894 4168 2131 4240 justitias

552 4241 832 4313 Pharisaei,
866 4244 917 4296 iu
944 4243 1043 4296 hac
1070 4243 1243 4297 reddit
1262 4241 1544 4313 jus-liorem
1574 4259 1588 4307 ;
1619 4241 1733 4296 haec
1756 4242 2012 4296 Lazarum
2038 4252 2132 4308 per

555 4312 763 4371 tlaaella
796 4314 1106 4381 temporalia
1132 4313 1197 4365 ad
1228 4317 1461 4381 requiem
1490 4313 1714 4367 deduxit
1736 4323 2011 4366 aeternam.

621 4385 677 4437 9.
705 4383 845 4448 Tibi,
880 4384 1123 4445 Domine,
1151 4386 1264 4435 laus
1295 4394 1347 4436 et
1377 4382 1565 4450 gloria,
1597 4384 1681 4448 qui
1715 4383 1944 4451 percutis
1973 4391 2025 4435 et
2048 4392 2133 4433 sa-

2270 448 2584 525 poznitentia
2610 464 2798 525 nomen
2830 451 3220 525 accepit,quasi
3250 448 3695 525 punitmtia,ilurtt
3726 457 3845 525 ipse

2264 515 2424 587 homo
2446 518 2754 584 pmnitendo
2783 520 2928 583 punit
2951 515 3097 587 quod
3121 515 3257 576 male
3280 522 3517 577 admisit.
3546 526 3676 578 Nam
3704 515 3839 582 nihil

2261 586 2600 662 ίξιιιιᾱλειευηι
2627 603 2761 662 quos
2784 586 3047 643 veraciter
3071 591 3309 658 pceuitet,
3336 593 3436 647 ttisi
3460 603 3513 647 ut
3540 597 3681 662 quod
3703 600 3843 652 male

2263 654 2495 736 fecerint
2513 654 2826 736 impunitum
2849 674 2967 713 esse
2994 654 3095 712 non
3125 654 3322 736 sinant.
3357 663 3433 716 Eo
3446 654 3656 736 quippe
3680 670 3842 722 modo

2262 728 2360 780 sibi
2389 743 2495 802 non
2529 730 2865 802 parcentibus
2894 741 2946 781 tu
2996 733 3187 797 parcis,
3214 733 3364 801 Cujus
3410 728 3842 802 altum‘justutn-

2261 797 2640 866 quejudiciutn
2673 801 2849 853 nullus
2874 810 3209 866 contemptor
3234 797 3430 856 evadit.
3462 797 3706 857 Pal'écm
3750 817 3840 860 εει

2264 877 2442 920 autem
2477 870 2803 933 poenitentia,
2850 870 3113 937 praatcrita
3164 872 3364 936 delere,
3400 886 3451 926 et
3499 874 3675 928 futura
3732 892 3842 932 non

2260 937 2561 1010 admittere.
2599 940 2722 1010 Hice
2752 940 3040 994 secundum
3085 941 3480 997 similitudinem
3537 945 3701 999 fontis
3732 962 3839 1010 est,

2260 1018 2317 1081 ut
2364 1009 2406 1061 si
2450 1007 2609 1081 forte,
2645 1009 2985 1081 impugnante
3023 1010 3259 1081 diabolo,
3292 1013 3504 1081 aliquod
3556 1007 3838 1080 peccatum

2261 1079 2555 1146 irrepserit,
2600 1079 2754 1147 hujus
2791 1078 3153 1135 Satisl'actioue
3205 1078 3475 1150 purgetur.
3526 1078 3838 1140 satisfactio

2258 1160 2434 1223 autem
2459 1160 2539 1202 cst
2560 1164 2755 1223 causas
2784 1161 3202 1223 peccatorumiet
3232 1154 3600 1223 suggestioues
3644 1159 3835 1210 exclu-

2256 1221 2407 1294 dere,
2431 1219 2659 1294 _et_ultra
2686 1232 2956 1294 peccatum
2986 1236 3102 1294 non
3123 1219 3354 1277 iterare.
3375 1225 3489 1290 Ipsa
3508 1237 3685 1279 autem
3718 1242 3836 1294 pte-

2256 1290 2476 1361 nitentia
2496 1289 2642 1357 juxta
2671 1292 2976 1359 qualitatem
2995 1290 3315 1347 delictorum
3340 1296 3540 1361 agenda
3561 1305 3679 1359 est;
3706 1289 3829 1351 nam

2255 1361 2394 1433 sicut
2425 1360 2559 1413 levia
2587 1369 2801 1433 peccata
2833 1361 3038 1414 occulta
3064 1363 3305 1416 oratione
3334 1360 3597 1430 delentur,
3628 1369 3697 1419 ita
3726 1382 3840 1433 gra-

2253 1430 2337 1483 via
2370 1444 2549 1509 coraut
2585 1432 2819 1485 Ecclesa
2840 1447 2931 1499 per
2954 1434 3317 1500 paenitentiam
3341 1443 3395 1489 et
3415 1430 3833 1491 satisfactionem

2253 1509 2618 1554 remittuntur.
2984 1554 2991 1560 ,

2326 1571 2411 1623 ll.
2452 1570 2600 1625 Unde
2623 1570 2740 1637 quia
2776 1571 3101 1638 poenitentiae
3151 1573 3443 1629 satisfactio
3482 1574 3687 1641 judicio
3719 1586 3832 1641 tuo,

2254 1656 2359 1693 nou
2391 1640 2623 1693 humano
2650 1653 2922 1712 penSatur,
2953 1652 3005 1696 et
3029 1647 3235 1697 occulta
3257 1655 3339 1699 est
3363 1640 3704 1712 indulgentiae
3733 1640 3837 1700 tuze

2256 1712 2546 1775 miseratio,
2580 1712 2712 1766 flere
2742 1715 2858 1767 sine
2884 1711 3281 1768 intermissione
3329 1731 3551 1771 necesse
3594 1727 3701 1770 est.
3730 1720 3836 1770 Nec

2258 1796 2491 1851 unquam
2520 1781 2829 1853 dejpeccato
2877 1784 3214 1853 securitatem
3248 1785 3446 1839 habere
3488 1787 3834 1853 pteniteutem

2253 1861 2484 1923 oportet,
2516 1851 2638 1923 quia
2667 1853 2879 1907 inimica
2901 1852 3044 1907 illius
3078 1854 3192 1908 hzec
3217 1865 3320 1921 est;
3346 1851 3730 1923 parturitenim
3756 1857 3831 1910 illi

2252 1921 2657 1993 negligentiam,
2676 1932 2729 1976 et
2758 1923 3073 1993 negligentia
3104 1940 3246 1993 saepe
3276 1921 3585 1981 insollicitos
3606 1928 3672 1980 ad
3701 1928 3831 1980 vitia

2254 2000 2523 2063 transacta
2570 1992 2796 2063 reducit,
2827 1992 2921 2047 sed
2960 2003 3163 2047 tantum
3188 1992 3354 2050 debet
3390 2009 3508 2050 esse
3552 2008 3829 2063 promptus

2251 2061 2317 2115 ad
2352 2062 2741 2135 pugnitendum,
2777 2073 3031 2135 quantum
3060 2074 3114 2117 et
3164 2079 3363 2133 pronus
3405 2067 3468 2119 ad
3504 2061 3831 2135 peccandum

2251 2131 2751 2205 exstitit,_ta_ntoque
2772 2131 3050 2205 sublimius
3065 2131 3522 2203 per'ltumilitateui
3546 2139 3829 2205 prolicere,

2249 2209 2450 2269 quanto
2476 2202 2715 2275 inferius
2753 2217 2847 2270 per
2874 2203 3160 2259 elationem
3194 2209 3436 2262 noscitur
3472 2202 3828 2275 prolapsis-se;

2248 2283 2433 2347 etnon
2462 2272 2634 2347 solum
2667 2272 2921 2347 plangere
2946 2276 3071 2347 quia
3108 2277 3304 2347 malum
3342 2272 3485 2346 quod
3515 2272 3672 2347 361
3724 2292 3832 2331 non

2247 2342 2431 2415 debuit
2457 2342 2602 2415 fecit,
2639 2345 2733 2397 sed
2762 2344 2920 2397 etiam
2958 2344 3079 2412 quia
3112 2346 3309 2415 boaum
3360 2342 3466 2402 non
3494 2342 3671 2415 gessi?
3684 2348 3829 2415 quod

2248 2412 2451 2485 debuit.
2481 2412 2861 2485 Cautissimutn
2885 2417 3027 2468 enim
3054 2415 3169 2469 hinc
3188 2414 3296 2482 res,
3329 2432 3435 2472 non
3466 2412 3683 2473 inertem
3703 2412 3828 2485 jus-

2248 2483 2415 2537 tiftcat
2466 2484 2800 2553 operarium;
2854 2485 3164 2552 poenitentia
3214 2488 3361 2543 enim
3396 2501 3521 2542 vera
3580 2491 3637 2542 in
3682 2483 3830 2544 omni

2247 2562 2435 2608 sancto
2458 2569 2621 2621 Opere
2652 2554 2928 2608 sollicitius
2950 2556 3221 2611 auxiatur.

2320 2624 2410 2677 12.
2442 2624 2557 2679 Non
2591 2624 2987 2680 liabetomniuo
3013 2628 3176 2691 risus,
3203 2626 3408 2683 fabulas
3428 2642 3591 2682 vanas
3617 2643 3721 2683 non
3746 2642 3833 2682 re-

2245 2694 2396 2768 cipit,
2430 2709 2604 2763 neque
2631 2695 2911 2749 desideriis
2957 2696 3284 2768 inquinatur,
3337 2700 3595 2768 factisque
3626 2708 3831 2767 proter-

2244 2765 2365 2829 vis;
2399 2776 2609 2819 terrena
2642 2778 2749 2820 non
2772 2766 3121 2831 concupiscit,
3153 2768 3391 2823 cmlestia
3431 2765 3725 2834 desiderat,
3762 2770 3831 2824 de

2245 2835 2351 2908 line
2390 2849 2488 2890 suo
2531 2835 2765 2908 cogitat,
2788 2834 3047 2908 judicium
3107 2835 3345 2893 futurum
3382 2852 3598 2908 semper
3648 2841 3827 2894 inten-

2244 2906 2340 2978 dit,
2372 2906 2679 2978 etgqualiter
2700 2920 2877 2961 coram
2912 2907 3020 2962 Deo
3063 2908 3221 2978 digne
3264 2906 3534 2978 appareat,
3573 2910 3676 2963 hoc
3700 2925 3834 2978 quoa

2247 2977 2372 3030 tidie
2400 2976 2504 3031 sibi
2532 2986 2777 3045 procurat
2803 2993 2819 3041 ;
2887 2978 2984 3031 soli
3017 2976 3365 3043 Deo'utiliiat,
3396 2981 3446 3034 in
3478 2981 3637 3033 nullis
3669 2976 3833 3034 iuun-

2245 3046 2297 3099 di
2329 3047 2553 3115 negotiis
2589 3046 2891 3101 illVlllVilUl‘.
2940 3046 2994 3102 In
3021 3048 3213 3116 vigiliis
3250 3058 3306 3103 et
3352 3051 3683 3104 orationibus
3723 3050 3833 3104 fre-

2245 3118 2589 3185 quentissima
2611 3126 2716 3179 est,
2745 3117 2797 3171 in
2816 3116 3034 3187 ji-juniis
3059 3120 3369 3183 exercitata,
3402 3121 3454 3174 in
3483 3118 3604 3186 cibo
3623 3129 3678 3175 et
3700 3130 3829 3187 potu

2244 3187 2540 3253 moderata,
2567 3187 2615 3239 in
2646 3187 2849 3255 labore,
2880 3196 2936 3242 et
2954 3188 3182 3243 lectione
3226 3190 3461 3255 assidua,
3488 3191 3539 3243 in
3563 3192 3827 3245 cbaritate

2242 3259 2518 3326 peieunis,
2547 3259 2602 3310 in
2628 3258 2870 3312 castitate
2918 3267 3193 3327 perpetua,
3241 3260 3293 3313 iu
3320 3274 3570 3315 sermone
3606 3261 3827 3314 verissi-

2242 3340 2349 3399 ma,
2374 3328 2433 3399 in
2460 3326 2766 3396 juramento
2795 3326 3096 3396 continens,
3128 3329 3350 3399 benigna
3379 3343 3480 3395 εει,
3512 3341 3565 3385 et
3591 3332 3823 3399 patiens,

2243 3397 2440 3468 invidia
2485 3399 2989 3468 nonsucceuditur,
3025 3401 3102 3452 ira
3148 3397 3274 3453 non“
3312 3397 3628 3468 superatur,
3672 3397 3826 3455 cavet

2238 3466 2571 3535 iactantiam,
2608 3466 2959 3523 humilitatem
2989 3479 3152 3534 autat,
3190 3466 3569 3525 contumeliam
3601 3486 3706 3526 nan
3734 3486 3821 3525 re—

2245 3539 2449 3610 pendit,
2477 3540 2590 3591 odit
2618 3539 2892 3610 avaritiam
2917 3580 2933 3601 ,
2965 3540 3094 3607 fugit
3122 3553 3311 3593 vauaiu
3348 3541 3594 3609 gloriam,
3627 3556 3819 3610 super-

2241 3607 2727 3679 biamdetestatur,
2762 3609 2954 3678 gaudia
2986 3612 3216 3679 respuit,
3247 3607 3475 3679 gemitus
3498 3649 3516 3676 ,
3558 3607 3809 3679 suspiria,

2241 3688 2294 3751 et
2320 3678 2688 3732 tribulationes
2722 3678 3095 3751 amplectitur,
3128 3678 3305 3734 sciens
3344 3682 3468 3751 quia
3516 3678 3825 3736 misericor-

2240 3749 2326 3801 dia
2359 3757 2448 3802 tua
2478 3764 2582 3819 non
2614 3748 3003 3818 negligentibus
3025 3790 3039 3813 ,
3093 3765 3261 3819 neque
3291 3748 3586 3805 riu—cutibus
3625 3765 3821 3805 conce-

2240 3819 2412 3885 ditur;
2456 3818 2551 3873 setl
2582 3819 2792 3875 afflictis
2833 3830 2888 3875 et
2935 3818 3187 3874 contritis
3216 3822 3379 3874 corde
3400 3824 3651 3885 donatur,
3681 3822 3822 3874 sicut

2242 3891 2464 3962 ipsea‘i‘s
2489 3906 2502 3941 :
2529 3888 2692 3962 Beati,
2706 3893 2810 3962 μιιὶ
2851 3891 3044 3959 lugent,
3091 3891 3329 3962 quoniam
3358 3892 3456 3962 ipsi
3482 3894 3824 3945 consolabun-

2240 3970 2324 4011 tur
2356 3961 2374 4028 (
2400 3958 2586 4013 Matth.
2621 3976 2672 4024 v,
2700 3958 2797 4028 5).
2855 3958 2922 4014 Et
2963 3958 3155 4015 iterum
3183 3977 3196 4013 :
3237 3960 3326 4014 Va:
3356 3958 3491 4031 uobis
3512 4003 3526 4021 ,
3569 3963 3661 4031 qui
3687 3977 3824 4014 nunc

2240 4030 2416 4102 ridetis
2439 4067 2453 4091 ,
2484 4031 3008 4102 qitoniant_lttgebitis,
3048 4040 3095 4082 et
3128 4031 3311 4100 ﬂebitis
3343 4030 3483 4102 (Jac.
3513 4030 3587 4097 tv,
3614 4031 3669 4097 9,
3709 4032 3819 4100 10).

2241 4100 2306 4153 Et
2332 4103 2652 4173 Apostolus:
2690 4099 2900 4170 Miseri,
2935 4099 3599 4173 inquit,estote,éttugete,
3632 4112 3681 4155 et
3703 4099 3823 4170 plo-

2239 4180 2347 4222 rate
2369 4170 2541 4244 ;_risus
2572 4180 2728 4244 vester
2756 4173 2808 4223 in
2832 4173 3027 4225 luctum
3054 4182 3367 4244 convertatur
3389 4170 3820 4244 [leg.,conrer-

2240 4239 2419 4310 tatur],
2443 4249 2488 4292 et
2508 4243 2751 4309 gaudium
2777 4244 2829 4293 in
2866 4258 3147 4295 maerorem.
3178 4239 3538 4295 Humilidmiui
3559 4253 3676 4296 aute
3700 4243 3820 4295 Do-

2240 4311 2433 4364 minum
2458 4310 2661 4380 [\’ulg.,
2692 4313 2744 4363 in
2773 4320 3045 4379 conspectu
3077 4310 3328 4381 Domni],
3358 4323 3405 4365 et
3438 4313 3682 4366 exaltabit
3708 4330 3816 4366 vos.

2311 4382 2398 4435 15.
2441 4383 2655 4435 Certum
2684 4396 2810 4436 sane
2839 4390 2921 4437 est
2944 4382 3084 4452 quod
3114 4385 3289 4436 omnis
3316 4386 3468 4452 culpa
3494 4384 3617 4437 lletu
3650 4388 3818 4438 resol—

554 4472 676 4520 nas,
707 4445 957 4508 vulneras
979 4465 1033 4507 et
1062 4453 1319 4506 mederis.
1350 4445 1448 4505 Dus
1474 4445 2126 4511 dolorem'transitorium,
2162 4445 2213 4505 Ι)
2239 4453 2401 4513 vitur,
2433 4455 2477 4505 si
2508 4461 2758 4505 renovata
2799 4445 3007 4506 morum
3041 4454 3295 4518 pravitate
3319 4493 3334 4517 ,
3368 4445 3633 4507 transacta
3666 4458 3819 4506 mali-

548 4535 605 4579 et
632 4536 747 4594 post
772 4525 1047 4593 paululum
1080 4521 1640 4594 aiteruajucunditate
1674 4523 1976 4591 refrigeras,
1997 4535 2125 4594 quo-

548 4592 694 4649 niam
714 4592 906 4664 jusuis,
936 4604 988 4649 et
1019 4596 1134 4661 pius
1163 4608 1254 4646 es:
1284 4593 1479 4660 justus,
1511 4592 1632 4661 quia
1662 4608 1993 4662 nequaquam
2036 4593 2129 4664 de-

551 4663 813 4734 linqueuti
838 4666 1042 4733 parcis;
1078 4664 1194 4731 pius
1221 4676 1421 4727 autem,
1453 4677 1573 4731 quia
1607 4667 1881 4731 pteuitenti
1915 4663 2117 4715 miseri-

549 4733 786 4789 cordiam
819 4750 924 4788 non
956 4734 1259 4788 subtrahis:
1316 4734 1633 4800 itcmjusms
1663 4733 1719 4787 et
1745 4734 1859 4801 pius
1899 4747 1978 4795 es,
2005 4735 2125 4800 quia

548 4808 697 4874 prius
734 4807 817 4858 hic
847 4804 1114 4874 hominem
1145 4818 1173 4855 a
1206 4805 1437 4874 peccatis
1460 4803 1738 4866 emendas,
1769 4814 1822 4856 et
1848 4815 2028 4871 postea
2058 4801 2128 4874 ab

546 4871 754 4929 aeterno
784 4873 1045 4943 supplicio
1073 4874 1285 4927 liberas.
1319 4873 1589 4927 l’eccatori
1614 4874 1779 4937 enim,
1810 4884 1864 4925 ut
1896 4871 2124 4940 prietuli,

548 4962 653 4999 non
681 4946 873 5015 parcis,
906 4947 1029 4997 dum
1056 4960 1176 4998 eum
1208 4955 1295 5015 aut
1323 4946 1535 5012 flagello
1568 4943 1843 5012 temporali
1887 4944 1953 4996 ad
2004 4958 2127 5010 pur-

543 5018 812 5085 gationem
844 5017 995 5082 leris,
1027 5023 1113 5067 aut
1139 5014 1339 5083 judicio
1370 5026 1574 5066 aeterno
1598 5015 1924 5085 puniendum
1950 5015 2127 5085 relin-

545 5088 684 5156 quis,
714 5096 804 5138 aut
824 5088 937 5154 ipse
968 5089 1102 5140 inse
1131 5086 1289 5138 homo
1319 5085 1621 5156 paenitendo
1650 5084 1801 5153 punit
1822 5084 1957 5156 quod
1988 5084 2124 5137 male

543 5154 833 5221 cottttuisit,
864 5170 928 5209 ac
974 5156 1194 5224 perinde
1240 5163 1324 5206 est
1364 5157 1501 5224 quod
1526 5154 1857 5222 delinquenti
1909 5167 2123 5219 parcere

549 5242 884 5296 nequaquam
910 5222 1125 5280 diceris.
1154 5224 1382 5296 Nullum
1408 5222 1547 5278 cnim
1596 5233 1871 5291 peccatum
1906 5224 2125 5291 impuni-

545 5295 653 5351 tutu
715 5295 941 5366 relinqui
997 5303 1191 5367 potest,
1225 5295 1474 5367 quoniam
1526 5308 1737 5367 patriam
1774 5301 1986 5360 peceata
2021 5308 2123 5347 tue-

542 5376 764 5433 rentur;
791 5364 885 5421 sed
913 5364 1176 5434 aut‘puuit
1207 5368 1306 5417 huc
1340 5364 1522 5434 homo,
1565 5374 1621 5419 et
1652 5366 1857 5434 liberas,
1879 5378 1999 5416 eum
2034 5372 2121 5429 tu;

543 5448 635 5490 aut
658 5438 703 5490 si
726 5439 813 5493 ille
834 5432 1122 5501 distulerit,
1149 5434 1302 5503 punis
1329 5445 1404 5498 tu,
1425 5432 1575 5504 juxta
1595 5437 1733 5501 quod
1758 5433 1887 5485 dicit
1907 5434 2127 5500 Aposto-

542 5507 621 5560 lus
641 5524 654 5559 :
672 5507 733 5562 Si
764 5524 855 5563 nos
883 5511 1019 5578 ipsos
1035 5508 1412 5577 judicaremus,
1437 5520 1536 5557 non
1562 5506 1733 5578 utique
1746 5503 2123 5578 judicarcmur.

542 5576 703 5642 Quasi
731 5573 967 5633 diceret:
999 5573 1055 5634 Si
1090 5592 1186 5631 nos
1217 5578 1269 5629 itt
1298 5578 1397 5627 hoc
1415 5576 1609 5627 sirculo
1632 5589 1659 5626 a
1687 5583 1901 5641 peccato
1923 5573 2126 5629 discer-

541 5661 810 5710 ucretuus,
853 5663 1005 5716 poena
1039 5662 1133 5701 nos
1182 5647 1404 5716 peccati,
1435 5646 1607 5697 futura
1644 5658 1748 5697 non
1782 5644 2055 5710 plecteret.

614 5716 702 5770 10.
725 5715 955 5775 Net-che
993 5728 1074 5774 est
1108 5732 1235 5786 ergo
1266 5715 1466 5771 ltoutiui
1516 5716 1705 5785 punire
1734 5723 2031 5785 peceatum,
2067 5729 2122 5773 ut

2236 4524 2307 4576 tia
2330 4536 2433 4575 nou
2466 4530 2755 4589 repetatur.
2798 4522 2928 4577 Nam
2962 4538 3067 4576 non
3101 4521 3299 4576 sufficit
3344 4541 3373 4576 a
3404 4528 3542 4577 malo
3571 4525 3815 4577 discede-

2234 4607 2331 4657 re,
2384 4593 2485 4646 uisi
2531 4592 2887 4662 subsequatur
2935 4594 3130 4647 bonum
3173 4596 3333 4647 etiam
3378 4597 3620 4662 operari;
3674 4594 3816 4647 sicut

2232 4665 2486 4734 scriptum
2515 4672 2596 4734 est
2622 4680 2635 4716 :
2670 4663 2881 4717 Declina
2910 4679 2942 4715 a
2977 4663 3144 4725 malo,
3173 4671 3220 4714 et
3251 4665 3333 4731 [ac
3364 4664 3552 4716 bonum
3585 4667 3811 4734 (Psalm.

2233 4748 2419 4804 tum,
2447 4731 2560 4803 ‘27).
2593 4734 2656 4804 Et
2685 4734 2808 4788 alibi
2835 4751 2848 4787 :
2884 4734 3138 4800 Quiescitc
3166 4748 3315 4804 agere
3342 4731 3604 4801 perverse,
3632 4736 3817 4788 discite

2234 4801 2527 4873 benefacere
2542 4872 2545 4873 ν
2575 4801 2727 4873 (lsai.
2754 4820 2792 4869 t,
2826 4804 2893 4857 16
2902 4816 2939 4873 );
2984 4801 3246 4873 quatenus
3272 4815 3485 4873 peccato
3512 4806 3814 4858 satisfactio

2232 4872 2591 4942 paenitudinis
2628 4872 2911 4942 Opposita,
2953 4872 3219 4941 simulque
3272 4876 3533 4942 praeterita
3582 4875 3814 4940 malitia,

2231 4944 2553 4998 succedente
2585 4944 2817 4997 bonitate
2844 4952 3095 5013 cooperta
3121 4954 3177 4997 et
3205 4945 3473 5011 obvoluta,
3501 4956 3709 5013 pereat,
3754 4955 3814 4999 et

2232 5013 2407 5068 minor
2438 5016 2646 5067 inventa
2690 5015 3061 5084 tuortificetur.
3130 5015 3489 5078 Quamobrem
3539 5017 3666 5084 quia
3714 5029 3813 5083 per

2230 5084 2649 5138 satisfactionem
2697 5082 2854 5139 fletus
2902 5085 3045 5151 lapsa
3089 5098 3304 5155 rursum
3350 5082 3573 5155 erigitur
3600 5082 3808 5149 anima,

2229 5164 2283 5207 et
2314 5154 2675 5224 hujuscemodi
2706 5156 2913 5208 lavacro
2944 5152 3131 5207 nitoris
3167 5152 3372 5222 pristini
3406 5152 3594 5222 recipit
3631 5156 3811 5223 digni-

2232 5231 2416 5291 tatem,
2447 5224 2662 5292 expedit
2693 5226 2820 5276 tutltt
2850 5239 3047 5292 augere
3079 5226 3256 5289 fletus,
3282 5234 3336 5279 et
3361 5227 3597 5279 celebres
3623 5224 3807 5279 facere

2230 5292 2497 5363 lacrymas
2542 5308 2704 5360 super
2751 5296 2938 5363 crebro
2988 5296 3239 5363 repetitas
3287 5295 3594 5361 iniquitates
3624 5310 3800 5359 meas,

2229 5362 2361 5434 quas
2408 5362 2866 5422 innumerabiliter
2912 5363 3265 5432 frequentavi.
3328 5366 3443 5419 Νοιι
3491 5367 3632 5418 enim
3667 5367 3803 5419 niibi

2233 5440 2467 5503 plorasse
2512 5434 2760 5488 sullicere
2808 5446 2934 5502 puto
2975 5436 3121 5501 juxta
3170 5437 3374 5501 copiam
3432 5437 3801 5501 delictorum;

2231 5510 2473 5574 plangant
2501 5507 2570 5557 ob
2600 5507 2700 5556 hoc
2727 5505 2941 5559 assidue
2971 5519 3023 5557 tn
3052 5506 3405 5560 amaritudine
3429 5507 3622 5559 delicta
3654 5523 3803 5572 mea,

2229 5576 2275 5645 si
2303 5574 2437 5629 forte
2464 5574 2557 5627 tibi
2589 5575 2794 5642 placeat
2835 5590 3209 5645 usquequaque
3234 5578 3489 5632 mundare
3529 5590 3613 5628 me
3654 5578 3726 5629 ab
3749 5578 3811 5629 il-

2232 5644 2314 5701 lis.
2360 5644 2566 5700 Utinam
2600 5645 2705 5698 mei
2735 5646 2924 5713 capitis
2954 5646 3008 5699 in
3036 5658 3279 5700 cruorem
3309 5646 3494 5699 latices
3520 5657 3805 5699 verteren-

2233 5727 2338 5785 tur,
2387 5725 2441 5773 et
2483 5728 2581 5783 pro
2611 5716 2861 5787 lacrytnis
2900 5718 3214 5787 sanguinem
3252 5714 3565 5782 funderent;
3597 5727 3653 5770 ut
3686 5729 3812 5773 cru-
