4104 6184
385 305 516 363 1265
589 302 880 360 ΑΡΡΕΝΙ).
925 301 1106 358 XVI".
1131 329 1200 342 -
1227 301 1485 358 ORATIO
1526 301 1659 356 PRO
1698 295 2182 355 CORllEPTlONE
2223 297 2424 354 VlTIE.
2461 297 2725 354 FLENDA
2769 298 3044 355 SESIPER
3077 300 3412 359 PECCATA.

3492 297 3632 363 ίέὑῦ

376 425 512 476 delia
538 416 748 489 peccata
787 419 1089 474 ermlelibns
1121 420 1364 474 lamentis
1404 420 1798 482 abstergerem,
1829 415 1945 486 qui-
1973 417 2025 475 Α
2051 424 2124 468 est
2151 415 2227 489 vir
2253 417 2526 489 voluntatis
2553 427 2655 469 ture
2678 431 2696 477 ;
2744 415 2795 468 in
2823 429 3159 489 Ctt‘_]"3__m_a)m
3197 413 3468 489 perficitur
3487 431 3638 489 omne

377 497 475 547 bus
503 509 588 547 me
617 493 742 546 olim
774 493 957 560 ignava
990 492 1226 545 l‘atuitate
1259 493 1505 559 nequiter
1537 489 1826 542 vulneravi.

453 561 538 618 ll.
580 556 856 616 lunuensis
907 561 1105 614 idcirco
1167 556 1355 614 t:rdiis'
1391 569 1636 624 satagens
1691 556 1947 610 evertitur

379 633 552 687 anima
583 648 696 684 mea
719 674 732 692 ,
758 647 876 696 qua:
905 634 1064 683 etiam
1090 632 1302 684 exaruit
1335 629 1616 683 formidine
1646 627 1720 680 tui
1752 627 1947 680 furoris

379 703 649 758 exterrita.
717 695 981 756 conversa
1033 710 1116 754 est
1168 703 1218 754 in
1268 715 1483 754 suci-nm
1531 696 1784 752 absinthii
1837 695 1945 750 vita

381 789 523 846 mea,
555 772 676 846 felle
694 779 913 826 etaceto
942 770 1240 824 redundant
1271 772 1469 846 viscera
1499 783 1638 832 mea,
1661 766 1946 846 ditioribus

382 842 655 911 profundis
706 849 1119 907 corrumpuntur
1161 839 1481 903 pra-cordia,
1531 839 1812 911 susipirium
1852 853 1945 911 _s_u-

383 906 550 981 spirio
597 912 876 980 excipitur,
907 906 958 964 et
1010 911 1236 975 gemitus
1267 911 1319 962 in
1349 911 1602 981 gemitum
1623 909 1804 981 irruit.
1852 906 1944 960 Ti-

384 978 533 1036 more
561 978 854 1036 futurarum
885 995 1169 1050 poenarum
1197 1020 1211 1040 .
1253 990 1306 1033 et
1335 979 1581 1044 praesenti
1616 978 1946 1050 ﬂagellorum

382 1067 614 1106 arrumna
645 1049 951 1106 incurvatus
974 1091 988 1114 ,
1018 1062 1070 1103 et
1117 1051 1426 1103 humiliatus
1461 1064 1577 1103 sum
1610 1061 1776 1116 usque
1808 1049 1858 1101 in
1887 1049 1949 1100 li-

385 1138 540 1188 nem;
593 1137 692 1176 nec
721 1137 931 1189 possunt
963 1135 1124 1174 onere
1157 1118 1434 1188 multipl‘ci
1475 1127 1829 1189 praegravatus
1855 1132 1948 1189 ca-

383 1188 728 1262 puterigere.
763 1191 883 1246 Stat
922 1206 1067 1245 mors
1095 1231 1109 1251 ,
1157 1198 1394 1262 stantet
1438 1190 1696 1242 immensa
1721 1188 1944 1262 crimina

381 1257 562 1316 coram
591 1257 760 1316 Oculis
792 1263 954 1326 meis;
1001 1270 1054 1314 et
1096 1275 1180 1314 res
1224 1259 1363 1312 nulla
1393 1274 1496 1312 non
1528 1267 1629 1320 est,
1663 1257 1803 1311 unde
1833 1271 1948 1323 pos-

382 1335 594 1388 sitesse
623 1331 936 1400 redemptio.
975 1332 1055 1384 0b
1080 1333 1178 1383 hoc
1219 1327 1554 1400 ineﬂabiliter
1575 1328 1944 1400 conturbatus,

385 1419 483 1456 nec
536 1397 983 1472 regimine'utor,
1035 1416 1130 1453 nec
1173 1399 1450 1454 consilium
1505 1398 1742 1466 angustia
1785 1397 1946 1518 #62

385 1487 647 1518 nresstirm
677 1485 843 1518 ustum
875 1473 925 1518 in
952 1469 1332 1518 desnerationis
1366 1469 1603 1518 perducit
1639 1467 1806 1518 articu
1835 1484 1944 1518 um.

384 1467 647 1541 pressurae
677 1485 843 1538 usque
875 1473 926 1525 in
952 1469 1332 1536 desperationis
1366 1469 1603 1538 perducit
1639 1467 1944 1541 articulum,

384 1539 433 1605 ci
459 1544 602 1597 velut
623 1543 674 1596 in
700 1555 909 1595 araneae
933 1541 1021 1595 ﬂlo
1044 1541 1343 1594 consistens
1368 1551 1538 1598 status
1557 1539 1745 1592 mentis
1777 1546 1945 1603 nutat,

385 1620 443 1664 nt
472 1615 727 1676 subruat,
771 1612 1032 1666 interdum
1079 1613 1271 1665 timens
1323 1619 1538 1678 propter
1580 1608 1946 1662 austeritatem

382 1685 657 1746 culparum
685 1723 699 1742 ,
729 1697 796 1736 ne
837 1683 974 1736 nolis
1022 1682 1297 1751 ignoscere
1321 1721 1336 1744 ,
1384 1680 1647 1751 interdum
1672 1678 1947 1751 conlidens

2049 486 2188 554 quod
2232 495 2305 539 est
2335 487 2579 554 placitum
2623 503 2797 539 coram
2847 497 2914 538 te.
2967 485 3064 547 Qui
3108 500 3226 536 cum
3271 487 3338 536 sit
3385 485 3638 549 splendor.

2049 556 2250 623 glariw,
2278 567 2324 608 et
2355 558 2522 624 ﬁgura
2551 555 2848 608 substantia:
2877 565 2978 607 tua:
3002 595 3015 615 ,
3047 566 3252 622 portans
3277 555 3449 608 onmiu
3484 557 3633 609 verba

2048 624 2244 678 virtutis
2283 642 2390 680 sua:
2414 667 2429 690 ,
2477 628 2656 680 sedens
2703 627 2769 678 ad
2799 625 3058 677 dexteram
3084 633 3242 686 tuam,
3279 626 3633 692 purgationem

2051 705 2372 760 peccatorum
2405 699 2597 763 faciens
2618 739 2632 758 ,
2657 708 2701 748 et
2726 707 2772 748 te
2795 711 2884 761 pro
2905 695 3251 764 peccatorbus
3280 695 3631 763 interpellans,

2046 766 2136 832 qui
2181 776 2255 820 est
2305 767 2550 821 universa:
2577 767 2650 820 rei
2680 765 2982 832 principium
3017 774 3065 815 et
3103 765 3222 831 ﬁnis
3251 766 3391 830 (Act.
3423 781 3495 830 iv,
3529 767 3630 831 12;

2049 836 2211 902 Apoc.
2245 852 2283 899 t,
2317 838 2410 904 18;
2442 854 2517 899 Ill,
2551 838 2615 902 7;
2652 835 2886 905 Philipp.
2921 850 2976 905 ll,
3009 834 3105 898 1ος
3144 833 3299 887 Hebr.
3336 850 3371 898 l,
3401 833 3483 904 5).

2123 907 2213 960 l7.
2247 907 2379 971 Quia
2431 917 2485 963 et
2523 918 2648 962 ante
2691 904 2815 962 eum
2848 904 2989 959 nulla
3035 906 3302 959 exstiterit
3355 917 3628 970 creatura,

2049 983 2103 1046 et
2132 992 2224 1042 per
2253 979 2423 1045 ipsum
2467 977 2601 1032 facta
2641 978 2804 1046 cmpit
2832 991 2951 1031 esse
2994 976 3239 1030 universa
3267 984 3531 1042 creatura,
3578 987 3636 1032 et

2048 1045 2164 1114 ipse
2190 1049 2289 1101 erit
2335 1045 2742 1102 consummatio
2764 1047 2939 1100 omnis
2987 1056 3266 1108 creaturae,
3315 1061 3437 1100 cum
3469 1049 3642 1102 linem.

2047 1117 2270 1181 mundo,
2283 1126 2335 1170 et
2346 1119 2599 1181 judicium
2619 1119 2847 1182 dederit;
2865 1117 3112 1187 quoniam
3133 1117 3244 1184 ipse
3261 1115 3454 1187 estvir,
3469 1132 3632 1186 quem

2047 1189 2354 1254 praeparasti
2375 1187 2615 1254 judicare
2645 1189 2794 1243 vivos
2831 1186 2892 1241 et
2924 1196 3181 1251 mortuos,
3214 1201 3315 1241 nec
3337 1186 3542 1254 judicas
3573 1198 3644 1242 tu.

2047 1271 2393 1326 quemquam,
2411 1259 2503 1313 sed
2521 1275 2680 1312 omne
2691 1258 2949 1326 judicium
2961 1255 3150 1310 dedisti
3171 1259 3217 1311 ei
3235 1275 3249 1319 ;
3267 1257 3354 1324 qui
3377 1258 3520 1312 solus
3544 1259 3635 1310 Ita-

2049 1325 2142 1397 bet
2172 1337 2481 1391 potestatem
2517 1325 2759 1397 perdere,
2793 1337 2851 1383 et
2877 1327 3123 1389 liberare,
3155 1327 3275 1396 quia
3305 1328 3630 1396 complacuit

2048 1396 2141 1449 tibi
2185 1398 2234 1450 in
2289 1398 2410 1464 illo;
2461 1396 2705 1453 exaltasti
2752 1413 2872 1453 eum
2898 1411 3058 1462 super
3109 1411 3295 1451 omnes
3343 1397 3530 1462 caelos,
3578 1409 3636 1454 et

2045 1481 2210 1530 super
2237 1481 2446 1522 omnem
2478 1469 2852 1535 principatum,
2885 1476 2938 1519 et
2987 1475 3326 1533 potestatem,
3375 1479 3430 1520 e‘.
3459 1468 3633 1522 domi.

2049 1536 2342 1602 nationem,
2373 1538 2508 1592 dans
2539 1540 2608 1592 illi
2630 1542 2852 1606 gloriam
2883 1544 2940 1591 et
2982 1539 3261 1600 honorem,
3303 1539 3656 1596 constituens-

2048 1622 2170 1660 cum
2201 1624 2360 1674 super
2383 1608 2559 1662 omnia
2585 1624 2749 1677 opera
2805 1622 3055 1662 maumtm
3107 1616 3340 1671 tuarum,
3371 1617 3425 1662 et
3459 1607 3631 1676 subji-

2049 1677 2200 1730 ciens
2229 1680 2470 1734 universi
2501 1680 2602 1732 sub
2645 1680 2864 1744 peddms
2891 1677 3043 1746 ejus;
3093 1692 3187 1744 per
3221 1690 3378 1746 quem
3413 1680 3546 1731 tacta
3574 1691 3630 1734 et

386 1761 601 1829 propter
631 1753 898 1829 lenitatem
943 1747 1424 1806 miscricordiarum
1449 1791 1466 1817 ,
1499 1750 1621 1817 quia
1650 1757 1854 1802 statuas
1883 1748 1944 1802 li-
1979 1765 2027 1825 Β
2052 1747 2407 1829 conditasunt
2430 1750 2606 1803 omnia
2653 1749 2704 1829 in
2736 1750 2988 1828 ρωιίςφι
3014 1749 3064 1800 iu
3101 1758 3274 1810 terra,
3309 1747 3558 1829 visibilia,
3581 1759 3638 1803 et

386 1821 609 1887 licrare;
639 1831 696 1893 et
718 1823 854 1876 inter
879 1836 1028 1893 Spem
1053 1833 1104 1876 et
1131 1833 1328 1893 metunt
1361 1836 1465 1893 non
1496 1829 1579 1874 est
1603 1833 1760 1893 parva
1793 1833 1944 1893 corn-

388 1893 548 1946 motio
575 1892 752 1947 cordis
781 1894 882 1945 mei
910 1889 925 1957 ,
975 1893 1094 1959 quia
1125 1893 1166 1945 si
1201 1891 1278 1945 vis
1308 1891 1549 1958 perdere,
1584 1889 1766 1943 incitat
1789 1891 1945 1956 justi-

387 1965 456 2017 tia
486 2003 501 2025 ,
551 1963 594 2016 si
635 1974 812 2017 autem
847 1964 925 2018 vis
973 1964 1199 2024 salvere,
1235 1964 1420 2016 invitat
1464 1960 1862 2024 misericordia;
1894 1970 1950 2014 et

387 2032 510 2087 licet
542 2033 742 2102 flagella
773 2034 1053 2101 prtrscntia
1092 2047 1406 2086 conversum
1451 2045 1482 2084 a
1512 2030 1744 2094 peccatis
1773 2030 1950 2084 absol-

386 2115 540 2168 vant,
571 2119 717 2156 mens
747 2115 922 2157 tamen
965 2103 1084 2158 ideo
1115 2104 1302 2156 titubat
1331 2142 1346 2167 ,
1379 2117 1445 2156 ne
1473 2102 1639 2170 plaga:
1674 2114 1805 2154 mea:
1845 2116 1948 2154 non

384 2171 650 2226 Sufficiam
678 2175 740 2224 ad
770 2175 1114 2244 expurganda
1149 2173 1324 2226 omnia
1369 2173 1559 2225 delicta
1608 2186 1722 2244 mea
1741 2173 1772 2244 ;_!
1797 2181 1849 2223 et
1879 2179 1953 2224 ta-

387 2259 508 2296 mrn
557 2240 852 2311 sapientize
893 2240 995 2296 tua:
1043 2244 1306 2298 subtilitas
1352 2245 1422 2296 ita
1472 2240 1706 2297 exterius
1754 2241 1954 2309 irrogat

386 2328 590 2382 pmnas,
622 2313 752 2365 Sii'ttl
791 2313 1011 2366 interius
1044 2314 1296 2381 prospicit
1324 2315 1528 2382 culpas.

466 2383 546 2437 l5.
588 2383 691 2438 Sed
716 2384 835 2449 quis
863 2382 930 2440 de
969 2382 1170 2451 judicio
1207 2392 1296 2436 tuo
1343 2381 1538 2450 poterit
1572 2395 1694 2436 esse
1719 2381 1949 2451 quit-tus,

383 2468 503 2506 cum
543 2457 680 2521 apud
729 2454 1113 2508 distriCtionem
1162 2453 1423 2507 examinis
1473 2455 1543 2505 tui
1604 2467 1702 2506 nec
1747 2453 1950 2521 justitia

381 2524 510 2591 jnin
539 2538 722 2578 secura
755 2524 856 2577 sit?
881 2526 924 2578 si
959 2525 1115 2578 etiam
1144 2525 1212 2580 de
1243 2525 1415 2579 orioso
1443 2537 1694 2578 sermone
1723 2522 1954 2577 redden-

382 2594 447 2663 da
465 2603 540 2647 est
561 2596 713 2660 ratio,
733 2593 997 2661 quomodo
1021 2609 1241 2650 securus
1269 2609 1382 2660 ero,
1401 2592 1491 2663 qui
1515 2591 1821 2661 principalia
1838 2607 1952 2646 ma-

385 2659 433 2716 l‘a
453 2659 728 2717 commisi?
753 2659 1196 2719 Nonestomnino
1226 2659 1486 2719 securitas
1517 2659 1570 2718 in
1585 2659 1762 2718 mente
1780 2678 1896 2717 mea
1921 2678 1952 2717 a

383 2734 735 2806 vultnjudicii
769 2736 862 2805 tui,
890 2750 1063 2804 neque
1086 2752 1183 2806 pax
1210 2735 1261 2790 in
1281 2733 1604 2790 conscientia
1637 2747 1799 2788 meaa
1820 2731 1953 2787 fat-ie

385 2805 726 2876 pel'ClllOlUlll
775 2821 1036 2860 meorum.
1097 2805 1220 2860 Ideo
1263 2820 1448 2876 magna
1480 2814 1584 2870 est,
1611 2806 1947 2876 velutmare,

383 2875 633 2927 contritio
651 2881 912 2946 mea,qoia
930 2876 1158 2946 pessima
1188 2885 1272 2930 est
1289 2874 1437 2944 plaga
1452 2890 1592 2930 mea.
1622 2874 1814 2946 Quaero
1839 2889 1954 2940 por-

386 2955 496 2997 tum
525 2944 824 3008 evasionis,
863 2944 942 3002 eti
963 2961 1294 3015 nequaquam
1327 2946 1538 3015 reperio
1567 2944 1834 3013 quomodo
1868 2959 1952 2998 re-

381 3015 527 3086 gredi
548 3017 794 3086 (possim)
813 3019 879 3070 de
895 3016 1078 3086 pedica
1104 3015 1428 3083 deceptionis
1441 3014 1651 3068 Satanae
1667 3014 1956 3086 allaquea-

381 3085 465 3154 vil.
488 3084 647 3152 pedes
678 3102 826 3140 meos
853 3125 869 3150 ,
895 3084 954 3140 et
985 3086 1132 3139 nullo
1157 3086 1317 3140 modo
1349 3085 1635 3154 prmvalco.
1678 3084 1954 3138 Vocil'cror

379 3144 625 3225 dolorum
653 3144 989 3210 multitudine
1018 3165 1319 3223 superatus,
1350 3144 1404 3209 et
1436 3170 1540 3210 non
1565 3155 1748 3225 estqui
1777 3165 1949 3209 eruat.

381 3224 594 3280 Laboro
627 3227 676 3296 in
708 3227 848 3281 luctu
876 3237 927 3281 et
959 3228 1156 3296 gemitu
1204 3226 1563 3294 compeditus,
1615 3224 1690 3280 ct’
1713 3225 1960 3296 desertus

382 3296 438 3350 in
466 3295 710 3364 angustia
740 3295 1009 3361 carceris,
1060 3310 1160 3350 nec
1209 3305 1290 3351 est
1331 3297 1420 3365 qui
1467 3297 1795 3351 conSoletnr.
1841 3295 1954 3351 lleu

382 3367 507 3420 me!
551 3365 653 3419 heu
682 3367 932 3422 miserum
966 3375 1017 3421 et
1045 3366 1342 3422 infelicem!
1391 3381 1546 3436 quem
1573 3382 1744 3436 poena:
1765 3367 1956 3436 justis-

382 3437 537 3491 sima:
585 3446 823 3504 terrent,
875 3452 1030 3506 quem
1081 3436 1306 3492 ultiones
1353 3437 1523 3502 digna:
1563 3442 1953 3504 comminuunt,

380 3521 538 3573 quem
558 3506 770 3577 ﬂagella
799 3516 850 3561 et
886 3507 1058 3577 jurgia
1104 3518 1248 3562 recte
1277 3507 1535 3561 collidunt
1561 3547 1577 3572 ,
1606 3523 1764 3574 quem
1794 3509 1956 3561 vanae

387 3575 721 3630 miseriarum
745 3575 1060 3647 afﬂictiones
1081 3584 1376 3647 opportune
1400 3577 1808 3646 depopulantur,
1832 3579 1957 3644 quia

385 3648 594 3714 peccavi
627 3648 888 3716 nequiter,
911 3643 1440 3769 deliqui—crudeliter,
1464 3643 1638 3702 erravi
1667 3643 1956 3702 vehemen-

385 3727 486 3769 ter.
511 3718 688 3769 corrui
721 3719 958 3769 fortiter!
1056 3733 1102 3769 re
1147 3717 1273 3769 mihi
1301 3759 1316 3769 .
1364 3719 1455 3769 nui
1505 3734 1591 3769 ine
1619 3722 1776 3769 tantis
1806 3719 1956 3769 malis

385 3727 486 3781 ter,
511 3718 688 3772 corrui
721 3719 958 3773 fortiter!
1014 3717 1102 3771 Vae
1147 3717 1273 3772 mihi
1301 3759 1316 3783 ,
1364 3719 1455 3788 qui
1505 3734 1591 3772 me
1619 3722 1776 3772 tantis
1806 3719 1960 3774 malis

384 3789 568 3909 Pttllni,
601 3800 748 3841 tanto
779 3790 918 3842 malo
946 3787 1139 3844 fmdavi
1167 3829 1181 3852 ,
1209 3789 1297 3857 qui
1331 3787 1432 3841 neu
1464 3792 1612 3857 sapui
1638 3790 1860 3854 evitare,
1890 3803 1958 3843 ne

404 3857 622 3909 iiferem
680 3858 747 3909 de
799 3874 1004 3909 veneno
1057 3859 1238 3909 calicis
1287 3860 1523 3909 diaboli.
1569 3859 1711 3909 ouod
1745 3859 1958 3909 necavit

404 3857 646 3962 iiierem'
680 3858 747 3914 de
799 3874 1004 3915 veneno
1057 3859 1238 3915 calicis
1287 3860 1523 3926 diaboli,
1569 3859 1711 3929 quod
1745 3859 1960 3914 necavit

381 3941 606 3982 annnam
635 3941 646 3981 l

459 3998 546 4052 16.
590 4000 650 4052 Et
677 3999 833 4055 modo
865 4015 968 4055 non
997 3999 1287 4071 indigerent
1321 4000 1495 4055 denuo
1524 3999 1774 4054 viviﬁcari
1799 4041 1826 4071 ,ν
1867 4000 1956 4068 qui

381 4070 920 4138 ciicnmspectissime
992 4070 1410 4126 non'custodivi
1464 4087 1532 4124 ne
1595 4070 1958 4125 transfodcrer

381 4139 582 4194 lanceis
608 4141 750 4195 illius
773 4182 786 4206 ,
832 4153 886 4196 ct
934 4157 1107 4196 essem
1137 4144 1298 4197 modo
1331 4144 1449 4196 sine
1476 4143 1694 4196 vulnere
1717 4182 1732 4205 ,
1764 4153 1811 4194 et
1849 4159 1956 4196 non

380 4225 674 4278 qua-rerem
711 4210 1027 4282 medicinam
1047 4250 1064 4276 ,
1092 4212 1180 4282 qui
1203 4229 1309 4267 non
1339 4211 1575 4267 intellexi
1610 4223 1663 4266 ut
1694 4213 1952 4282 fugerem,

383 4289 569 4334 etnon
601 4283 840 4336 irrctirer
886 4281 1090 4352 laqueis
1136 4284 1275 4350 ejus,
1311 4293 1368 4336 ut
1397 4297 1575 4352 essem
1603 4281 1769 4336 modo
1798 4282 1952 4348 liber,

379 4360 434 4404 ct
463 4367 564 4404 non
598 4352 883 4406 clamarem
916 4351 1013 4422 pro
1044 4355 1389 4408 resolutione.
1433 4351 1618 4407 Infelix
1647 4369 1746 4419 ego
1770 4355 1950 4419 ll‘illllt,

379 4423 500 4488 quis
531 4422 706 4476 mede
735 4423 892 4474 tantis
916 4423 1141 4478 nexibus
1173 4424 1454 4486 liberabit,
1483 4435 1535 4475 rt
1557 4426 1624 4477 de
1647 4422 1954 4478 discrimine

382 4493 569 4545 mortis
600 4494 772 4560 hujus,
805 4494 903 4546 nisi
935 4496 1098 4561 gratia
1133 4503 1240 4560 tua,
1271 4495 1426 4548 Pater
1449 4497 1785 4562 omnipotens
1809 4533 1823 4554 .
1858 4508 1951 4560 per

379 4562 563 4614 Jesum
607 4562 877 4616 Christum
914 4564 1194 4617 Dominum
1227 4576 1505 4629 nostrum,
1536 4579 1693 4632 quem
1728 4566 1951 4631 posuisti

386 4632 807 4701 redemptionem
836 4634 886 4686 in
902 4633 1070 4693 salute
1097 4636 1305 4700 mundi;
1331 4646 1382 4688 et
1408 4639 1459 4688 in
1489 4637 1638 4702 cujus
1665 4635 1865 4702 justitia
1899 4643 1954 4689 et

383 4704 801 4758 sanctiﬁcatione
829 4707 1001 4757 onmis
1024 4704 1230 4757 deletur
1261 4706 1526 4771 iniquitas,
1549 4716 1604 4759 et
1629 4707 1952 4759 mortiscva-

385 4784 574 4827 cuntur
605 4775 917 4839 imperium?
968 4775 1057 4843 qui
1101 4778 1268 4845 factus
1297 4786 1378 4830 est
1416 4782 1496 4845 (nt
1524 4777 1777 4844 propheta
1801 4775 1953 4845 dicit)

386 4854 528 4908 petra
569 4847 821 4914 refugium
863 4847 1128 4898 Ita-iliacis
1157 4843 1326 4914 (Psal.
1358 4843 1466 4910 ctu,
1500 4843 1705 4916 1’8),7id
1732 4856 1835 4910 est,
1865 4843 1955 4900 str-

385 4917 589 4985 sceptio
620 4924 676 4967 et
696 4917 918 4971 salvatio
942 4931 1053 4985 pect
1071 4918 1257 4982 atoris,
1287 4919 1352 4969 de
1375 4934 1477 4981 quo
1506 4928 1561 4971 et
1586 4917 1820 4971 Joannes
1842 4919 1948 4970 ait:

385 4982 444 5056 Si
475 4988 587 5052 quis
614 4989 907 5056 peccaverit,
942 4982 1243 5040 advocatum
1288 4987 1529 5041 habemus
1577 4990 1716 5053 apud
1747 4987 1953 5042 Patrem

381 5055 558 5129 Jesum
589 5058 844 5110 Christum
864 5062 1086 5129 justum,
1108 5071 1155 5110 et
1187 5060 1291 5127 ipse
1318 5068 1390 5111 est
1411 5059 1575 5126 propit
1599 5062 1701 5110 alio
1730 5075 1821 5126 pro
1841 5075 1954 5129 pec-

381 5126 508 5176 catis
536 5129 752 5193 nostris,
798 5126 899 5180 non
940 5145 1032 5198 pro
1079 5132 1260 5181 nostris
1301 5141 1528 5194 tantum,
1562 5131 1648 5182 sed
1681 5126 1848 5182 etiam
1861 5146 1954 5198 pro

381 5206 534 5249 totius
588 5200 763 5251 mundi
807 5197 856 5267 (1
879 5197 1032 5252 Joau.
1066 5213 1124 5261 tt,
1159 5201 1256 5267 1);
1301 5202 1351 5252 in
1395 5216 1501 5267 quo
1531 5199 1705 5253 0n.nis
1733 5210 1816 5255 est
1843 5197 1870 5251 a
1903 5211 1955 5256 te

383 5270 668 5321 ιτυιιδιὶιιιιει
697 5271 949 5333 salvatio,
983 5269 1193 5324 (licente
1236 5271 1394 5324 Petro
1439 5269 1676 5325 iudicis:
1727 5270 1846 5324 Non
1881 5282 1954 5326 est

379 5336 430 5387 in
464 5339 565 5390 alio
592 5341 765 5407 aliquo
810 5345 978 5403 salus;
1029 5356 1119 5392 nec
1164 5342 1309 5392 aliud
1353 5358 1535 5394 nomen
1579 5352 1653 5394 est
1703 5344 1794 5395 sub
1831 5345 1954 5396 caele

381 5409 560 5481 clatum
601 5410 908 5481 Vltomiaibus,
959 5411 1010 5463 in
1063 5427 1159 5478 quo
1200 5423 1426 5480 Oporteat
1466 5416 1631 5466 salvos
1666 5413 1799 5481 ﬁeri.
1853 5414 1955 5478 Qui

379 5476 527 5554 habet
559 5480 719 5554 claves
751 5483 922 5532 mortis
947 5492 992 5533 et
1017 5476 1168 5550 inferi
1185 5523 1198 5544 ,
1231 5476 1317 5552 qui
1345 5494 1532 5536 res.rat
1557 5476 1730 5554 portas
1759 5476 1950 5550 abyssi,

379 5557 432 5602 et
458 5551 651 5600 claudit
704 5553 836 5601 ostia
882 5554 1221 5616 tenebrarum,
1244 5551 1451 5619 aperit,
1482 5565 1527 5606 et
1557 5551 1704 5607 nemo
1735 5557 1950 5617 c.audit,

379 5622 594 5692 claudit,
621 5631 666 5672 et
697 5635 840 5672 nemo
865 5625 1061 5692 aperit;
1103 5626 1181 5674 cui
1211 5625 1397 5676 dedisti
1422 5641 1617 5676 ulmum
1649 5634 1954 5692 potestatem

377 5690 430 5743 in
456 5694 580 5765 Cale
608 5691 732 5765 etin
753 5690 1016 5765 tt-i-ra._l_u
1049 5695 1196 5762 cujus
1235 5695 1438 5765 nomine
1460 5711 1606 5747 cuiue
1633 5690 1765 5765 genu
1790 5696 1954 5764 [iacti-

379 5769 460 5818 δυ’
489 5763 798 5832 mitium":
843 5762 1004 5834 333
1050 5764 1360 5821 ιεθτεδῖνὶαηι
1399 5775 1447 5826 et
1487 5762 1838 5838 infectiorttiti;
1865 5766 1952 5838 qui

1983 3117 2030 3181 C

2053 1819 2332 1872 invisibilia
2344 1859 2360 1881 ,
2373 1835 2400 1872 a
2416 1834 2520 1888 quo
2534 1820 2893 1883 continentur,
2915 1819 2964 1870 in
2980 1831 3086 1886 quo
3102 1827 3347 1872 constant
3363 1819 3630 1884 universa;

2055 1901 2148 1955 per
2166 1905 2323 1957 quem
2345 1887 2572 1944 fundasti
2598 1899 2813 1956 terram,
2841 1887 3087 1944 stabilisti
3111 1888 3296 1950 caelos,
3321 1890 3652 1945 conclusisti.

2052 1960 2322 2028 abyssum,
2359 1961 2564 2014 vallasti
2593 1975 2771 2024 mare;
2802 1961 2922 2026 quia
2951 1958 3227 2025 sapientia,
3250 1967 3302 2012 et
3323 1959 3632 2024 consilium,

2055 2029 2221 2083 virtus
2244 2070 2260 2094 ,
2293 2047 2483 2085 manus
2508 2073 2523 2091 .
2579 2041 2632 2086 et
2660 2031 2884 2084 dextera
2919 2039 3004 2083 tua
3035 2031 3146 2094 ipse
3177 2039 3278 2091 est,
3311 2043 3654 2084 concreante»

2053 2109 2108 2154 et
2149 2102 2590 2163 conviviﬂcante,
2655 2113 2976 2168 ccuperante
3021 2110 3179 2163 atque
3227 2100 3653 2156 conviviiieanlc-

2052 2172 2252 2234 omnia,
2286 2183 2338 2226 et
2367 2188 2484 2241 qua:
2514 2182 2636 2224 sunt
2667 2171 2720 2224 in
2748 2171 2994 2224 omnibus
3022 2209 3036 2234 ,
3069 2169 3276 2241 Spiritu
3303 2181 3512 2235 sancto,
3545 2175 3634 2237 qui

2053 2255 2084 2292 3
2117 2251 2167 2294 lc
2194 2251 2247 2294 et
2287 2243 2354 2296 ab
2383 2237 2572 2296 eodem
2613 2241 2722 2294 lilio
2753 2251 2843 2295 luo
2871 2239 3113 2309 procedit
3141 2237 3516 2302 ittcllultililet';
3550 2246 3634 2294 Cui

2053 2319 2108 2363 ct
2136 2323 2235 2379 ego
2262 2312 2330 2365 ab
2359 2314 2574 2366 ineunte
2603 2323 2761 2366 uitale
2793 2313 3018 2364 tidelitcr
3046 2311 3249 2365 credidi
3273 2327 3284 2363 :
3315 2313 3398 2363 cui
3421 2322 3476 2364 et
3508 2326 3633 2379 pet:-

2053 2395 2217 2453 casse
2252 2384 2532 2448 conﬁteor,
2578 2392 2634 2436 et
2677 2398 2708 2438 a
2754 2397 2860 2453 quo
2906 2379 3117 2436 veniam
3166 2381 3428 2450 profunda
3457 2383 3637 2436 cordis

2054 2451 2353 2507 humilitate
2376 2454 2628 2520 deposco.

2128 2521 2216 2576 18.
2259 2521 2433 2592 Unde,
2467 2524 2690 2578 Domine
2721 2523 2792 2576 mi
2822 2521 2946 2577 Jesu
2971 2561 2987 2587 ,
3027 2521 3146 2590 quia
3177 2522 3355 2576 multm
3383 2523 3640 2576 sunt-mi-

2056 2593 2357 2648 serationes
2383 2597 2436 2648 in
2465 2608 2624 2648 manu
2653 2603 2764 2661 tua,
2797 2605 2849 2648 et
2883 2608 2990 2647 non
3022 2594 3220 2661 pateris
3251 2594 3422 2662 pecire
3451 2609 3639 2660 quem-

2054 2677 2236 2730 quam,
2262 2665 2356 2718 sed
2386 2678 2570 2718 omnes
2611 2665 2690 2718 vis
2739 2665 2914 2717 salvos
2947 2664 3062 2716 fieri
3088 2705 3104 2728 ,
3134 2673 3190 2717 et
3216 2666 3281 2717 ad
3309 2662 3652 2732 agnitionem.

2057 2733 2296 2788 veritatis
2345 2736 2558 2799 venire;
2607 2735 2858 2802 quoniam
2905 2734 3238 2788 e.secrando
3273 2743 3498 2787 mortem
3531 2748 3639 2788 non

2057 2802 2337 2874 l.ctaris.in
2369 2804 2662 2874 perditiOne
2706 2806 2982 2867 vivorum;
3034 2819 3207 2873 neque
3245 2806 3324 2858 vis
3361 2804 3637 2874 lttletilttttl

2057 2872 2289 2928 hominis
2311 2914 2327 2941 ,
2370 2872 2466 2930 Sed
2516 2876 2768 2940 salutem,
2794 2883 2847 2928 ct
2873 2875 2942 2928 ob
2971 2872 3355 2929 hanecausun
3387 2885 3438 2928 te
3463 2873 3638 2942 ipsum

2059 2942 2346 2999 lmnnlians
2371 2985 2387 3008 .
2435 2961 2556 3000 cum
2604 2960 2751 3000 esses
2786 2947 2922 3000 Deus
2947 2987 2962 3010 ,
3013 2955 3068 2998 ut
3098 2945 3259 2999 homo
3288 2945 3639 3009 invenretur,

2059 3013 2148 3084 qui
2188 3015 2366 3083 utique
2416 3016 2645 3084 perierat
2672 3059 2687 3082 ,
2720 3016 2831 3069 ﬂeri
2864 3015 3024 3068 homo
3056 3017 3301 3082 dignatus
3335 3030 3419 3071 cs.
3475 3016 3556 3069 Ad
3590 3026 3642 3070 te

2063 3083 2191 3136 mihi
2223 3083 2552 3140 redeundum
2579 3100 2697 3140 esse
2728 3086 2794 3140 de
2827 3085 3352 3154 praevaricationibus
3381 3088 3513 3140 meis
3544 3101 3640 3152 op-

2063 3164 2287 3220 portune
2314 3158 2560 3221 decrevi;
2604 3159 2814 3221 suscipe
2845 3171 2930 3210 me
2973 3159 3022 3209 in
3056 3155 3300 3209 manibus
3331 3156 3434 3209 tuis
3460 3170 3643 3210 rever-

2064 3234 2262 3279 tentem
2294 3241 2414 3280 cum
2445 3227 2655 3282 fletibus
2685 3242 2864 3281 coram
2892 3237 2970 3288 te;
2995 3229 3186 3295 ettcipe
3213 3228 3496 3296 dignanter
3529 3242 3643 3295 pre-

2058 3309 2152 3349 ces
2207 3298 2604 3352 confessionum
2661 3313 2922 3363 mearum,
2979 3308 3030 3351 et
3072 3299 3213 3350 saIVa
3257 3298 3641 3364 conliteutetn;

2062 3364 2171 3418 noli
2202 3377 2548 3422 contemnere
2576 3369 2940 3436 pmnitentiam
2967 3405 2984 3436 ,
3013 3365 3268 3429 Domine,
3303 3369 3526 3433 pmnitet
3553 3383 3642 3423 me

2060 3448 2290 3500 errasse,
2320 3445 2376 3491 ct
2403 3437 2558 3490 doleo
2580 3435 2736 3492 nunc
2763 3439 2923 3490 stulte
2953 3435 3152 3489 dudum
3179 3447 3517 3505 perpetrasse
3547 3453 3642 3492 ne-

2060 3506 2345 3573 quissima;
2377 3507 2470 3561 sed
2502 3508 2608 3561 noli
2636 3523 2665 3560 a
2696 3521 2781 3560 me
2807 3517 3052 3560 avertere
3083 3507 3269 3560 faciem
3303 3518 3466 3572 tuam,
3488 3523 3637 3576 quia,

2059 3577 2104 3628 si
2139 3576 2216 3630 vis
2239 3617 2278 3648 ,_
2306 3587 2455 3648 potes
2504 3593 2588 3632 me
2634 3577 2929 3641 mundare;
2964 3577 3055 3630 tibi
3084 3577 3227 3631 enim
3260 3577 3640 3643 mortiticandi,

2060 3654 2116 3700 et
2144 3646 2440 3701 viviﬁcandi
2461 3687 2476 3712 ,
2509 3659 2564 3702 et
2589 3649 2850 3702 liberandi
2871 3686 2886 3709 ,
2915 3648 3110 3716 ligandi
3137 3655 3192 3701 et
3217 3650 3456 3704 solvendi
3488 3659 3640 3717 pote-

2059 3726 2171 3770 stas
2213 3727 2332 3782 est;
2365 3719 2594 3772 animam
2626 3734 2798 3773 meam
2846 3718 3179 3775 diveisorum
3211 3720 3494 3772 Ci‘lllllllum
3528 3732 3642 3774 tra-

2059 3788 2171 3860 didi
2199 3789 2424 3860 nexibus
2461 3790 2767 3860 illigantlattt
2791 3829 2807 3851 ,
2856 3804 3018 3856 quant
3061 3800 3115 3860 et
3144 3790 3349 3843 scelere
3382 3790 3643 3857 pessimo,

2059 3857 2201 3913 sicut
2231 3859 2470 3928 inSpieis,
2502 3857 2811 3925 vulttcravi;
2843 3861 2991 3912 solve
3013 3897 3027 3922 ,
3060 3858 3319 3924 Domine,
3351 3861 3506 3914 solve
3525 3863 3640 3928 jam

2061 3929 2269 3982 vincula
2320 3931 2443 3983 (tolli
2487 3931 2626 3994 mei,
2669 3929 2860 3998 quibus
2884 3929 2948 3980 ad
2982 3939 3034 3983 te
3059 3930 3148 3982 diu
3176 3930 3350 3982 clamo
3377 3931 3642 3998 multipli-

2059 4002 2192 4054 citer
2219 4002 2477 4069 obligatus
2499 4039 2518 4067 ,
2561 4013 2613 4056 et
2637 4000 2867 4055 cuudato
2900 3999 3102 4054 vulneri
3133 4001 3418 4056 miseratus
3445 4003 3641 4056 adhibe

2060 4071 2397 4125 medicinam.

2135 4142 2221 4196 ill.
2263 4141 2448 4196 ltedde
2474 4141 2602 4196 mihi
2628 4140 2905 4209 pristinam
2930 4139 3215 4198 sanitatem
3241 4159 3256 4208 ;
3283 4151 3340 4196 et
3365 4141 3508 4197 vivat
3529 4145 3646 4200 ani-

2062 4227 2145 4264 ma
2179 4227 2300 4266 mea
2333 4215 2572 4267 remedio
2603 4218 2694 4266 tui.
2728 4213 2908 4265 Dirum
2935 4212 3197 4281 siquidem
3220 4227 3416 4282 arguas
3445 4215 3639 4268 vulnus

2059 4297 2232 4334 meum
2261 4322 2277 4348 ,
2328 4301 2426 4337 nec
2471 4298 2569 4351 ego
2598 4283 2769 4338 dirum
2800 4299 2919 4337 esse
2947 4284 3213 4347 dillilcor,
3248 4293 3299 4338 te
3333 4296 3507 4338 tamen
3539 4285 3641 4340 hoc

2059 4355 2311 4405 incilicari
2346 4355 2709 4407 indubitanter
2741 4370 2894 4422 posse
2925 4356 3170 4419 couudo;
3202 4357 3322 4423 quia
3354 4355 3486 4408 nibil
3519 4370 3640 4410 esse

2061 4423 2152 4476 tibi
2186 4422 2427 4485 dil'licde,
2462 4426 2591 4477 nihil
2622 4424 2952 4492 impossibile
2975 4431 3173 4489 credo;
3201 4422 3269 4479 eo
3289 4430 3428 4492 quod
3461 4432 3638 4479 omnia

2060 4493 2331 4560 possibilia
2358 4497 2497 4562 apud
2534 4495 2833 4560 Dominum,
2863 4508 2914 4550 te
2946 4493 3280 4561 perhibente,
3334 4495 3637 4561 didicerim,

2057 4580 2176 4616 cum
2209 4569 2439 4619 transite
2478 4569 2739 4618 catnrlum
2775 4582 2868 4631 per
2893 4567 3133 4618 foramen
3174 4579 3301 4617 acus
3331 4565 3490 4619 facile
3517 4581 3640 4632 pro-

2061 4635 2291 4688 testaris.
2338 4636 2542 4704 Deliqui
2565 4678 2576 4699 ,
2609 4635 2831 4690 Domine
2852 4678 2866 4702 ,
2896 4636 3093 4701 deliqui
3126 4637 3384 4698 multum,
3415 4644 3469 4689 et
3500 4637 3640 4690 banc

2059 4708 2126 4756 oh
2155 4721 2391 4771 causam,
2423 4718 2558 4759 Sicut
2589 4707 2700 4774 ipse
2729 4705 3020 4774 prmcernis
3040 4743 3056 4769 ,
3093 4705 3464 4759 tribulationes
3503 4722 3638 4761 mea:

2059 4778 2289 4829 dilatata:
2340 4785 2514 4840 sunt,
2561 4788 2716 4828 nocte
2764 4788 2818 4828 et
2864 4776 2956 4830 die
3004 4785 3313 4846 torquentes
3343 4775 3506 4846 365.
3540 4791 3636 4831 cor

2059 4861 2257 4899 meum.
2297 4846 2410 4900 Non
2441 4848 2580 4899 enim
2603 4847 2774 4915 culpa:
2805 4862 2957 4912 mem,
2985 4844 3066 4898 vel
3095 4844 3434 4914 peceatorqu
3467 4844 3634 4914 parva

2058 4918 2359 4984 congeries,
2396 4919 2514 4970 ideo
2538 4921 2686 4970 multi
2709 4918 2938 4984 gemitus
2965 4917 3094 4981 mei,
3119 4925 3172 4970 et
3210 4932 3362 4972 utens
3391 4931 3506 4971 mea
3530 4931 3636 4971 ma-

2056 5002 2174 5057 gna:
2206 4987 2624 5054 perturbationis
2651 4989 2932 5051 eversione,
2961 4987 3341 5052 mms’tissima;
3373 4988 3468 5042 sed
3505 5005 3638 5041 con-

2056 5059 2379 5113 stderatione
2410 5072 2719 5126 magnarum
2748 5069 2801 5110 et
2826 5058 3299 5113 innumerabilium
3333 5059 3633 5112 miseratio-

2058 5145 2185 5182 num
2212 5138 2477 5200 tuaruma
2512 5133 2629 5182 lane
2653 5129 2982 5183 discriminis
3008 5144 3228 5200 surgere
3259 5131 3512 5200 paulatim
3548 5145 3634 5182 re-

2057 5201 2234 5253 nitens
2278 5214 2366 5254 me
2395 5199 2589 5253 direxit
2636 5201 2701 5254 ad
2746 5216 2895 5268 Spem
2941 5199 3282 5268 indulgentia:
3315 5201 3482 5269 pietas
3513 5209 3624 5265 tua,

2058 5286 2108 5341 ut
2142 5271 2194 5324 in
2219 5270 2328 5323 fide
2358 5270 2488 5324 nihil
2514 5270 2784 5337 haesitans,
2819 5284 2994 5341 petam
3032 5273 3262 5338 veniam,
3291 5283 3345 5326 ct
3370 5285 3476 5324 non
3506 5285 3636 5326 tito-

2056 5339 2181 5405 tiar,
2205 5343 2298 5395 sed
2329 5343 2525 5395 vivam.

2130 5411 2219 5465 ΞΟ.
2261 5410 2385 5465 Ideo
2416 5426 2662 5466 reversus
2687 5413 2752 5467 ad
2784 5413 3172 5482 percutientem
3201 5427 3310 5479 me,
3341 5422 3398 5468 et
3435 5412 3636 5470 haben-

2057 5490 2162 5554 tem
2217 5493 2529 5550 potestatem
2561 5499 2721 5551 super
2753 5491 2933 5554 plagas
2989 5499 3136 5539 [neas
3162 5524 3177 5549 ,
3223 5494 3275 5539 te
3320 5485 3553 5552 scilicet,
3581 5493 3636 5539 et

2056 5551 2341 5605 Dominum
2394 5570 2572 5607 meum
2590 5595 2605 5620 ,
2655 5551 2820 5610 curvo
2844 5551 2955 5610 _llbl
3001 5569 3170 5626 genua
3197 5571 3313 5610 mea
3332 5597 3347 5621 ,
3369 5570 3424 5610 et
3451 5551 3635 5610 sedula

2055 5634 2299 5696 oratorie
2324 5639 2443 5678 cum
2477 5628 2820 5680 confessione
2849 5628 3196 5696 pmnitudims
3227 5627 3278 5680 in
3316 5629 3636 5684 contritione

2051 5694 2242 5762 jejunii
2264 5695 2527 5767 deprecor
2557 5705 2628 5761 te,
2661 5698 2794 5751 dans
2822 5694 3044 5767 gloriam
3076 5699 3279 5752 notuini
3311 5710 3401 5752 tuo
3432 5701 3482 5752 itt
3513 5697 3632 5753 lau-

2056 5776 2121 5824 oc
2169 5774 2224 5823 ct
2273 5766 2645 5828 benedictione
2668 5766 3144 5847 _li'cqucntiasima.
3204 5768 3316 5828 lloc
3348 5770 3488 5827 enim
3529 5769 3624 5825 do-
