4104 6184
361 292 494 349 1269
568 294 856 352 APPEND.
899 293 1086 350 XVIII.
1119 323 1188 333 —
1215 246 1471 351 OR‘ATIO
1512 292 1645 351 PRO
1684 288 2165 349 CORREPTIONE
2202 291 2410 351 VlTrE.
2454 293 2723 349 FLENDA
2762 293 3031 352 SEMPER
3069 294 3405 352 PEtIlIATA.
3480 299 3637 353 1270'

357 422 441 465 tns
486 413 731 481 contagio
760 429 775 466 :
808 426 1042 482 pra'ceps
1079 410 1153 482 ad
1198 410 1290 465 libi
1313 412 1469 468 linem
1492 452 1504 473 ,
1536 410 1809 482 improbus
1854 407 1919 482 ad
1950 407 1999 466 A
2027 405 2195 461 factus
2218 409 2450 464 sterilis?
2472 408 2605 465 Num
2638 409 2845 482 dolebis
2871 418 3055 463 contra
3082 424 3166 464 mc
3188 409 3248 482 in
3275 419 3612 482 perpetuum,

357 477 723 548 petulantiam,
755 477 1006 550 frequens
1026 481 1091 535 ad
1125 484 1405 543 luxuriam,
1439 480 1827 535 inverecundus
1855 477 1921 532 ad

356 553 779 618 fornicationem,
807 554 1008 606 crimen
1032 552 1270 621 quotidie
1298 552 1506 606 crimini
1537 564 1931 618 superponens,

359 639 464 677 non
493 624 699 678 cessavi
732 624 978 690 pessimis
1000 624 1265 677 deteriora
1294 622 1627 690 contingere,
1657 622 1934 673 voluntate

354 695 527 760 dirus,
561 705 734 747 mente
765 707 977 762 pravus,
1011 694 1246 746 muribus
1275 693 1611 757 inhonestus,
1633 690 1796 744 corde
1821 690 1936 757 pol-

357 765 523 829 Intus,
554 775 606 819 et
637 764 792 819 labiis
840 765 1206 833 blasphemus,
1238 763 1523 817 iracundus
1566 770 1620 816 et
1649 773 1932 821 contume-

357 836 539 889 linsus.

334 938 338 949 η
424 906 515 959 '28.
562 904 787 968 Propter
835 904 974 974 quod
1023 902 1342 964 confundor,
1378 912 1432 957 et
1475 901 1738 974 erubesco
1789 916 1935 974 nunc

356 976 617 1030 extollere
638 972 865 1038 oculos;
882 977 1151 1042 indignum
1176 989 1260 1026 me
1283 974 1464 1027 videre
1491 973 1731 1026 coelestia
1756 972 1931 1024 sidera

351 1044 611 1111 judicans.
641 1044 748 1100 Sed
791 1044 874 1099 fac
907 1056 1125 1111 prepter
1150 1044 1372 1111 gloriam
1406 1044 1635 1096 neminis
1666 1041 1762 1107 tui,
1792 1042 1935 1095 Deus

353 1129 522 1169 meus.
569 1116 717 1169 Pone
763 1115 892 1169 mihi
924 1114 1197 1169 conﬁtenti
1232 1115 1323 1165 tibi
1356 1114 1561 1167 veniam
1600 1112 1653 1166 in
1685 1114 1933 1173 salutem,

353 1195 406 1254 et
436 1185 782 1254 indulgentiae
833 1185 1069 1239 concede
1117 1183 1408 1237 remedium
1427 1224 1441 1245 ,
1470 1192 1526 1234 ιιι
1554 1182 1826 1254 propitius
1853 1180 1934 1234 ef-

352 1252 544 1318 fectus,
565 1251 724 1325 atque
754 1255 1049 1322 placabile,
1071 1254 1253 1309 deleas
1277 1254 1521 1325 universa
1548 1251 1781 1325 facinora
1812 1265 1934 1318 pec-

352 1335 596 1379 calorum
628 1322 889 1391 nieorum,
932 1334 985 1379 et
1015 1339 1120 1379 non
1163 1322 1403 1392 requiras
1430 1322 1734 1390 iniquitates
1763 1337 1932 1388 meas,

350 1410 483 1460 quas
510 1395 806 1463 juventutis
826 1435 840 1459 ,
872 1404 927 1449 et
974 1393 1288 1463 ignorantize
1318 1408 1451 1446 mete
1491 1392 1655 1459 gessit
1695 1401 1826 1445 tetas
1855 1392 1934 1444 lu—

350 1464 518 1528 brica,
547 1464 714 1530 rudis,
748 1464 973 1529 lasciva,
1005 1479 1160 1529 vana,
1205 1472 1261 1518 et
1306 1464 1586 1529 insipiens,
1620 1463 1683 1515 ad
1732 1463 1931 1517 malum

331 1547 538 1600 prona,
570 1536 636 1587 ad
684 1535 879 1589 bonum
924 1536 1242 1604 pigerrima,
1276 1534 1431 1588 velox
1476 1533 1540 1585 ad
1587 1540 1834 1604 mortem,
1865 1535 1931 1587 ad

349 1604 511 1657 vitam
542 1604 802 1671 difﬁcilis,
827 1606 914 1659 cui
944 1620 1106 1659 exosa
1134 1613 1260 1659 sunt
1305 1618 1468 1672 opera
1498 1603 1653 1667 lucis,
1684 1612 1737 1656 et
1782 1612 1934 1658 tene-

348 1672 1086 1744 brarumamantissinumqua:
1113 1674 1307 1730 cadere
1354 1672 1552 1742 diligit,
1581 1687 1800 1744 surgere
1828 1688 1933 1744 Vnc-

2038 489 2257 549 propter
2289 488 2563 546 peccatum
2589 481 2735 549 parvi
2765 480 3199 548 tetnporis,quod
3224 491 3311 535 tua
3338 480 3611 545 providen-

2038 548 2109 602 tia
2143 550 2459 618 disponente
2490 548 2780 606 exsecraris
2807 559 2862 605 et
2888 551 3183 604 abhorrens
3209 549 3468 619 pmniten,
3493 565 3616 605 cum

2037 619 2137 672 sim
2161 634 2263 687 ego
2295 631 2541 675 creatura
2585 636 2649 677 ex
2683 630 2822 676 terra
2856 630 2910 674 et
2935 621 3116 675 cinere
3146 619 3529 688 corruptibilis.
3562 629 3619 676 et

2038 690 2299 748 mortalis.
2322 702 2374 741 ttt
2398 701 2571 744 autem
2604 693 2738 744 Deus
2760 700 2968 745 creator
2996 690 3411 759 incorruptibilis
3439 699 3493 745 et
3515 691 3616 745 im-

2039 762 2314 831 mortalis?
2342 760 2587 831 Nnnquid
2634 761 2927 816 obduratus
2972 762 3022 815 in
3054 762 3335 815 clementia
3373 761 3615 815 attritum

2038 838 2093 883 et
2134 830 2613 885 humiliatum’non
2659 834 2933 899 exandies,
2984 841 3075 886 aut
3117 831 3382 899 jndicabis
3432 832 3621 897 punire

2038 900 2381 955 conﬁtentem
2414 902 2530 966 tibi,
2562 912 2652 955 ant
2679 903 3049 955 obsecrantem
3086 910 3137 955 te
3158 900 3468 970 disperdere
3491 916 3618 955 cen-

2038 971 2168 1039 ses?
2197 971 2311 1023 Non
2341 972 2412 1026 ita
2440 973 2676 1036 credam,
2724 988 2823 1025 nec
2861 972 2997 1026 velle
3024 981 3074 1026 te
3122 970 3455 1039 suspicabor,
3495 973 3615 1037 quia

2037 1036 2140 1112 hoc
2164 1041 2415 1112 impium,
2445 1042 2609 1112 368
2635 1051 2689 1096 et
2712 1050 2899 1096 contra
2924 1053 3168 1096 naturam
3207 1036 3402 1112 divina:
3451 1036 3617 1112 pieta-

2039 1110 2130 1163 tis.
2163 1109 2283 1165 ldeo
2322 1109 2546 1180 suppleri
2566 1109 2635 1166 Et
2677 1112 2951 1167 conlidens
2976 1125 3142 1166 exoro
3191 1111 3615 1165 misericordiam

2038 1188 2203 1250 tua_m,
2239 1191 2295 1234 ιιι
2322 1183 2607 1248 petitiones
2630 1196 2775 1236 meas
2800 1182 3021 1250 benigna
3050 1185 3320 1236 voluntate
3343 1181 3610 1246 perﬁcias.

2107 1246 2198 1303 51.
2236 1246 2453 1315 lnclina,
2496 1252 2740 1314 Domine,
2765 1246 2948 1306 aurem
2995 1263 3160 1318 tuam,
3193 1261 3249 1307 et
3292 1252 3439 1315 audi,
3470 1251 3619 1319 apt-ri

2036 1320 2220 1375 oculos
2251 1329 2399 1385 tuos,
2423 1331 2479 1377 et
2521 1322 2639 1376 vile
2665 1321 3046 1376 desolationem
3080 1338 3270 1376 meam.
3305 1320 3440 1376 Vide
3472 1321 3615 1375 allii-

2037 1390 2245 1444 ctiones
2293 1391 2511 1456 multas,
2561 1400 2617 1446 et
2656 1392 2919 1453 miserias,
2966 1406 3083 1459 quae
3115 1408 3229 1458 me,
3280 1391 3417 1445 sicut
3462 1390 3616 1459 plau-

2037 1470 2205 1513 etrum
2248 1462 2450 1528 paleas,
2481 1470 2795 1524 conterunt,
2824 1463 2953 1515 sicut
2988 1458 3197 1516 laneam
3228 1458 3415 1526 tinete,
3441 1458 3613 1528 devo-

2037 1540 2176 1593 rant,
2209 1526 2345 1585 sicut
2370 1526 2571 1605 lignum
2616 1532 2881 1600 putridum
2912 1528 3093 1605 [Forte
3133 1538 3271 1605 deest
3298 1526 3613 1605 ignislcou-

2036 1610 2288 1671 sumunt;
2322 1611 2377 1656 et
2419 1601 2652 1656 furorem
2684 1601 2992 1664 mitescens,
3025 1601 3291 1667 suspende
3330 1601 3613 1671 ﬂagellum.

2035 1668 2150 1723 Jam
2182 1673 2443 1727 miserere
2488 1673 2616 1738 mei,
2648 1673 2882 1741 placare,
2913 1681 2968 1727 et
2998 1683 3288 1736 revertere,
3316 1668 3475 1739 parce
3504 1673 3615 1724 ani-

347 1745 527 1820 g'igit;
568 1757 749 1798 amara
780 1755 864 1820 est
890 1745 963 1798 ilrt
988 1742 1243 1820 ξιιιιιςιᾳι
1271 1744 1449 1820 (Ιιιιοίξ⁸
1476 1742 1731 1820 perditio;
1760 1743 1930 1810 solve,
1966 1758 2010 1817 Β
2038 1754 2147 1820 tute
2168 1756 2323 1809 meae,
2348 1756 2507 1809 parce
2534 1745 2767 1820 peccatis
2812 1742 2965 1796 uicis.
3013 1742 3127 1820 Non
3172 1756 3257 1796 me
3286 1742 3617 1820 obliviscaris

347 1812 594 1877 Domine,
645 1830 798 1869 reum
832 1814 1295 1884 inexplicabilibns
1326 1813 1481 1867 nodis
1524 1813 1827 1876 astrictum,
1852 1825 1925 1878 et,

347 1885 587 1951 abruptis
618 1885 823 1954 laqueis
842 1887 1145 1950 criminum,
1174 1885 1323 1939 abire
1348 1885 1514 1938 facito
1544 1884 1844 1949 liberatum,
1875 1894 1931 1940 ut

344 1953 520 2007 salves
553 1971 639 2010 me
682 1953 733 2009 in
765 1958 901 2010 bona
933 1958 1206 2009 voluntate
1250 1965 1356 2020 tua,
1390 1963 1445 2009 et
1492 1967 1596 2007 non
1632 1967 1843 2020 peream
1875 1956 1926 2009 in

346 2037 462 2076 mea
480 2026 701 2092 malitia,
724 2040 897 2095 neque
918 2026 1233 2080 descendam
1250 2026 1299 2079 in
1318 2022 1607 2087 infernum,
1632 2024 1773 2078 unde
1791 2024 1928 2079 ultra

347 2108 451 2165 non
471 2105 551 2148 est
574 2096 851 2160 ascensio;
877 2096 999 2165 quia
1021 2097 1290 2165 cepiosior
1310 2104 1395 2149 est
1421 2095 1788 2165 misericordia
1814 2105 1925 2161 tua,

345 2162 505 2234 367
528 2181 685 2232 quam
706 2162 1043 2233 peccatorum
1072 2162 1311 2219 meorum
1342 2164 1689 2218 abundantia.
1722 2163 1785 2218 Et
1813 2180 1927 2218 am-

349 2233 488 2306 plius
518 2244 571 2289 tu
600 2235 1038 2306 benignissimus,
1071 2251 1227 2306 quam
1257 2249 1356 2305 ego
1383 2233 1759 2306 nequissintus.
1814 2236 1925 2305 Ego

345 2305 560 2372 quidem
593 2303 878 2375 malignus,
910 2318 966 2361 et
992 2303 1251 2375 praeceps,
1278 2303 1331 2358 lu
1364 2303 1537 2358 autem
1563 2303 1727 2369 mitis,
1755 2315 1806 2359 et
1837 2303 1928 2373 pa-

347 2375 522 2441 tiens;
553 2391 653 2446 ego
681 2374 747 2431 ad
790 2374 1149 2431 corruendum
1184 2390 1401 2446 pronus,
1435 2384 1490 2429 et
1519 2374 1742 2440 fragilis,
1772 2384 1827 2428 ιιι
1858 2378 1924 2429 ad

345 2445 660 2516 erigendum
690 2458 987 2516 proruptus,
1016 2457 1069 2501 et
1097 2447 1271 2499 fortis.
1298 2445 1354 2501 Si
1396 2454 1540 2499 retro
1568 2454 1713 2514 gesta
1752 2448 1925 2513 respi-

343 2515 476 2577 cias,
522 2516 811 2584 periturum
852 2515 1006 2571 illico
1053 2530 1307 2580 censeas;
1358 2516 1401 2568 si
1435 2515 1572 2568 velle
1603 2528 1842 2582 prtcsens
1871 2530 1925 2571 et

345 2586 824 2665 votu_m_iutend_.ts,
865 2589 1027 2642 credo
1074 2589 1215 2665 quod
1244 2587 1567 2665 salvarenme
1602 2584 1837 2665 judices,
1859 2601 1924 2643 eo

344 2656 486 2721 quod
517 2657 779 2713 direxeris
808 2673 900 2712 cur
933 2673 1106 2711 meum
1139 2658 1191 2710 in
1238 2655 1519 2710 desideriis
1547 2655 1651 2708 tuis
1673 2696 1687 2719 ,
1730 2655 1924 2724 quibus

341 2735 576 2779 mentem
600 2742 771 2781 meam
799 2725 1076 2781 ardentius
1110 2727 1309 2780 servire
1339 2726 1626 2793 conspicis,
1660 2728 1782 2795 quia
1808 2729 1926 2783 sitit

342 2802 395 2847 te
424 2797 601 2865 anima
632 2812 774 2861 mea,
805 2798 1003 2865 pariter
1030 2807 1083 2851 et
1113 2811 1238 2851 caro
1266 2796 1585 2849 delectatur.
1868 2830 1905 2853 οΔ

412 2864 503 2921 29.
539 2868 762 2921 ltcdime
792 2864 898 2932 me,
943 2868 1167 2921 Domine
1212 2867 1346 2919 Deus
1379 2880 1551 2930 meus,
1580 2865 1646 2919 ab
1673 2867 1922 2923 omnibus

341 2939 599 3007 angustiis
628 2940 779 2999 meis,
806 2947 861 2991 et
890 2939 1095 3007 placeat
1117 2936 1210 2990 tibi
1244 2936 1308 2988 de
1338 2934 1556 2988 interitu
1587 2935 1794 3003 eripere
1814 2954 1917 2992 me.

341 2998 549 3060 lte'voca
578 3022 663 3061 me
688 2998 934 3076 dejanua
963 3008 1169 3071 mortis,
1203 3014 1256 3059 et
1279 3008 1441 3058 reduc
1464 3021 1547 3057 tne
1578 3007 1630 3058 iu
1656 2998 1737 3059 via
1767 3018 1919 3063 teter-

342 3089 430 3135 na,
476 3086 534 3130 ut
561 3075 784 3131 curram
814 3080 865 3129 in
894 3078 1137 3130 semitam
1183 3075 1547 3128 mandatorum
1595 3085 1799 3130 tuorum
1820 3121 1834 3144 ,
1865 3088 1919 3134 et

338 3146 606 3201 ambulem
634 3149 685 3199 in
707 3150 929 3199 veritate
958 3155 1066 3199 tua.
1089 3146 1202 3199 Non
1228 3160 1311 3198 me
1335 3145 1669 3199 tenebrarum
1694 3160 1923 3204 caverna

340 3217 593 3288 retineat,
618 3231 721 3288 non
748 3216 1055 3288 barathrum
1074 3216 1273 3288 abyssi,
1298 3216 1377 3288 vel
1405 3225 1554 3268 antra
1576 3216 1920 3288 concludant;

338 3286 434 3338 sed
466 3286 753 3354 patetacito
783 3286 934 3350 mihi,
984 3286 1072 3340 lux
1102 3284 1254 3351 lucis,
1286 3284 1486 3338 aditum
1529 3294 1745 3340 aeterna:
1775 3284 1919 3346 vitae.

340 3356 540 3409 llesera
575 3366 809 3424 portum,
842 3358 964 3425 quia
998 3366 1050 3407 tu
1092 3372 1150 3411 es
1183 3356 1343 3417 Deus,
1372 3356 1586 3409 contriti
1617 3356 1797 3410 cordis
1826 3374 1922 3414 ex-

335 3425 543 3492 cipiens
574 3428 855 3495 lacrymas,
879 3435 933 3480 et
960 3426 1329 3496 paenitentiam
1361 3436 1645 3493 acceptans
1673 3428 1923 3484 humilia-

336 3496 557 3549 tionem.
614 3497 721 3550 Nec
776 3500 919 3551 enim
976 3498 1249 3551 vocaberis
1316 3498 1366 3548 in
1418 3512 1522 3550 non
1572 3500 1916 3564 peccantibus

343 3566 485 3632 pius,
516 3565 610 3620 sed
638 3582 759 3620 cum
799 3580 1091 3621 conversus
1136 3567 1298 3621 fueris
1346 3565 1528 3633 impio,
1558 3576 1611 3621 et
1656 3573 1920 3633 peccaturi

337 3636 589 3691 misertus
618 3652 646 3689 a
678 3638 836 3694 malo.
870 3638 1093 3704 Semper
1131 3637 1307 3691 corrui
1359 3637 1412 3691 in
1456 3636 1714 3703 deterius,
1764 3648 1817 3692 et
1854 3642 1922 3697 de

339 3706 495 3777 malis
525 3708 574 3777 in
610 3708 793 3777 pejora
821 3706 1014 3760 dellnxt
1040 3724 1054 3772 ;
1082 3708 1177 3762 sed
1203 3707 1356 3760 valde
1380 3708 1583 3776 peritus
1612 3722 1672 3762 es
1703 3710 1916 3777 artifex,

332 3775 509 3847 sciens
534 3775 601 3831 de
629 3776 799 3831 inutili
830 3779 955 3831 ntile
979 3778 1073 3832 tibi
1108 3775 1391 3832 vasculum
1413 3778 1675 3847 ﬁgurare;
1708 3781 1810 3834 hoc
1837 3775 1920 3837 est

339 3845 483 3917 enim
514 3852 583 3898 ab
624 3847 775 3902 initio
804 3862 938 3915 opus
969 3858 1113 3902 tuum
1139 3849 1311 3917 justos
1354 3862 1419 3902 ex
1452 3845 1645 3916 iniquis
1675 3848 1916 3917 efﬁcere,

335 3924 389 3969 et
423 3916 614 3987 dignos
642 3932 711 3973 ex
742 3918 974 3986 indignis
1023 3916 1279 3982 formare;
1312 3919 1519 3987 erigere
1558 3933 1768 3974 rursum
1813 3916 1916 3976 elié

332 3999 447 4060 sos,
494 3995 548 4039 et
597 3988 885 4041 labentium
928 3992 1472 4060 antiquaereparare
1522 3988 1737 4056 ruinas;
1780 4008 1916 4060 quo-

337 4054 504 4122 niam,
537 4066 599 4129 ut_
621 4060 735 4129 ipse
782 4054 1116 4129 protestaris,
1152 4054 1296 4129 ,Nou'
1317 4068 1387 4115 est
1417 4074 1561 4129 Opus.
1582 4054 1730 4113 sanis
1754 4054 1917 4116 medi-

331 4141 424 4179 cus
449 4165 464 4190 ,
511 4126 765 4200 sedrmale
793 4128 1089 4200 habentibus
1113 4128 1328 4200 (Matth.
1360 4126 1583 4196 “(12);
1611 4132 1724 4184 hinc
1752 4136 1913 4187 etiam

326 4211 493 4250 causa
523 4196 649 4271 fecit.
677 4207 727 4252 te
755 4200 806 4271 in
838 4199 977 4253 hunc
1007 4196 1263 4254 mundum
1301 4200 1651 4271 descendere,
1700 4212 1756 4255 ut
1788 4218 1914 4271 pec-

326 4275 539 4347 catores
567 4268 994 4347 salvosfaceres,
1026 4287 1254 4347 quorum
1280 4269 1622 4339 printipatinr
1645 4286 1745 4347 ego
1769 4268 1909 4347 sum;

334 4345 389 4391 et
423 4341 470 4389 si
500 4345 663 4411 tunc,
693 4341 939 4394 inimicos
985 4342 1320 4395 adversarios
1358 4356 1577 4395 aversos
1621 4351 1676 4397 et
1722 4342 1913 4411 impius

331 4420 451 4479 cum
480 4406 754 4463 doloribus
787 4420 888 4462 tute
919 4413 1182 4479 passiOnis
1230 4412 1405 4463 salvos
1454 4414 1626 4465 facere
1670 4406 1885 4467 voluisti

326 4475 533 4550 amicos
564 4494 703 4535 nunc
749 4456 1039 4534 convei'sos
1065 4456 1133 4535 et
1156 4456 1481 4550 pteniteutes
1510 4482 1733 4550 perdere
1761 4456 1909 4547 ponte.1
1941 4460 1992 4521 Ῑ)

329 4546 443 4597 ι’ιεῖ
475 4547 649 4619 Absit.
681 4550 919 4604 Delectat
943 4566 1065 4605 vere
1098 4546 1175 4613 te,
1199 4546 1585 4619 peccatoribus,
1612 4567 1654 4604 SI
1688 4546 1909 4607 conver-

333 4622 531 4680 tantur,
565 4617 861 4689 indulgere,
895 4624 983 4689 qui
1020 4637 1114 4689 pro
1145 4617 1515 4689 peceatoribus
1544 4631 1770 4675 mortem
1798 4639 1909 4679 non

327 4689 589 4742 recusasti
615 4692 905 4757 suscipere.
931 4692 1411 4758 Namnequaquam
1444 4706 1539 4758 pio
1567 4692 1760 4760 iniquis
1783 4709 1907 4749 cru-

323 4760 810 4830 cemascenderes,
845 4764 890 4816 si
923 4764 1118 4830 iniqu.s
1150 4775 1369 4828 parcere
1396 4776 1695 4816 recusare~.

402 4826 490 4880 '50.
524 4830 579 4887 Si
602 4831 741 4884 enim
776 4826 965 4898 legioni
998 4826 1302 4885 dictutantum
1330 4834 1682 4898 impaeniteuti
1715 4840 1770 4887 et
1793 4832 1908 4890 sine

327 4896 580 4967 lacrymis
624 4896 907 4973 porcorum
939 4917 1155 4972 gregem
1196 4896 1487 4970 expetitum
1540 4918 1645 4956 non
1677 4908 1903 4973 negasﬁ,

327 4981 526 5035 quanto
558 4972 723 5040 magis
754 4976 946 5026 anima:
980 4973 1123 5025 ﬁdeli
1155 4974 1443 5026 tertlettbus
1474 4973 1786 5040 imprecanti
1834 4972 1908 5028 la-

328 5040 487 5112 cilius
511 5042 806 5095 concedere
839 5056 1173 5111 peccatorum
1205 5040 1409 5096 veniam
1440 5044 1736 5112 promptior
1764 5044 1906 5100 eris?

325 5107 493 5163 Fidus
511 5113 601 5186 _ob
631 5113 730 5163 hoc
751 5107 856 5186 tibi
875 5115 1211 5186 ptenitcutiae
1259 5129 1310 5167 tu
1332 5130 1392 5167 at
1433 5107 1620 5180 preces
1648 5123 1704 5168 et
1731 5115 1903 5186 lacry-

327 5193 443 5231 mas
469 5181 655 5242 offero,
686 5184 916 5236 salv.ibis
952 5199 1037 5237 me
1079 5184 1218 5239 sicut
1245 5197 1298 5237 et
1328 5195 1554 5238 caeteros
1596 5200 1730 5252 quos
1771 5181 1906 5240 deti-

324 5251 507 5316 qtti-se
537 5252 775 5316 paenitet.
812 5256 905 5311 An,
939 5255 1217 5307 ittleCuItda
1264 5258 1563 5309 remanebit
1591 5251 1659 5309 ex
1690 5273 1794 5315 me.
1823 5258 1903 5312 vel

327 5321 377 5395 in
413 5335 497 5395 me
529 5322 703 5395 solum
737 5323 904 5395 arida,
938 5332 991 5375 et
1021 5326 1165 5377 irrita
1218 5325 1308 5379 ﬁet
1340 5327 1554 5390 liducta,
1594 5338 1647 5380 et
1680 5328 1905 5395 promis-

324 5389 407 5441 sio
449 5391 661 5456 pietatis
683 5401 737 5444 et
768 5394 1106 5465 indulgentiae
1130 5404 1252 5459 tute,
1279 5412 1374 5465 per
1400 5412 1557 5464 quam
1586 5389 1771 5450 onmes
1798 5400 1902 5451 sal-

325 5469 519 5535 vantur
539 5475 813 5535 conversa:
843 5464 1187 5531 cognationes
1219 5464 1408 5519 terrai?
1439 5468 1683 5535 Nunquid
1717 5468 1768 5520 in
1798 5483 1903 5520 uno

325 5530 620 5594 pwttilettle
641 5530 1092 5606 Δεἰει.λὶιιιῖιιιιῖιιείυῐιεῑ
1124 5538 1287 5589 multa
1324 5530 1609 5590 cletlleulia
1645 5550 1752 5599 tua,
1784 5552 1903 5606 quia

323 5614 594 5677 nunquam
621 5602 799 5657 dando
841 5614 1012 5671 potest
1042 5606 1318 5677 minorari,
1354 5621 1452 5661 nec
1502 5608 1727 5677 alicujus
1779 5602 1907 5676 ege-

327 5672 477 5745 statis
505 5670 698 5745 elfectu
742 5675 1088 5727 coarctatur?
1137 5675 1383 5745 Nunquid
1414 5677 1466 5728 in
1521 5693 1607 5730 me
1639 5670 1837 5731 'solum'
1852 5691 1903 5733 te

324 5740 651 5812 continebis,
670 5759 735 5803 ne
759 5745 1022 5816 postulata
1044 5740 1287 5815 largiaris
1309 5746 1693 5807 misericordia:
1725 5750 1907 5807 lrucm

2035 1811 2087 1863 itt
2117 1809 2298 1877 ﬁnem,
2326 1828 2434 1866 non
2475 1809 2603 1866 mihi
2640 1812 2693 1866 in
2737 1822 3048 1881 perpetuum
3102 1811 3372 1876 irascaris,
3398 1827 3501 1866 non
3531 1826 3616 1864 tne

2030 1894 2414 1953 usquequaque
2438 1883 2678 1947 deseras,
2706 1898 2876 1950 neque
2909 1884 3202 1950 periturum
3231 1882 3491 1953 ullatenus
3521 1881 3615 1935 de-

2029 1950 2340 2020 relinquas,
2358 1954 2451 2008 sed
2480 1954 2700 2009 restitue
2725 1953 2855 2007 mihi
2884 1955 3109 2022 gratiam
3138 1961 3304 2017 tuam,
3332 1961 3384 2005 et
3406 1950 3626 2006 salvum

2030 2036 2117 2075 me
2156 2023 2238 2093 fac
2267 2024 2319 2077 in
2352 2023 2468 2079 loco
2500 2023 2742 2090 periculi,
2775 2039 2883 2093 quo
2908 2023 3052 2092 jacet
3073 2036 3199 2076 caro
3223 2036 3347 2093 mea
3373 2022 3611 2093 praestri-

2027 2101 2113 2144 cta
2147 2091 2310 2159 ferro,
2342 2108 2595 2163 percussa
2628 2091 2820 2162 plagis,
2855 2091 3067 2162 fatigata
3099 2092 3291 2160 poenis,
3330 2092 3465 2146 fessa
3494 2091 3611 2147 lan-

2027 2163 2304 2231 guoribus,
2355 2165 2604 2219 humanis
2634 2165 2845 2219 deserta
2872 2168 3037 2227 curis,
3082 2172 3356 2231 segregata
3387 2175 3612 2215 consor-

2032 2232 2135 2302 tiis,
2168 2234 2385 2300 quadris
2431 2236 2678 2290 obserata
2718 2234 3019 2302 lapidibus,
3068 2234 3121 2286 in
3168 2231 3527 2297 sterquilinio,
3559 2238 3617 2286 et

2026 2300 2284 2357 fetoribus
2307 2305 2455 2373 justo
2480 2305 2682 2373 judicio
2728 2300 2930 2371 dedita,
2974 2306 3026 2358 in
3058 2302 3291 2359 tenebris
3321 2311 3375 2356 et
3408 2302 3624 2356 umbris.

2027 2373 2318 2428 mortiferis
2347 2375 2617 2429 diuturnis
2636 2374 2878 2443 exposita
2909 2373 3158 2429 miseriis.
3190 2376 3321 2438 Qua:
3347 2374 3459 2441 ipse
3483 2388 3615 2426 cun-

2025 2454 2110 2522 eta
2143 2446 2427 2522 prospicis,
2454 2448 2543 2517 qui
2570 2445 2728 2502 sedes
2772 2460 2933 2515 super
2960 2446 3263 2511 cherubim,
3304 2452 3361 2498 et
3389 2444 3621 2514 abyssas

2024 2520 2266 2568 itttneris.

2095 2580 2184 2636 52.
2228 2584 2347 2656 .lam
2382 2585 2600 2656 antiqua
2647 2586 2781 2642 facta
2808 2596 2891 2643 est
2921 2596 2977 2643 et
3004 2594 3213 2641 vetusta
3243 2583 3533 2656 contritio.
3560 2592 3613 2639 ει

2025 2654 2311 2727 percussio,
2330 2671 2469 2721 mea,
2501 2654 2597 2710 nec
2628 2668 2707 2711 est
2752 2662 2840 2727 qui
2871 2668 3196 2713 memoretnr
3247 2654 3458 2727 pietatis
3484 2665 3610 2727 tuin.

2023 2737 2197 2791 neque
2227 2726 2315 2793 qni
2348 2738 2701 2794 compunctus
2726 2722 2891 2783 corde
2941 2728 3195 2796 recogitet
3235 2724 3421 2779 dicens
3447 2741 3461 2775 :
3493 2722 3611 2777 Jam

2023 2804 2241 2871 propter
2272 2796 2555 2871 Dominum
2590 2798 2885 2871 miserebor
2916 2795 3179 2865 mortalis,
3212 2795 3421 2871 mortali
3452 2803 3612 2871 aeter-

2022 2877 2149 2916 num
2183 2866 2327 2920 dedit
2353 2882 2651 2933 carcerem,
2685 2868 2991 2936 ferrumque
3022 2882 3278 2936 perenne.
3307 2865 3610 2933 Ereptionis

2023 2947 2128 2985 non
2160 2944 2245 2986 est
2268 2937 2399 2990 mihi
2431 2939 2794 2992 misericordia
2828 2949 3120 3002 reservata,
3149 2936 3359 3006 judicio
3381 2949 3498 2988 smn
3528 2939 3610 2988 ir-

2023 3007 2310 3076 revocabili
2337 3009 2747 3075 condemnatus,
2777 3010 2896 3076 quia
2930 3024 3034 3062 non
3074 3005 3312 3062 dictum:
3346 3005 3604 3076 Reverta-

2030 3088 2149 3147 ηψπ
2176 3075 2454 3147 itltpertire
2485 3081 2689 3133 veniam
2718 3074 2974 3147 perituro.
3010 3078 3331 3142 Recordare,
3368 3074 3609 3147 Domine,

2031 3141 2519 3202 miscricordiarum
2552 3141 2763 3203 tuarum
2814 3164 2973 3215 super
3004 3163 3110 3215 me,
3143 3158 3196 3201 et
3221 3160 3441 3215 gravem
3473 3145 3612 3201 hanc

2026 3222 2185 3289 autne
2214 3217 2511 3289 praeduram
2553 3228 2694 3272 muta
2746 3223 3090 3289 sententiam,
3123 3219 3248 3287 quia
3296 3226 3349 3271 tu
3372 3216 3608 3289 dixisti:

2024 3283 2139 3337 Non
2166 3286 2369 3355 al'ﬁiges
2398 3289 2450 3341 in
2473 3299 2733 3342 aeternum
2764 3283 3264 3355 proximum'tdum,
3294 3288 3417 3353 quia
3448 3287 3609 3341 mise-

2024 3354 2313 3427 ricordiam
2346 3358 2487 3420 volo,
2517 3369 2571 3413 et
2598 3373 2703 3411 non
2732 3354 3078 3422 sacriﬁcium,
3109 3369 3268 3427 atque
3294 3361 3480 3410 contra
3506 3357 3612 3410 im-

2026 3421 2303 3495 pietatem,
2329 3440 2432 3494 qua
2457 3428 2580 3482 licet
2605 3427 2748 3495 jttste
2775 3428 2997 3492 morior,
3026 3421 3089 3481 tu
3111 3421 3310 3491 tamen,
3341 3427 3466 3493 quia
3492 3427 3609 3494 pius

2022 3507 2103 3558 es,
2151 3492 2444 3550 clementer
2476 3492 2763 3564 vitae'para
2805 3498 3145 3568 suffragium;
3201 3498 3469 3565 impende,
3495 3492 3607 3568 Do-

2025 3568 2191 3627 mine,
2242 3567 2501 3635 propitius
2554 3570 2828 3636 divinum,
2888 3566 2993 3623 ubi
3019 3571 3307 3623 humanum
3364 3566 3608 3629 recessit.

2022 3636 2313 3703 auxilium;
2349 3638 2537 3693 unicus
2587 3648 2788 3694 tantum
2834 3640 2925 3693 tibi
2976 3640 3196 3695 relictus
3225 3653 3374 3702 sum;
3419 3646 3474 3692 et
3511 3638 3607 3692 ade-

2016 3702 2143 3771 juva
2175 3720 2259 3760 me
2288 3708 2606 3763 solitarium.
2637 3708 2752 3763 Non
2798 3712 2873 3764 sis
2918 3710 3047 3764 mini
3087 3711 3293 3765 alienus
3331 3709 3383 3762 in
3414 3707 3609 3763 diebus

2020 3782 2298 3846 angustiae,
2326 3793 2498 3847 neque
2518 3780 2858 3850 derelinquas
2882 3780 2934 3833 in
2960 3792 3197 3849 tempore
3225 3779 3605 3850 tribulationis,

2021 3856 2306 3915 protegens
2335 3851 2606 3906 custodire
2632 3864 2719 3906 me
2741 3848 2847 3905 nou
2891 3852 3212 3918 desiuaspet
3238 3848 3429 3904 fovens
3456 3849 3609 3904 alere

2019 3930 2089 3969 ne
2115 3931 2316 3972 cesses.
3060 3944 3063 3949 ’

2088 3984 2177 4040 55.
2208 3989 2477 4044 Conﬁrma
2527 3992 2715 4045 oculos
2754 4000 2872 4047 tuos
2923 4006 3087 4058 super
3117 4006 3222 4057 me,
3255 4004 3322 4046 ne
3366 4003 3628 4059 pereann.

2020 4065 2171 4111 tuere
2218 4069 2273 4113 et
2317 4062 2559 4115 salvilica
2612 4079 2730 4127 me;
2762 4074 2880 4117 esto
2930 4062 3126 4117 auitnte
3172 4077 3305 4116 mea:
3342 4061 3503 4115 simul
3550 4069 3607 4114 et

2017 4129 2231 4197 corpori
2264 4131 2579 4199 viviliCator,
2607 4142 2662 4185 et
2687 4133 2814 4199 vita,
2848 4147 3192 4200 omniumque
3234 4131 3602 4186 inﬁrmium".

2017 4214 2255 4252 mearum
2285 4210 2521 4266 sanator,
2554 4213 2609 4256 et
2635 4205 2855 4270 sanitas,
2888 4214 2946 4256 ut
2973 4203 3150 4255 vivam
3181 4216 3404 4257 munere
3433 4201 3603 4254 bette-

2019 4270 2124 4321 licri
2156 4273 2251 4338 tui,
2287 4281 2342 4324 et
2365 4272 2661 4326 collaudem
2693 4284 2744 4327 te
2773 4273 2826 4327 iu
2855 4274 2960 4328 vita
2989 4288 3105 4326 mea
3141 4288 3323 4327 coram
3348 4270 3603 4326 fratribus

2015 4338 2168 4413 meis,
2198 4342 2372 4394 donec
2398 4342 2650 4413 placatus
2694 4344 3046 4413 inspiratione
3095 4354 3183 4397 tua
3209 4387 3222 4411 ,
3269 4354 3323 4398 et
3364 4342 3609 4411 quiescat.

2017 4409 2313 4484 indignatio
2346 4412 2649 4467 tribulantis
2678 4409 3062 4484 tne,'quoniam
3096 4414 3187 4467 tibi
3210 4409 3454 4484 'po:es_tas
3495 4422 3598 4476 est,

2016 4487 2073 4531 ut
2100 4480 2185 4554 lite
2214 4484 2376 4554 corda
2407 4486 2703 4553 principum
2738 4480 2951 4554 corpori
2999 4480 3273 4553 plaeentur
3300 4481 3593 4547 inﬂectere,

2012 4558 2068 4621 et
2098 4549 2206 4605 ilhc
2255 4568 2282 4603 a
2317 4552 2508 4609 futuris
2542 4549 2715 4621 poenis
2752 4549 3275 4616 ani-mam'liberare,
3305 4555 3391 4606 cui
3440 4567 3601 4621 nemo

2012 4620 2251 4692 dicturos
2280 4631 2364 4677 est.
2397 4641 2412 4677 :
2443 4620 2579 4689 Quid
2611 4626 2819 4679 fecisti?
2848 4640 2947 4679 nec
2990 4625 3270 4692 quisquam
3318 4620 3601 4677 resultabit

2006 4687 2214 4763 jtttltci'u
2245 4702 2353 4758 tuo,
2389 4687 2560 4761 sicque
2588 4696 2844 4749 voluntati
2873 4687 3089 4749 resistet
3112 4687 3323 4763 {neque
3354 4708 3482 4747 VL‘I‘O
3510 4706 3599 4745 au-

2010 4762 2162 4834 tlebit
2188 4778 2414 4834 arguere
2443 4779 2568 4818 tunc
2597 4766 2863 4834 quispiam
2897 4779 3045 4818 reum
3064 4803 3078 4827 ,
3120 4762 3275 4834 quem
3311 4774 3365 4819 tu
3396 4775 3535 4815 nunc
3564 4779 3609 4815 a,

2012 4832 2183 4899 culpis
2233 4835 2344 4887 suis
2383 4833 2575 4889 feceris
2617 4832 2956 4899 absolutum;
2988 4838 3079 4889 sed
3129 4832 3231 4888 erit
3262 4839 3380 4889 sine
3420 4834 3600 4901 aliqua

2010 4904 2435 4958 centradtctione
2490 4906 2707 4969 beatus,
2761 4908 2901 4958 sicut
2940 4903 3195 4973 scriptum
3244 4914 3368 4961 est:
3423 4903 3591 4966 Beati,

2009 4987 2223 5037 quorum
2250 4976 2473 5045 remissa:
2501 4984 2619 5027 sunt
2658 4975 2974 5045 iniquitates,
3000 4985 3046 5028 et
3075 4993 3290 5045 quorum
3316 4984 3445 5031 tecta
3476 4986 3594 5028 sunt

2010 5054 2237 5116 peccata.
2272 5042 2457 5116 Beatus
2488 5047 2582 5116 vir,
2601 5047 2687 5116 cui
2714 5042 2813 5097 non
2839 5042 3102 5113 imputavit
3131 5047 3377 5101 Donu'uus
3408 5059 3591 5116 pecca-

2007 5120 2114 5163 tum
2143 5112 2317 5182 (Ρδαι.
2349 5130 2495 5181 xui,
2517 5115 2566 5179 1,
2590 5113 2682 5185 2);
2707 5126 2763 5170 et
2783 5112 3070 5182 Apostolus
3093 5134 3107 5169 :
3130 5119 3189 5172 δι
3212 5116 3367 5179 Deus,
3397 5112 3588 5183 inquit.

2008 5200 2099 5249 pro
2132 5185 2293 5259 uoltis,
2341 5186 2451 5259 quis
2498 5200 2675 5259 contra
2705 5187 2838 5239 nos?
2878 5186 3016 5259 Deus
3052 5190 3140 5257 qui
3171 5189 3451 5259 justi/ient,
3480 5188 3592 5259 quis

2006 5266 2078 5326 est
2121 5256 2208 5320 qui
2236 5257 2533 5309 condemnet
2579 5257 2756 5326 (Rom.
2785 5272 2896 5321 vui,
2942 5256 3071 5326 65)?
3116 5256 3287 5313 Proba
3342 5273 3447 5323 me,
3483 5257 3588 5308 Du-

2008 5324 2172 5399 mine,
2206 5326 2366 5399 proba
2398 5342 2484 5380 me
2513 5328 2566 5380 in
2589 5324 2816 5399 camino
2866 5324 3281 5397 bunttliationis,
3331 5344 3437 5399 quo
3466 5327 3588 5381 diu-

2009 5396 2109 5446 lius
2140 5396 2413 5463 indignum
2444 5398 2738 5452 exantinas.

2078 5465 2239 5535 369
2262 5464 2351 5519 55.
2398 5468 2543 5540 Itogn
2576 5478 2782 5523 tantum
2834 5486 2899 5524 ne
2930 5470 3189 5540 reprobes
3236 5469 3428 5524 noxias
3456 5482 3584 5534 pec-

2005 5549 2272 5609 Cillllllzuul
2318 5539 2637 5593 comburere
2686 5539 3005 5608 robiginosi
3037 5540 3365 5609 perniciosos
3409 5540 3582 5595 ustula

2004 5605 2290 5680 criminum
2321 5612 2625 5677 squalores,
2669 5619 2727 5663 ut
2770 5605 2836 5663 de
2884 5605 3177 5665 adulterina
3210 5610 3410 5680 plumbi
3436 5625 3584 5665 cout-

2005 5678 2257 5749 nnstione
2304 5693 2490 5732 aurum
2525 5682 2865 5747 purissimum
2904 5690 2960 5737 et
3004 5678 3227 5736 rutilans
3254 5682 3488 5749 educas;
3520 5690 3579 5737 et

2004 5745 2367 5818 accelera,~ut
2413 5745 2608 5821 eripias
2657 5765 2745 5806 me
2790 5751 2868 5807 sic
2922 5766 2954 5808 a
2999 5752 3210 5824 ﬂagello
3255 5745 3575 5824 temporali;
