4180 6178
557 252 682 308 127i

552 440 691 505 quod
726 439 934 502 punias,
978 439 1071 492 sed
1102 436 1242 505 quod
1273 437 1562 501 beatifiecs,
1608 437 1970 504 derelinquas.
2022 435 2117 487 ilic

554 527 658 572 tne,
694 510 912 562 Domine
944 509 1103 569 Deus,
1139 508 1208 559 ab
1242 506 1487 560 omnibus
1534 507 1728 560 munda
1775 506 2109 566 criminibus,

554 582 641 634 hic
693 580 760 632 ab
803 579 945 631 ontni
994 578 1246 629 vitiorum
1291 577 1591 630 colluvione
1635 578 1874 645 deterge.
1925 577 2008 629 hic
2051 575 2118 628 ab

552 649 697 702 omni
737 658 1073 717 peccatorum
1114 647 1324 699 vinctiio
1355 648 1523 711 solve,
1560 655 1618 699 ut
1646 659 1736 699 aut
1764 662 1805 699 SI
1849 647 2114 699 viventem

551 723 836 783 intraveris,
869 719 1173 782 purifieatns
1200 719 1405 779 abeam,
1431 727 1523 771 aut
1567 717 1610 769 si
1643 731 1832 770 viteare
1861 717 2114 770 decreve-

550 794 643 849 ris,
680 803 1056 856 usquequaque
1095 789 1376 840 mundatus
1398 801 1659 840 assumar.
1683 788 1761 840 Tu
1807 803 1976 838 ineant
2007 787 2119 838 ani-

551 875 688 913 ttiam
723 861 771 911 in
813 873 1036 926 corpore
1067 858 1291 926 positam
1325 873 1467 924 rege,
1513 867 1566 910 ιιι
1607 868 1895 911 exeuntem
1927 872 1955 908 a
2001 872 2118 909 cor.

552 944 678 991 rore
708 929 936 996 suscipe,
963 929 1160 994 tibique
1192 929 1242 980 in
1271 927 1830 999 :cternnmiadlizerere
1862 929 2116 999 concede,

553 1011 606 1053 ut
640 1000 942 1053 nullatenus
971 1007 1154 1061 pereat
1191 1013 1278 1051 res
1311 1012 1404 1066 per
1437 998 1629 1051 multas
1679 999 1943 1066 lacrymas
1972 1013 2117 1050 com-

552 1071 797 1123 mendata
843 1068 935 1121 tibi
967 1069 1191 1122 Do-t-ino
1221 1067 1330 1122 Deo
1372 1077 1425 1120 et
1469 1070 1696 1122 creatori
1731 1081 1848 1120 suo.
1879 1068 2027 1132 Quod
2067 1073 2111 1125 si

549 1140 722 1192 adhuc
767 1142 817 1192 in
869 1154 1032 1194 carne
1077 1138 1204 1191 mihi
1253 1137 1509 1205 prolixior
1538 1141 1643 1191 vita
1675 1146 1942 1202 servatur,
1979 1154 2114 1195 nova

548 1209 933 1279 prazeonioriiut
969 1211 1243 1263 honestate
1265 1217 1633 1279 componatur.
1663 1209 1808 1261 Exue
1849 1208 2118 1279 meftpdi-

550 1276 656 1333 iate
703 1281 941 1333 omnium
987 1281 1258 1342 vitiorum,
1290 1289 1343 1331 et
1392 1279 1549 1332 indue
1583 1278 1892 1346 dignitatem
1936 1276 2118 1347 [Forte

546 1350 823 1422 dignitate]
855 1359 1166 1422 cunctarum
1192 1350 1476 1422 virtutum,
1495 1348 1770 1422 charitatis
1797 1347 2116 1422 ct_benigiti-

548 1417 691 1482 tatis,
737 1417 1047 1474 huinilitatis
1095 1430 1148 1472 et
1187 1418 1528 1473 continentia:
1571 1417 1812 1485 injicicns
1857 1417 2117 1476 intersere

547 1492 806 1556 genuina.
842 1489 1156 1560 Ctipiditatis
1184 1497 1384 1552 autem,
1416 1499 1469 1560 et
1496 1489 1756 1551 avaritiae,
1789 1489 2038 1542 vanitatis
2064 1501 2118 1546 et

545 1562 882 1629 arrogantiae,
917 1558 1009 1614 irie
1041 1571 1093 1613 et
1140 1558 1508 1625 impatientius,
1553 1568 1979 1626 cazterariimque
2020 1576 2114 1614 ne-

543 1632 830 1696 quitiarnm
870 1630 1109 1697 putridas
1153 1638 1366 1694 amputa
1427 1637 1742 1690 vetustates,
1790 1630 2116 1684 circumcide

543 1702 834 1781 superflua,
866 1702 1144 1781 inhonesta
1177 1699 1389 1781 deseca,
1423 1699 1559 1781 elata
1590 1700 2034 1781 deprimepnuxia
2064 1711 2118 1755 et
2152 1723 2195 1781 Β

540 1769 827 1826 infecunda
854 1772 1049 1836 recide,
1085 1781 1140 1822 ut
1179 1773 1422 1838 ntalignzc
1451 1769 1660 1822 arboris
1689 1770 1987 1821 amaritudo
2016 1771 2113 1824 bo-
2152 1769 2176 1820 ’ῗ

541 1857 642 1895 nos
671 1857 858 1896 succos
883 1851 1099 1910 generet
1122 1840 1390 1894 demutata
1418 1857 1432 1905 ;
1460 1840 1641 1892 dulces
1673 1837 1763 1892 tibi
1795 1847 1913 1907 post
1944 1843 2110 1896 mole-

542 1912 764 1965 stiarum
795 1912 1135 1965 acerbitatem
1170 1912 1433 1979 parturias
1463 1910 1690 1979 fructus,
1720 1920 1776 1962 ut
1824 1911 1964 1977 quod
1994 1922 2112 1966 'tion

542 1981 731 2035 habuit
780 1983 928 2052 prius
986 1977 1213 2048 natura,
1269 1981 1462 2035 ofl'erat
1507 1977 1701 2034 amodo
1744 1979 1992 2034 collatum
2048 1997 2114 2037 ex

583 2054 731 2106 ralia.

583 2069 731 2106 Palla.

542 2069 575 2123 ε
612 2122 702 2177 '55.
749 2122 1006 2176 Peccandi
1039 2137 1066 2175 a
1116 2136 1202 2194 me
1227 2121 1355 2194 fuga
1378 2119 1742 2194 occasionem,
1777 2129 1824 2174 et
1857 2119 1909 2173 in
1955 2136 2115 2177 exer-

541 2193 722 2246 citium
750 2194 871 2246 boni
906 2195 1077 2248 excita
1120 2191 1558 2247 sollicitudinem.
1595 2191 1824 2244 Rursum
1860 2193 2112 2258 peccandi

542 2265 670 2318 tolle
712 2264 1062 2329 desiderium,
1105 2273 1160 2317 et
1207 2278 1396 2317 omnes
1442 2261 1669 2316 exclude
1697 2263 1942 2316 carnales
1986 2262 2115 2317 alie-

541 2345 674 2387 ctus.
708 2333 822 2388 Non
867 2334 937 2388 sit
961 2336 1012 2388 iit
1040 2335 1215 2387 anima
1259 2349 1374 2387 mea
1411 2332 1839 2400 concupiscentia
1863 2331 2019 2386 foeda:
2046 2335 2112 2386 li-

539 2404 758 2468 bidinis,
789 2405 882 2458 sed
925 2421 1075 2458 antur
1117 2403 1380 2456 inhabitet
1428 2402 1798 2470 pulcherrume
1831 2404 2110 2459 castitatis.

541 2474 718 2528 Mundi
754 2473 908 2544 hujus
937 2473 1157 2528 ambitio
1185 2473 1337 2542 longe
1357 2473 1426 2526 sit
1454 2488 1483 2544 a
1512 2487 1616 2544 me,
1644 2482 1701 2524 ιιι
1730 2471 2110 2544 iiti_pedintento

540 2546 683 2598 illius
716 2561 745 2598 a
794 2542 940 2600 recto
991 2546 1260 2612 preposito
1303 2557 1408 2595 non
1458 2543 1743 2596 declinem.
1778 2542 1876 2595 Tui
1909 2553 2110 2597 tantum

541 2617 750 2669 timoris
773 2625 825 2667 et
856 2619 1050 2668 amoris
1076 2626 1205 2684 opto
1236 2614 1288 2666 in
1313 2627 1401 2684 me
1426 2614 1650 2684 gratiam
1677 2627 1890 2684 semper
1914 2615 2108 2678 inesse,

539 2701 764 2754 quorum
791 2686 842 2739 in
877 2686 1047 2742 fructu
1078 2683 1144 2738 ab
1183 2684 1327 2736 omni
1361 2683 1611 2737 vitiorum
1663 2683 1986 2754 mortalitate
2017 2684 2110 2737 de-

466 2759 487 2767 ”
540 2753 646 2808 tino
680 2757 1012 2808 reviviscant.
1042 2755 1172 2807 Nam
1199 2769 1291 2820 per
1322 2755 1565 2806 timorem
1589 2767 1618 2804 a
1652 2753 1792 2804 malo
1823 2754 2108 2817 receditur,

538 2835 592 2877 et
617 2840 708 2893 per
730 2825 1040 2885 charitatem
1073 2826 1265 2878 bonum
1296 2838 1428 2890 opus
1456 2823 1742 2891 peragitur.
1775 2823 2112 2893 llursuuique

539 2895 678 2969 quod
710 2906 959 2963 operatur
982 2894 1236 2969 charitas,
1270 2908 1362 2969 per
1400 2908 1637 2969 amorem
1668 2893 1905 2969 etismtfit
1933 2894 2110 2969 timur,

540 2963 605 3019 ne
639 2976 815 3030 pereat
845 2982 938 3035 per
959 2965 1429 3035 elationemaltem
1457 2963 1691 3035 Charitas
1724 2963 1956 3025 festinat,
1997 2965 2113 3035 Deo

539 3033 916 3109 conjungitpet
949 3041 1107 3090 timor
1134 3049 1238 3090 non
1269 3033 1587 3109 dimittit_ab
1614 3047 1678 3086 co
1703 3036 1962 3101 separari.
1993 3034 2110 3109 ipse

539 3105 822 3159 cst'timor
871 3116 1092 3161 sanctus
1137 3116 1459 3174 permanens
1503 3105 1554 3157 in
1590 3109 1863 3174 sarculum
1906 3105 2106 3160 steculi.

539 3174 719 3230 Noxia:
765 3173 1150 3246 prosperitates?
1188 3183 1242 3230 et
1287 3175 1538 3246 amicitiai
1586 3173 1740 3246 hujus
1781 3177 1960 3227 sateuli
2005 3192 2108 3229 non

541 3248 668 3300 inihi
695 3245 1154 3316 appi'opiiiquent;
1185 3245 1536 3298 adversitates
1560 3245 1736 3316 autem
1762 3254 2022 3316 tempera,
2051 3256 2108 3305 ut

539 3312 741 3384 possint
765 3312 1077 3384 'sustinere,
1122 3312 1738 3389 quoniamprosperitas
1776 3313 1977 3382 dejicit,
2012 3317 2109 3389 ad-

537 3389 765 3441 versitas
792 3390 997 3452 erudit;
1042 3398 1090 3441 et
1141 3402 1283 3455 satpe
1329 3385 1391 3439 ad
1414 3385 1749 3454 peccandum
1784 3387 2112 3452 prosperitas

535 3459 770 3511 animum
814 3460 984 3522 illicit,
1031 3459 1323 3512 adversitas
1352 3466 1529 3511 autem
1578 3464 1632 3510 et
1683 3470 1713 3508 a
1769 3467 1984 3523 peccato
2023 3472 2112 3509 su-

535 3532 764 3594 spendit,
810 3538 865 3582 ct
915 3538 1230 3597 prmsentcm
1263 3528 1413 3581 odire
1461 3527 1622 3583 vitam
1671 3526 2110 3597 atquerl'uturam

535 3600 846 3653 desiderare
893 3596 1104 3666 semper
1164 3605 1438 3666 provocat,
1496 3607 1548 3651 et
1593 3597 1802 3648 suadet.
1847 3596 1902 3649 lit
1952 3597 2111 3654 nullis

537 3683 665 3737 ergo
698 3668 878 3723 inundi
916 3669 1143 3738 negotiis
1196 3668 1532 3739 metilterius
1579 3668 1855 3739 permittas
1885 3666 2106 3739 involvi,

536 3736 631 3793 Sed
662 3739 754 3791 tibi
785 3741 885 3794 soli
929 3736 1173 3802 militem,
1203 3736 1298 3792 tibi
1328 3752 1541 3805 semper
1565 3736 1826 3804 serviam;
1858 3744 1908 3788 te
1939 3738 2110 3790 inces-

535 3820 718 3863 santer
742 3811 982 3872 adorem,
1015 3810 1107 3862 tibi
1138 3810 1222 3863 dic
1253 3816 1519 3876 noctuque
1566 3806 1805 3875 psallam.
1853 3806 2107 3860 Maiarum

536 3881 912 3948 Cogitationum
945 3881 1172 3944 semina,
1205 3892 1378 3932 rorem
1402 3888 1461 3948 et
1483 3877 1824 3948 iiieentoreut
1845 3877 2105 3930 inutilium

536 3947 922 4004 desideriorum
968 3965 1031 4004 ac
1079 3951 1230 4004 bona:
1278 3947 1558 4002 intentioni
1597 3947 1985 4007 contrariorum
2019 3962 2106 4002 re-

537 4023 674 4087 pe‘le
702 4037 728 4072 a
754 4038 860 4086 me,
889 4030 940 4075 et
961 4033 1147 4075 contra
1176 4021 1350 4082 omnia
1383 4028 1707 4072 teittamenta
1739 4017 1877 4071 illius
1906 4019 2105 4086 captio-

537 4105 731 4156 sa-quo
787 4093 1132 4158 dercptiones
1179 4090 1358 4143 auxilii
1409 4089 1481 4142 tui
1511 4097 1566 4142 et
1611 4088 1934 4142 delensionis
1973 4102 2107 4156 pone

539 4161 865 4225 pra-sidiam,
900 4157 950 4212 ut
1000 4162 1064 4212 ad
1105 4159 1552 4228 perseverantiam
1599 4160 1788 4211 bonam
1843 4157 2108 4211 inﬂexibi-

536 4232 642 4283 fein
693 4245 776 4282 ine
826 4231 1107 4300 (diabolus)
1157 4244 1490 4300 pra:cernens
1536 4231 1790 4282 confusus
1832 4228 2101 4283 abscedat.

610 4299 699 4353 5h.
743 4299 928 4352 Unitiia
955 4312 1169 4366 peccata
1203 4315 1315 4350 mea
1342 4299 1468 4351 ﬂere
1499 4307 1722 4362 tantum,
1754 4314 1856 4352 non
1898 4300 2105 4353 deside-

537 4385 661 4424 rare
693 4372 986 4437 permittas.
1020 4369 1123 4422 Fac
1173 4384 1257 4420 tne
1282 4369 1444 4438 37-0
1480 4369 1632 4422 odire
1661 4383 1776 4434 qua:
1816 4368 1950 4433 edis,
1992 4383 2104 4421 amo

1327 253 1416 306 AD
1455 251 1514 308 S.
1557 249 1798 308 lSlDORl
1837 247 2279 306 HISPALENSIS
2317 251 2549 310 OPERA
2589 250 3033 312 APPENDICES.

552 368 826 435 culparum
855 381 1095 423 mearum
1129 379 1375 420 rxcesstts
1400 380 1604 434 resera,
1629 375 1686 419 ut
1708 365 1838 419 nihil
1866 364 1917 417 in
1940 363 2115 418 futuro
2145 368 2195 426 Α

2139 3074 2186 3136 C

3673 255 3807 310 I272

2293 366 2382 421 57.
2426 367 2679 423 Sanctum
2736 383 2947 435 semper
2995 382 3129 436 opus
3183 368 3381 436 inspira
3425 379 3482 422 tit
3529 369 3757 432 cogitem
3787 413 3805 434 ,

2224 439 2486 507 compelle
2528 450 2583 492 ut
2620 439 2831 500 faciam,
2865 438 3029 492 suade
3072 447 3128 491 ut
3155 439 3392 506 diligam,
3441 443 3700 493 centirrna
3747 452 3804 496 ut

2223 517 2453 572 teneam,
2489 511 2692 563 custodi
2728 525 2793 564 ne
2827 508 3065 576 perdam.
3101 509 3266 563 Mater
3293 518 3347 563 et
3379 513 3555 575 regina
3596 522 3802 578 septem

2223 578 2598 647 principalium
2633 579 2878 633 vitiorum
2910 579 3156 644 superbia
3186 595 3290 632 non
3316 580 3666 646 ingrediatur.
3699 598 3803 637 nec

2225 651 2522 719 requiescit
2567 653 2615 703 in
2649 648 3146 719 domii'ilioicordis
3192 651 3314 711 mei.
3365 665 3537 719 neque
3585 653 3802 706 soboles

2222 717 2342 788 ejus
2384 721 2510 773 tiiilii
2554 721 2846 784 atlhzercat,
2899 718 2951 772 id
3003 731 3106 784 est,
3155 721 3292 788 gulae
3339 717 3798 788 concupicentia,

2225 787 2526 863 fornicatiu,
2559 791 2804 863 avaritia,
2849 788 3066 854 invidia,
3104 787 3212 863 ira,
3243 791 3477 863 tristitia,
3514 807 3648 863 vana
3681 787 3806 863 glo;

2223 859 2323 911 ria.
2358 860 2426 911 Da
2458 874 2633 915 autem
2665 860 2791 925 mihi
2823 874 2852 912 e
2881 859 3153 913 contrario
3183 860 3493 926 profundam
3526 859 3804 914 humilita-

2225 937 2352 992 tem,
2383 946 2482 993 qua
2517 941 2766 984 curvetur
2802 929 3029 983 altitudo
3071 932 3376 996 superbiae;
3423 932 3487 984 da
3522 948 3803 985 mensura-

2223 1005 2330 1051 tam
2359 999 2754 1062 abstinentiam,
2788 1015 2888 1067 qua
2938 999 3204 1067 superﬂua
3248 1002 3450 1052 ventris
3499 1001 3801 1055 refrenetur

2223 1069 2478 1124 edacitas.
2513 1070 2584 1123 Da
2615 1073 2938 1132 castitatem,
2972 1070 3151 1123 cordis
3184 1071 3516 1130 munditiam,
3568 1088 3670 1138 qua
3699 1076 3800 1124 itu-

2224 1143 2417 1191 munda
2475 1140 2682 1194 luxuria
2731 1142 3004 1206 SOpiattir;
3064 1139 3131 1192 da
3183 1140 3320 1192 velle
3385 1140 3676 1208 largifluum
3727 1142 3796 1194 ad

2223 1210 2552 1278 erogandum
2594 1211 3016 1279 eleentosynaut,
3065 1224 3170 1277 quo
3226 1219 3378 1263 tenax
3437 1212 3659 1264 avaritia
3711 1228 3799 1266 re-

2221 1289 2460 1346 Spnatur.
2497 1281 2566 1332 Da
2600 1281 2848 1347 perfer-tte
2887 1279 3190 1334 dilectionis
3219 1294 3480 1344 amorem,
3511 1296 3620 1348 quo
3647 1283 3795 1336 zelus

2222 1349 2590 1419 exstinguatur
2615 1349 2850 1404 invidias.
2878 1348 3120 1419 Concede
3145 1351 3442 1404 tolerantia:
3465 1351 3792 1418 patientiam,

2221 1433 2315 1485 per
2343 1418 2500 1485 quam
2533 1421 2606 1474 ira
2635 1429 2881 1488 superata
2911 1418 3162 1483 deficiat;
3196 1419 3365 1473 tribue
3393 1422 3584 1474 mterni
3616 1423 3794 1490 gaudii

2222 1503 2396 1556 spem,
2449 1505 2554 1557 quo
2616 1490 2842 1543 tristitiae
2892 1491 3193 1543 amaritudo
3245 1491 3654 1554 demulceatur;
3713 1492 3795 1546 fac

2220 1558 2414 1631 deinde
2444 1562 2520 1614 sic
2549 1561 2873 1614 intrinsecus
2919 1561 2969 1613 iti
3001 1569 3176 1631 mente
3207 1561 3273 1615 de
3301 1561 3438 1613 bono
3478 1577 3642 1629 opere
3682 1568 3793 1631 glo-

2221 1627 2346 1682 riari
2391 1631 2442 1683 iii
2473 1641 2545 1696 te,
2581 1639 2637 1684 ut
2659 1645 2808 1684 vana:
2836 1631 3020 1701 gloria:
3049 1630 3176 1684 foris
3219 1646 3284 1685 ex
3318 1645 3402 1685 uie
3437 1627 3795 1702 procedaszt-

2222 1702 2439 1752 ctantia.

2289 1768 2379 1824 58.
2425 1771 2568 1824 Dona
2597 1770 2755 1824 etiam
2791 1769 2921 1824 mihi
2954 1770 3005 1824 in
3035 1771 3280 1824 omnibus
3303 1772 3792 1840 tenerejustitiam,

2219 1843 2706 1908 magnanimitatem
2737 1885 2750 1906 ,
2804 1845 3248 1908 temperantiam;
3303 1852 3357 1895 et
3407 1841 3489 1895 fac
3535 1858 3621 1896 me
3670 1859 3793 1896 cum

2217 1911 2558 1978 simplicitate
2604 1926 2723 1965 esse
2767 1914 3101 1979 prudentem,
3161 1922 3217 1963 ut
3263 1923 3316 1965 et
3365 1913 3599 1966 beatam-
3628 1914 3792 1967 vitam

2217 1983 2332 2034 sine
2369 1982 2498 2034 riter
2530 1995 2702 2050 agam,
2737 1991 2791 2035 et
2833 1984 3026 2034 malum
3057 1983 3347 2048 prudenter
3373 1983 3628 2051 rcfugiam
3659 1999 3675 2043 ;
3705 1991 3787 2036 at.

2216 2065 2320 2118 que
2348 2052 2730 2104 fraudulentam
2756 2062 2808 2106 et
2831 2051 3188 2120 deceptoriam
3213 2052 3456 2105 astutiam
3479 2053 3699 2114 diaboli,
3728 2069 3795 2108 ne

2218 2136 2302 2174 me
2326 2137 2418 2188 per
2438 2122 2671 2189 speciem
2704 2121 2826 2176 boni
2857 2121 3007 2175 fallat
3042 2131 3098 2174 ut
3125 2133 3180 2175 et
3214 2122 3517 2176 discernere
3556 2125 3793 2176 ratiooa-

2219 2191 2396 2245 biliter
2423 2191 2649 2258 valeam,
2673 2204 2725 2246 et
2749 2193 3041 2261 praevidere
3065 2208 3083 2256 ;
3113 2192 3192 2245 l‘ac
3215 2207 3299 2247 me
3327 2203 3444 2260 post
3465 2194 3578 2246 haec
3606 2194 3791 2249 mitem

2217 2271 2271 2315 et
2311 2263 2646 2324 beneVolunt,
2682 2263 2957 2330 pacificum
2998 2273 3053 2316 et
3093 2275 3452 2329 mansuetum,
3489 2263 3789 2318 modestum

2218 2340 2272 2384 ct
2300 2333 2682 2396 verecundum,
2708 2341 3044 2387 reverentem
3075 2343 3128 2386 et
3159 2332 3445 2400 trepidum,
3476 2348 3704 2401 :cquuin,
3733 2346 3790 2387 et

2216 2401 2332 2458 sine
2363 2404 2704 2458 simulatione
2735 2404 3048 2466 veridicum,
3088 2412 3143 2456 et
3180 2404 3297 2456 sine
3324 2403 3448 2456 dolo
3497 2404 3790 2457 rationabi-

2219 2473 2348 2536 lem,
2377 2473 2638 2542 bouisqtte
2664 2474 3007 2536 concordem,
3043 2476 3093 2525 in
3142 2473 3352 2542 vigiliis,
3390 2472 3706 2543 etjrjuniis,
3737 2485 3792 2528 et

2217 2545 2459 2598 oratione
2495 2551 2802 2598 constanter
2831 2553 3103 2611 strenuum
3131 2561 3145 2607 ;
3179 2547 3242 2597 da
3270 2546 3427 2597 etiam
3459 2546 3511 2596 in
3541 2559 3790 2597 mansue-

2220 2613 2402 2670 tudine
2422 2615 2753 2668 moderatum
2784 2614 2980 2667 habere
3019 2627 3346 2676 sermonem,
3372 2623 3426 2667 et
3454 2615 3630 2666 amico
3665 2618 3790 2668 sub-

2218 2682 2342 2737 inde
2387 2684 2484 2738 frui
2528 2684 2765 2749 silentio,
2794 2693 2850 2738 ut
2881 2685 3066 2752 loquar
3093 2683 3234 2751 quod
3271 2684 3548 2750 condecet,
3583 2693 3788 2737 taceam

2216 2755 2356 2821 quod
2399 2754 2539 2822 loqui
2579 2770 2684 2808 non
2730 2761 2983 2822 oportet;
3018 2754 3100 2808 rel
3139 2752 3390 2822 quidquid
3431 2767 3498 2808 ex
3532 2755 3788 2807 virtutum

2217 2824 2474 2878 fructibus
2499 2824 2742 2879 conferre
2779 2824 3104 2894 dignaberis,
3155 2826 3471 2878 mortificata
3494 2824 3784 2893 jactantia,

2217 2903 2442 2962 patrona
2469 2905 2648 2948 servet
2678 2895 2969 2948 huuviiitas.

2288 2963 2377 3018 59.
2421 2965 2495 3018 Da
2527 2965 2642 3019 sine
2671 2966 2851 3032 aliquo
2874 2980 3057 3019 errore
3086 2979 3262 3034 prava:
3291 2963 3557 3034 religionis
3584 2964 3786 3017 imma-

2217 3035 2444 3088 culatam
2476 3035 2568 3088 tibi
2614 3050 2829 3090 scrvare
2878 3035 3058 3101 fideut,
3093 3046 3146 3089 et
3169 3036 3317 3105 juxta
3363 3037 3519 3090 fidem
3567 3035 3788 3106 dignum

2217 3121 2338 3160 esse
2381 3105 2705 3174 cperariuut,
2742 3116 2797 3158 tit
2848 3105 3003 3159 fidem
3033 3117 3232 3160 rectam
3279 3121 3442 3173 Opere
3479 3105 3647 3174 pravo
3677 3121 3785 3161 non

2217 3176 2448 3244 polluant
2476 3193 2490 3238 ;
2515 3184 2566 3230 et
2588 3190 2747 3244 quem
2777 3177 2911 3230 bene
2939 3177 3208 3230 credendo
3229 3178 3505 3241 confiteor,
3536 3177 3678 3232 male
3708 3179 3789 3231 ri-

2215 3247 2387 3300 vendo
2419 3262 2520 3316 non
2551 3245 2806 3316 denegem
2834 3263 2848 3310 ;
2881 3261 3146 3316 quemque
3184 3256 3403 3300 strenua
3431 3247 3536 3301 fide
3563 3263 3783 3316 sequor,

2215 3326 2334 3370 actu
2386 3315 2722 3386 negligentia:
2764 3331 2867 3368 non
2919 3317 3226 3381 offendam;
3263 3320 3346 3371 fac
3376 3331 3462 3371 me
3499 3320 3550 3371 itt
3598 3329 3787 3373 sancto

2214 3398 2617 3442 conversantent
2653 3388 2921 3455 proposito
2949 3387 3098 3454 sequi
3120 3387 3402 3455 juSiitiam,
3435 3388 3657 3455 diligere
3684 3389 3788 3441 mi-

2213 3459 2584 3534 seri_cordiain,
2613 3457 2976 3534 371‘atnare
2998 3462 3320 3534 __veri_tateiu,
3352 3461 3586 3534 refutare
3635 3474 3789 3534 meu-

2213 3528 2445 3594 dacium,
2490 3526 2677 3581 falsuiu
2711 3526 2843 3580 nihil
2890 3528 3132 3582 meditari
3166 3533 3245 3582 vel
3288 3529 3454 3595 loqui,
3485 3539 3538 3582 te
3575 3529 3783 3583 indesi—

2215 3606 2403 3653 nenter
2432 3598 2646 3660 timere,
2691 3598 2999 3666 religionem
3019 3600 3287 3667 venerari,
3321 3612 3505 3665 pacem
3532 3613 3652 3652 cum
3676 3614 3787 3652 om-

2213 3668 2366 3721 nibus
2395 3669 2514 3722 sitte
2537 3668 2662 3722 dolo
2690 3677 2896 3731 tenere,
2928 3668 3200 3722 discordes
3221 3673 3284 3722 ad
3317 3668 3657 3722 concordiam
3698 3685 3789 3723 re-

2217 3753 2442 3800 vocare,
2499 3739 2813 3792 charitatem
2879 3739 3236 3792 insimulatam
3291 3738 3523 3803 offerre,
3581 3739 3791 3793 nullum

2211 3809 2608 3876 scandalizare,
2666 3810 2791 3860 nulli
2846 3824 2930 3862 tne
2987 3812 3271 3876 praeferre,
3319 3812 3411 3862 sed
3473 3807 3791 3863 inferiorem

2211 3880 2356 3933 omni
2390 3881 2570 3932 infimo
2591 3880 2855 3946 judicare,
2899 3878 3225 3945 principibus
3265 3889 3318 3932 et
3351 3879 3704 3946 poteStatibus
3736 3883 3793 3934 in

2213 3950 2358 4005 nullo
2385 3943 2659 4014 resistere,
2703 3949 2754 4002 iit
2804 3943 3051 4003 erunibus
3077 3943 3488 4016 clitemperare,
3531 3943 3794 4004 reveren-

2212 4021 2337 4072 tiam
2381 4030 2434 4072 et
2461 4021 2718 4088 honorem
2751 4021 3007 4073 exhibere
3054 4021 3373 4086 senioribus,
3423 4019 3793 4074 obedientiam

2212 4100 2265 4143 et
2297 4090 2609 4143 charitatem
2641 4090 2930 4156 aequalibus
2965 4088 3183 4156 offerre,
3215 4099 3436 4160 gratiam
3470 4101 3792 4157 opportuna:

2210 4160 2514 4213 dilectionis
2531 4160 2826 4228 junioribus
2855 4162 3160 4223 ostendere,
3194 4164 3425 4213 fraterna
3455 4175 3644 4225 onera,
3674 4162 3796 4215 sive

2207 4230 2445 4299 peticula
2476 4229 2849 4298 atquanituiter
2883 4233 3168 4291 sustinere,
3218 4229 3446 4286 amicum
3492 4232 3637 4283 velut
3675 4232 3795 4284 ani-

2208 4315 2348 4352 tuam
2397 4316 2566 4353 meam
2600 4300 2865 4364 venerari,
2897 4313 3169 4368 parentem
3221 4310 3274 4352 et
3312 4300 3608 4368 proxiinutii
3650 4305 3793 4354 sicut

2210 4385 2470 4438 metpsum
2508 4371 2745 4438 diligere,
2789 4372 3100 4436 cunctisque
3149 4371 3304 4422 simul
3346 4372 3620 4436 prodesse,
3684 4387 3791 4424 nou

538 4428 704 4506 plecti
729 4455 844 4509 qua-
875 4441 1068 4510 diligis.
1100 4428 1444 4506 Obtcni‘pe're't
1496 4453 1647 4491 mens
1677 4428 1793 4491 inea
1826 4428 2103 4510 mandatis
2134 4428 2184 4487 Ι)
2213 4428 2424 4510 obesse,
2468 4428 2629 4493 nulli"
2652 4428 2866 4506 nocere,
2922 4428 3049 4493 nttlii
3101 4428 3395 4504 adversari,
3447 4428 3647 4494 nullum
3704 4456 3795 4493 ca-

536 4512 656 4572 luis,
684 4507 1012 4564 et'vnlunta's
1043 4524 1158 4562 utea
1187 4510 1443 4562 voluntati
1480 4519 1583 4560 tum
1609 4507 1916 4570 concordet,
1952 4521 2003 4558 ut
2028 4509 2109 4561 ni-

536 4581 610 4635 ltil
646 4591 817 4648 turpe,
851 4583 979 4634 nihil
1008 4580 1285 4650 injustam,
1318 4579 1447 4633 nihil
1479 4581 1840 4650 inhonestum,
1874 4577 2000 4630 itiliil
2032 4579 2111 4635 in-

535 4656 731 4704 dCCens
763 4654 844 4706 vel
878 4649 1097 4720 impium
1119 4652 1171 4703 in
1202 4652 1541 4704 conscientia:
1572 4663 1700 4702 mea:
1722 4649 2110 4702 delectamento

535 4721 783 4774 oborttun
835 4722 1127 4786 inhaereat;
1159 4721 1252 4774 sed
1293 4735 1477 4774 amore
1530 4727 1618 4772 tuo
1660 4720 1888 4772 intentio
1918 4721 2112 4773 mentis

537 4792 798 4844 anhelans
823 4791 1041 4857 justitia:
1070 4803 1123 4846 et
1155 4791 1364 4860 pictatis
1393 4806 1606 4858 operam
1651 4799 1981 4858 assequatur.
2029 4791 2112 4843 Sit

535 4872 713 4914 autem
752 4877 887 4929 aptis
919 4864 1193 4928 mundum,
1244 4872 1297 4915 et
1327 4864 1520 4929 oratio,
1566 4860 1698 4912 sicut
1746 4861 2008 4928 pra-cipis,
2059 4864 2108 4913 in

537 4932 773 4993 ocCtilto,
804 4943 860 4984 ut
886 4949 990 4985 non
1018 4934 1082 4984 ad
1111 4934 1321 4985 oculum
1359 4935 1584 4984 serviam
1623 4945 1773 4998 quasi
1804 4933 2110 4984 horninibus

533 5003 850 5070 placiturus,
875 5003 1047 5072 legum
1081 5013 1289 5054 tuaruin
1331 5003 1596 5072 admonita
1628 5009 1682 5054 et
1705 5011 1908 5067 patrum
1941 5001 2110 5054 hune-

535 5074 778 5125 stissinia
813 5071 957 5142 gesta
987 5074 1125 5126 scire
1164 5086 1249 5124 me
1295 5071 1563 5138 permitte,
1607 5084 1658 5123 ct
1691 5074 1842 5124 factis
1886 5073 2110 5138 implere.

535 5142 794 5195 concede.
829 5142 911 5195 Ab
937 5145 1080 5196 enini
1127 5145 1316 5210 laqueo
1345 5143 1542 5208 pet-cati
1576 5156 1662 5193 me
1700 5142 1930 5204 retrahe,
1962 5151 2016 5195 et
2041 5145 2108 5194 ab

539 5215 776 5264 omnium
799 5228 1040 5266 errorqu
1073 5213 1193 5265 labe
1233 5213 1520 5278 suspende.
1554 5211 1852 5280 Disciplina:
1883 5224 1987 5263 tuae
2027 5228 2109 5264 re-

535 5283 741 5351 pagulis
769 5297 982 5350 semper
1009 5284 1265 5351 astringe,
1294 5296 1344 5333 et
1371 5298 1438 5334 ne
1467 5283 1692 5335 ulterius
1721 5280 1983 5344 decidam,
2015 5282 2107 5333 fir-

541 5354 777 5405 missime
809 5364 951 5407 tene.
983 5353 1156 5406 Trahe
1187 5367 1271 5405 me
1315 5362 1433 5418 post
1466 5364 1536 5412 te.
1567 5366 1617 5405 et
1661 5353 1762 5403 duc
1791 5366 2109 5420 quocunque

538 5424 734 5490 placet,
769 5432 922 5476 etne
967 5425 1205 5475 dimittas
1236 5423 1498 5476 ullatenus
1554 5428 1914 5487 retrograduui
1963 5433 2105 5490 terga

542 5489 751 5564 rursum
783 5493 970 5546 diverti
1002 5491 1206 5564 l_Fortc,
1238 5489 1523 5564 diverti-ie]
1550 5509 1563 5554 ;
1593 5492 1689 5564 sint
1723 5494 1773 5544 in
1808 5503 1895 5542 tuo
1919 5489 2107 5547 tutiore

542 5562 823 5622 sollicitus,
870 5565 918 5614 iii
960 5562 1143 5616 amore
1192 5562 1477 5628 perfectus,
1515 5577 1564 5614 tu
1608 5563 1708 5614 fide
1738 5576 2008 5625 constans,
2053 5564 2104 5615 in

536 5644 632 5695 spe
661 5633 964 5685 nullatenus
1012 5634 1222 5695 dubius,
1269 5633 1554 5685 diluetione
1585 5635 1805 5698 proximi
1850 5632 2102 5696 ferveant,

534 5703 640 5754 odii
672 5703 863 5756 artiore
900 5718 1004 5756 nou
1051 5719 1191 5768 urar,
1244 5719 1337 5758 nec
1371 5705 1575 5758 invidiae
1611 5703 1692 5757 im
1720 5719 1774 5756 re
1815 5703 2097 5757 tabescaui.

2216 4509 2484 4576 iuniuiari,
2533 4511 2660 4564 nttlii
2711 4511 3084 4564 offendiculum
3136 4526 3357 4579 ponere,
3413 4510 3793 4579 nulutnjitdi-

2213 4595 2356 4644 care,
2399 4581 2527 4634 nulli
2561 4581 2866 4645 detrahere,
2899 4582 3101 4634 nullum
3133 4583 3511 4642 condemnare,
3549 4587 3676 4634 nulli
3707 4585 3792 4634 itt-

2207 4650 2465 4720 juriosunt
2501 4664 2638 4714 esse,
2675 4654 2866 4704 nullius
2898 4665 3116 4718 carpere
3148 4653 3329 4711 vitam.
3368 4653 3562 4703 nullius
3603 4651 3789 4718 explo-

2212 4735 2333 4774 rare
2362 4731 2554 4775 iCCfatn
2586 4721 2852 4778 semitam,
2883 4720 2949 4774 de
2983 4738 3066 4772 ine
3096 4728 3298 4772 tantum
3327 4735 3448 4775 esse
3476 4720 3784 4788 Sollicitum,

2214 4794 2410 4843 malum
2446 4806 2538 4858 pro
2571 4801 2707 4843 main
2746 4806 3074 4857 nequaquam
3108 4792 3422 4859 rependere,
3474 4792 3786 4858 iniuriarum

2214 4877 2469 4918 nieatuin.
2504 4876 2600 4914 nec
2645 4876 2934 4915 memorem
2983 4863 3244 4915 ullatenus
3275 4877 3412 4926 esstt,
3465 4878 3565 4914 nec
3614 4863 3782 4916 vindi-

2213 4946 2351 4995 cent,
2379 4934 2468 4984 sed
2501 4948 2711 4983 omnem
2748 4934 2979 4983 bonitate
3009 4947 3265 5000 superare
3309 4933 3590 4994 molitam,
3624 4938 3775 4984 male

2211 5002 2407 5054 dicenti
2439 5003 2860 5056 benedictionem
2901 5015 3112 5068 parare,
3145 5004 3366 5055 adversa
3410 5005 3535 5068 pati,
3572 5018 3676 5055 non
3705 5002 3778 5054 iit-

2212 5072 2370 5132 ferre,
2399 5073 2668 5126 inimicum
2700 5083 2756 5124 ut
2783 5075 3010 5124 amicum
3041 5072 3284 5140 diligere,
3311 5073 3550 5126 convicia
3573 5082 3626 5124 et
3653 5087 3782 5125 cou-

2213 5143 2460 5195 tunielias
2489 5143 2830 5197 irascentium
2870 5143 3160 5211 sustinere,
3196 5157 3299 5195 non
3341 5143 3658 5211 rependere.
3707 5142 3777 5196 itt-

2207 5211 2362 5278 juritc
2384 5214 2488 5264 cito
2509 5213 2770 5277 oblivisci,
2805 5210 3010 5264 offenso
3038 5228 3125 5266 me
3144 5210 3459 5266 festinanter
3484 5213 3778 5280 ignoscere.

2210 5284 2276 5334 ad
2305 5285 2512 5334 veniam
2535 5282 2927 5340 concedendam
2951 5297 3165 5351 semper
3185 5295 3421 5351 paratum
3449 5297 3589 5346 esse,
3612 5284 3782 5336 aliena

2211 5368 2315 5405 ltuu
2357 5353 2762 5419 CfilICUpiscel‘e,
2818 5367 2914 5406 nec
2962 5354 3246 5407 occasione
3275 5354 3509 5420 qualibet
3551 5353 3760 5407 auferre

2212 5439 2328 5475 inea
2361 5437 2487 5475 vero
2509 5438 2612 5476 non
2637 5422 2951 5476 habentibus
2976 5425 3389 5479 misericorditer
3411 5437 3657 5490 erogare.
3683 5427 3774 5476 de-

2209 5494 2373 5545 bittiu
2409 5493 2633 5546 debitori
2665 5496 2955 5559 dimittere,
2987 5495 3280 5546 reformare
3305 5495 3444 5561 quod
3484 5494 3659 5560 inique
3698 5496 3768 5544 di-

2209 5577 2415 5630 reptum
2445 5574 2542 5625 est,
2570 5565 2761 5632 pignus
2809 5563 3033 5616 reddere
3078 5568 3358 5628 mutuanti,
3408 5573 3462 5616 et
3493 5563 3621 5615 nihil
3654 5563 3783 5615 alic-

2211 5648 2337 5685 nttm
2383 5634 2520 5699 apud
2553 5651 2638 5686 nic
2670 5635 2922 5697 retinere,
2955 5636 3276 5688 esurientem
3306 5633 3500 5688 deinde
3545 5635 3781 5692 reficere,

2211 5706 2480 5758 sitientem
2529 5719 2736 5776 putare,
2791 5705 3050 5776 hospitem
3085 5706 3351 5775 colligere,
3405 5704 3600 5758 nudum
3651 5718 3784 5775 ope-
