4104 6184
496 312 635 369 ίίὶτὸ

1269 311 1361 364 AD
1400 311 1460 366 3.
1507 309 1751 365 ISIDURI
1798 307 2239 364 HISPALENSIS
2278 306 2507 362 OPERA
2553 304 3002 361 APPENDICES.

3631 303 3778 360 {276

496 426 809 498 permittas;
840 426 1051 492 indulge
1093 424 1222 477 mihi
1267 432 1479 498 peccata
1523 422 1700 498 omnia
1721 462 1750 498 ,_
1767 434 1830 474 ac
1858 418 2070 498 nniver-
2101 426 2147 481 Α
2179 421 2382 498 expetit
2436 419 2677 498 mortalis
2730 418 3071 498 infl_rmitas,_
3107 420 3406 498 majestatis
3459 420 3607 475 enim
3663 429 3776 474 tum

500 488 592 551 ξοδ
621 488 861 561 errores,
908 503 960 546 et
989 488 1091 546 'tua
1138 488 1366 559 gratuita
1413 494 1688 552 bonitate,
1737 488 2069 561 booe‘Jesu,

499 567 703 637 perduc
726 580 809 619 me
835 556 898 616 ad
929 564 1069 616 illam
1102 556 1605 637 contemplationem
1634 556 2043 637 desiderabilem
2064 599 2077 620 ,

502 630 591 690 ithi
620 639 723 703 jam
754 649 937 687 errare
966 649 1069 686 non
1112 633 1330 700 possim.
1375 632 1479 686 Per
1521 630 2073 703 quantaenivaitia

502 700 715 767 corrui,
750 715 803 758 tu
835 705 975 768 scis,
1006 704 1095 771 qui
1122 704 1448 777 occultorum
1492 717 1549 753 es
1589 701 1854 777 ceguitor.
1905 700 2075 777 Quam

502 779 696 828 misera
724 784 778 827 et
820 789 980 840 prona
1012 768 1091 826 est
1125 788 1239 826 mea
1284 773 1575 841 fragilitas,
1620 781 1672 823 ttt
1714 770 1891 841 nosti,
1936 768 2075 841 quali

504 844 659 899 hoste
702 838 1031 897 incessanter
1072 844 1277 912 afﬂigar
1317 838 1389 895 ρι’
1411 857 1623 910 premar
1664 840 1934 912 agno~cis._
1963 838 2074 901 Te,

499 913 715 967 ChriSIe
768 914 949 973 Deus.
1000 909 1226 967 bellator
1278 909 1567 965 fortiSsime
1616 920 1670 965 et
1705 909 2079 976 triumphator

502 999 717 1054 semper
760 984 1221 1051 victoriosissitne,
1263 983 1457 1053 quaerit
1498 983 1666 1051 impar
1694 991 1996 1045 certamen,
2030 990 2081 1032 te

445 1133 713 1159 ti”...-

2178 492 2347 559 gloria
2376 500 2495 555 est,
2528 490 2571 542 si
2604 490 2686 544 leo
2717 491 2932 556 rugiens
2962 490 3027 541 ab
3060 490 3267 543 infirma
3311 506 3417 543 ove
3458 501 3774 559 superetur,

2178 563 2221 612 si
2253 561 2473 627 spiritus
2506 560 2918 613 violentissimus
2949 576 2975 611 a
3007 559 3336 613 debilissima
3380 574 3543 615 carne
3589 560 3777 614 vinca-

2183 638 2286 693 tttr,
2329 641 2383 682 et
2425 631 2466 681 si
2511 631 2699 681 saltent
2745 630 2882 682 illius
2929 628 3377 693 dotttinati0ttem,
3423 632 3780 698 permittente

2183 709 2275 752 tuo
2299 700 2447 769 justo
2488 700 2722 766 judicio,
2767 699 2833 751 ad
2882 708 3091 766 tempus
3137 702 3385 767 patimur.
3428 715 3778 768 nequaquam

2183 771 2347 842 374
2378 772 2517 824 illius
2547 769 2933 822 insatitbihbus
2960 769 3553 842 faucibussorbeamur.
3583 769 3785 842 Facil—

2187 838 2294 894 lititt
2319 838 2335 899 ζ
2363 850 2571 893 amator
2605 842 2907 901 hominum,
2943 838 3146 892 tristem
3179 838 3246 893 de
3278 841 3511 894 humana
3538 839 3739 895 itctitia
3762 881 3779 905 ,

2185 913 2275 981 qui
2302 910 2370 965 de
2398 921 2579 965 nostra
2610 908 2906 965 offensione
2935 910 3186 963 exsultat.

3145 1121 3785 1149 ..ψ

1658 1228 2255 1316 APPENDIX
2364 1230 2575 1309 XX.

1493 1393 1692 1448 LIBER
1736 1394 1824 1447 DE
1863 1389 2049 1447 OliTU
2092 1388 2179 1444 ET
2217 1388 2420 1444 OBITU
2464 1388 2789 1455 PATBUM,

1572 1509 1646 1563 De
1673 1525 1773 1580 quo
1799 1509 1852 1562 in
1884 1506 2214 1567 lsidorianis,
2242 1520 2357 1575 cap.
2390 1503 2481 1571 tit,
2511 1520 2564 1557 η.
2599 1502 2688 1559 48.

601 1655 671 1708 De
700 1660 875 1705 sancto
900 1648 1177 1714 Abraham,
1204 1648 1289 1717 qui
1312 1646 1410 1714 fuit
1432 1645 1597 1716 prima
1623 1646 1702 1697 uia
1732 1640 1993 1697 credendi.

587 1747 639 1799 i.
684 1746 978 1803 Asnaum,
1036 1740 1176 1793 filius
1224 1738 1429 1801 'l'ltare,
1489 1736 1579 1790 lilii
1636 1734 1865 1797 Naehor,
1927 1734 2088 1804 frater
2122 1745 2165 1804 Β

516 1817 657 1870 Acan
685 1852 700 1874 ,
732 1813 895 1880 patris
928 1810 1054 1874 Lot,
1087 1820 1236 1877 pater
1265 1807 1449 1880 lsntael
1471 1848 1486 1870 ,
1518 1816 1573 1880 et
1598 1804 1941 1880 avus‘Jacob.
1974 1803 2082 1880 Utt-

514 1873 752 1939 decimus
780 1897 807 1933 a
844 1882 988 1939 Noe,
1031 1873 1321 1945 vigesimus
1360 1878 1427 1930 ab
1466 1878 1633 1930 Adam
1657 1921 1671 1945 ,
1717 1876 1883 1930 Deum
1924 1873 2087 1929 corde

515 1953 779 2015 credidit,
807 1950 1123 2004 Trinitatem
1154 1948 1384 2016 hospitio
1412 1946 1664 2012 suscepit.
1708 1949 1840 2000 Cum
1872 1945 1980 2016 Deo
2012 1946 2090 1997 Io-

516 2024 719 2086 quitur,
753 2013 781 2074 a
814 2018 1197 2075 Melchisedech
1247 2013 1364 2085 post
1406 2019 1680 2073 victoriam
1726 2013 2083 2086 benedicitttr.

516 2084 716 2149 Filium
737 2096 787 2145 in
820 2091 1110 2145 senectutis
1141 2084 1380 2155 tempore
1412 2088 1628 2149 meruit,
1660 2100 1817 2155 quem
1850 2084 1960 2137 Deo
1991 2084 2087 2138 Dei

516 2179 701 2217 amore
730 2161 919 2215 obtulit
946 2178 958 2221 ;
990 2160 1237 2213 Cltaldma
1269 2169 1447 2218 ortus,
1481 2158 1531 2210 in
1561 2158 1811 2211 Chanaan
1846 2155 2092 2222 peregri-

516 2244 708 2293 natur;
756 2233 904 2285 dives
956 2230 1135 2290 valde,
1187 2230 1377 2292 placuit
1425 2227 1553 2281 Deo.
1603 2227 1796 2282 Plenus
1843 2225 2086 2288 dierum,

520 2318 703 2357 ccxxv
753 2315 1013 2354 annorum
1061 2300 1346 2363 deficiens,
1400 2306 1672 2363 mortuus,
1723 2312 1752 2349 a
1805 2295 1923 2349 filiis
1970 2294 2087 2348 suis

519 2374 705 2427 lsmael
746 2380 802 2424 et
850 2371 991 2424 Isaac
1030 2372 1267 2438 sepultus
1312 2370 1363 2421 in
1404 2368 1654 2435 spelunca
1679 2365 1940 2438 duplici,
1968 2379 2088 2438 qua:

520 2455 602 2497 est
633 2445 685 2493 itt
726 2456 853 2511 agro
896 2434 1107 2511 rjphroti
1148 2438 1365 2492 Czethtei
1399 2434 1547 2511 juxta
1588 2437 1855 2492 civitatem
1902 2434 2090 2489 Caria-

520 2512 741 2572 tttarbe,
771 2527 888 2577 quze
916 2522 969 2562 ιιι
1000 2510 1209 2563 llehrou
1239 2512 1341 2562 alio
1372 2510 1587 2562 nemine
1614 2516 1851 2561 vocatur.

593 2587 648 2636 2.
693 2584 870 2643 iSAAC,
907 2581 1043 2633 filius
1088 2578 1352 2632 ΑΙη-..Ιιθιιι
1376 2618 1390 2640 ,
1424 2578 1475 2631 in
1504 2584 1779 2631 senectute
1811 2584 2087 2641 parentum

523 2662 705 2715 natus,
742 2653 789 2702 id
822 2660 936 2715 est,
969 2659 1135 2702 matre
1168 2648 1520 2717 ttonagenaria
1565 2658 1618 2700 et
1656 2657 1801 2714 patre
1830 2654 2084 2717 centena-

523 2724 606 2777 rio
636 2725 684 2776 itt
718 2721 932 2775 Geraris
962 2720 1100 2772 inter
1130 2719 1297 2773 Cades
1318 2716 1377 2771 et
1407 2720 1508 2771 Sur
1529 2728 1696 2780 ortus,
1722 2730 1750 2769 a
1778 2716 1884 2769 Deo
1908 2716 2083 2767 nomi-

523 2802 679 2846 natus
701 2832 714 2855 ,
746 2805 1025 2859 antequam
1059 2802 1211 2859 natus
1252 2795 1421 2852 esset,
1455 2787 1542 2859 die
1584 2796 1779 2859 octavo
1810 2785 2089 2859 circumci-

524 2877 650 2924 sus,
682 2856 937 2915 oltedieus
972 2859 1137 2925 patri,
1175 2858 1280 2911 Deo
1311 2858 1615 2910 immolatus
1659 2859 1708 2909 itt
1754 2857 1918 2923 figura
1964 2856 2089 2908 Jesu

521 2931 749 2996 Christi,
795 2933 882 2999 qui
925 2931 1136 2982 ohlatus
1166 2929 1391 2999 estDe‘o
1423 2927 1765 2999 Patri._Uxor
1806 2925 1949 2999 lsaac
1991 2925 2093 2977 lie-

526 3010 711 3065 becca,
747 2996 1011 3054 fia'tltuclis
1043 3001 1178 3063 li'ia,
1213 2997 1302 3051 lilii
1330 2997 1557 3061 Nacltor,
1590 2997 1764 3050 fratris
1792 2996 2088 3058 Abraham,

529 3083 699 3127 mater
722 3072 887 3126 Jacob
916 3080 968 3123 et
997 3068 1334 3160 Esaualsaaoc
1364 3069 1549 3160 plenus
1566 3068 1816 3160 (dierum,
1849 3076 1908 3160 et.
1928 3080 2089 3160 senex
2125 3099 2169 3160 Ο

526 3157 626 3197 cex
639 3159 709 3197 xx
736 3156 1023 3205 annorum,
1052 3140 1276 3211 moritur
1294 3138 1489 3211 justus,
1512 3138 1683 3211 a_ftliis
1704 3138 1813 3211 suis
1835 3137 2092 3211 sepultus.

600 3215 655 3267 ὅ.
696 3213 893 3271 Jacon,
942 3210 1079 3263 filius
1120 3209 1295 3273 Isaac,
1340 3208 1505 3261 frater
1549 3208 1721 3270 Esau,
1767 3207 1944 3259 fratris
1972 3221 2097 3272 sup-

530 3287 815 3353 plantator:
855 3280 1227 3353 Bettetlietus_a
1262 3288 1445 3353 patre,
1478 3278 1671 3353 nolens
1714 3285 1882 3353 pater:
1931 3278 2097 3353 Bene-

528 3346 704 3409 dictus
731 3368 758 3405 a
788 3351 916 3414 Deo,
954 3350 1135 3403 tolens
1164 3348 1323 3412 Deus,
1355 3348 1510 3401 simul
1541 3356 1593 3401 et
1625 3357 1811 3400 mater.
1846 3346 2005 3401 Ortus
2046 3346 2097 3399 in

533 3423 863 3484 lh-thsahee,
898 3424 1066 3473 factus
1106 3430 1256 3486 pater
1298 3417 1551 3471 tredecim
1594 3418 1821 3470 filiorum
1845 3458 1860 3482 ,
1902 3416 2097 3471 scalam

530 3496 663 3549 vidit
691 3495 744 3547 in
776 3492 959 3545 Betltel
988 3490 1279 3553 dormiens,
1312 3488 1528 3555 angelos
1558 3487 1609 3541 in
1642 3489 1817 3551 scala,
1848 3494 1903 3540 et
1932 3488 2097 3540 Deum

531 3566 585 3619 in
622 3565 734 3617 visu
775 3561 1142 3628 conspicit-ns,
1185 3560 1399 3628 luctavit
1436 3574 1557 3611 cunt
1603 3558 1743 3623 Deo,
1790 3558 2099 3628 benedictus

533 3635 603 3688 ab
629 3649 717 3688 eo.
748 3627 949 3686 Nomen
983 3640 1179 3693 mutat,
1214 3627 1381 3682 Israel
1409 3629 1553 3681 illuni
1594 3628 1898 3695 appellavit.
1938 3627 2099 3682 Valde

534 3705 716 3769 dives,
749 3704 800 3757 in
830 3703 1119 3771 Aigyptum
1156 3700 1323 3767 pergit
1354 3712 1512 3752 causa
1542 3699 1697 3751 famis
1724 3739 1738 3762 ,
1759 3698 1841 3771 ibi
1874 3696 2099 3771 moritur

534 3766 722 3842 plenus
751 3766 955 3825 dieruiti
986 3785 1169 3825 cum
1202 3766 1459 3842 annorum
1488 3786 1502 3832 ;
1547 3769 1874 3842 aroutatibus
1916 3766 2101 3842 condi-

536 3838 646 3908 tus,
678 3845 802 3899 inde
834 3843 1118 3896 translatus
1147 3855 1175 3893 a
1205 3838 1404 3906 Ioseph
1426 3878 1441 3902 ,
1487 3839 1729 3905 sepultus
1758 3840 1809 3891 in
1841 3839 2097 3908 spelunca

533 3907 731 3985 duplici
784 3913 835 3985 in
877 3923 1015 3966 terra
1060 3911 1308 3985 Chanaan
1334 3909 1483 3985 .Aubi
1523 3910 1791 3985 Abraham
1834 3907 2095 3985 e_t_Sara,

534 3979 682 4039 Isaac
709 3997 762 4037 et
791 3984 1025 4037 Rebecca
1044 4022 1059 4045 ,
1088 3982 1249 4034 simul
1280 3988 1335 4034 et
1364 3980 1452 4034 Lia
1476 4019 1489 4042 ,
1518 3980 1697 4047 jaceat
1724 3979 1938 4047 sepulti.

605 4057 661 4109 4.
697 4052 895 4109 Jossrn
919 4095 932 4117 ,
968 4054 1103 4106 filius
1132 4051 1297 4107 Jacob
1334 4060 1387 4105 et
1425 4049 1661 4118 Rachel,
1704 4048 1868 4102 frater
1909 4048 2101 4117 Benjao

535 4126 646 4177 min
670 4164 684 4186 ,
717 4124 769 4177 itt
802 4124 1177 4189 Mesopotamia
1209 4121 1379 4190 Syrim
1408 4120 1622 4190 odiosus
1638 4120 1924 4190 fratribus,
1952 4135 2098 4190 anta-

536 4194 662 4246 ltilis
691 4195 857 4262 patri,
885 4188 1179 4245 somniator
1210 4188 1493 4262 veridicos,
1526 4189 1577 4243 in
1611 4188 1898 4262 {Egyptum
1931 4205 1960 4241 a
1994 4189 2099 4242 fra-

543 4259 711 4316 tribus
741 4263 985 4315 venditur
1008 4262 1060 4314 in
1087 4263 1249 4323 figura
1280 4259 1511 4325 Christi,
1544 4260 1631 4329 qui
1660 4262 1990 4314 venundatus
2018 4268 2101 4313 est

539 4333 711 4396 pretio
739 4333 964 4400 argenti.
996 4330 1186 4384 Missus
1230 4331 1282 4383 in
1310 4344 1578 4400 carcerem
1620 4330 1736 4384 sine
1764 4331 1937 4397 culpa,
1973 4345 2098 4385 vere

538 4404 639 4456 sub
667 4403 792 4456 dolo
810 4398 869 4456 et
891 4401 1167 4457 mendacio
1192 4398 1492 4467 Putipltaris
1517 4400 1756 4455 feminze.
1781 4400 1899 4453 Fuit
1922 4401 2101 4453 Domi-

545 4489 642 4524 nus
671 4489 792 4527 cum
823 4471 1020 4539 Joseph
1053 4471 1102 4523 itt
1131 4462 1365 4523 carcere.
1393 4469 1609 4523 Somnia
1636 4471 1777 4538 regis
1808 4471 2097 4524 l'baraonis
2132 4462 2179 4521 Ι)
2205 4469 2370 4541 iratus
2403 4468 2657 4541 Dominus
2679 4462 2835 4541 dixit
2876 4473 2939 4524 ad
2988 4473 3201 4541 Moysen

541 4543 829 4608 revelavit,
882 4558 1003 4611 quae
1059 4556 1215 4594 nemo
1259 4541 1597 4610 interpretari
1633 4542 1842 4608 potuit;
1888 4550 2103 4607 propter

464 4610 479 4615 “
542 4613 643 4667 hoc
681 4629 709 4665 a
749 4629 874 4680 rege
913 4621 997 4667 est
1027 4615 1344 4675 honoratus,
1380 4611 1623 4678 princeps
1655 4611 1867 4680 Egypti
1900 4611 2098 4675 fartus,

539 4696 593 4736 et
621 4700 648 4736 a
679 4683 956 4737 Pharaone
987 4684 1120 4737 Sara
1172 4684 1347 4751 tofuite
1389 4681 1690 4735 nominatus
1711 4722 1725 4744 ,
1767 4682 1907 4747 quod
1938 4680 2100 4750 [Egy-

545 4754 721 4820 ptiace
751 4764 905 4807 sonat
935 4754 1107 4805 mundi
1132 4751 1393 4807 Salvator.
1420 4752 1651 4804 Ntttritor
1674 4754 1914 4815 fratrum,
1942 4753 2100 4806 simul

542 4834 597 4877 et
647 4823 837 4888 patris,
880 4825 931 4877 itt
980 4834 1218 4887 tempore
1256 4822 1387 4875 dirm
1426 4832 1473 4874 et
1523 4824 1697 4891 gravis
1740 4821 1916 4875 famis.
1960 4822 2101 4877 Vixit

542 4895 812 4963 longaevus
843 4895 1020 4947 multis
1049 4894 1236 4947 diebus
1264 4908 1363 4946 cxx
1397 4894 1566 4946 annis.
1603 4894 1655 4946 In
1698 4893 1929 4962 Aigypto
1958 4908 2102 4945 mor-

545 4973 688 5024 tttus,
714 4965 1043 5018 aromatibus
1071 4965 1315 5017 conditus
1338 4964 1387 5015 in
1417 4966 1530 5018 loeti
1558 4965 1761 5017 Iiresitlt
1796 4982 1844 5014 nt
1873 4964 2102 5033 Aigyp'o

540 5035 701 5104 375
742 5039 1033 5104 repositus,
1067 5050 1223 5087 curru
1254 5047 1373 5086 ossa
1395 5074 1409 5095 ,
1441 5045 1494 5088 ut
1525 5034 1638 5100 ipse
1680 5036 1916 5102 rogavit,
1950 5037 2099 5102 Moy-

542 5097 631 5158 {es
658 5097 726 5158 de
747 5097 979 5176 IEgypzo
1005 5097 1185 5158 secum
1221 5106 1477 5176 portavit,
1510 5097 1563 5158 et
1594 5105 1644 5157 itt
1678 5097 1914 5173 tempore
1941 5097 2101 5176 Josite

546 5176 773 5230 niinislri
806 5174 945 5244 regis
979 5176 1203 5242 populus
1234 5176 1286 5228 in
1318 5174 1509 5228 Sichen
1538 5176 1776 5242 sepelivit
1806 5190 1927 5228 ossa
1960 5174 2098 5242 ejus.

528 5252 536 5272 '
614 5245 667 5303 5.
707 5246 833 5307 Joa,
866 5248 955 5316 qui
984 5258 1035 5300 et
1061 5247 1257 5307 .Iohah,
1301 5244 1451 5310 cujus
1482 5256 1628 5314 pater
1659 5244 1819 5316 Zarat,
1849 5256 1905 5299 et
1934 5254 2102 5297 mater

548 5315 733 5373 Bosra.
783 5315 915 5369 zm
967 5328 1143 5370 autem
1193 5316 1333 5369 filius
1376 5316 1608 5385 Ragttei,
1653 5316 1745 5369 lilii
1788 5315 1961 5377 Esau,
2011 5315 2101 5368 lilii

547 5386 726 5450 Isaac,
774 5391 990 5453 quintus
1038 5389 1104 5439 ab
1154 5386 1420 5439 Abtaltam
1466 5403 1553 5439 rex
1602 5387 1827 5456 inclytus
1868 5386 1917 5438 itt
1963 5395 2101 5439 tera

546 5457 732 5510 Edom.
776 5457 868 5510 Vir
898 5458 1118 5525 simplex
1159 5467 1212 5509 et
1256 5467 1431 5510 rectus
1463 5457 1668 5511 Domini
1696 5455 1904 5510 Servus.
1951 5455 2105 5510 Dives

546 5541 607 5579 ac
639 5529 924 5593 prtcclartts
965 5530 1015 5581 itt
1065 5527 1219 5591 liliis,
1259 5537 1314 5581 et
1356 5529 1588 5594 filiabus,
1633 5531 1684 5580 in
1727 5528 2099 5593 possessione,

545 5596 721 5649 ovium
751 5609 950 5664 septem
994 5598 1187 5659 millia,
1231 5598 1355 5666 jttga
1399 5599 1554 5651 boum
1595 5600 2004 5666 quinquaginta,
2047 5608 2101 5651 et

546 5667 709 5718 multa
739 5667 955 5720 familia.
1001 5673 1037 5720 A
1088 5670 1193 5722 Deo
1239 5669 1523 5733 probatos,
1570 5683 1597 5719 a
1638 5670 1797 5722 Satan
1840 5677 2138 5731 tetttatus,.

549 5734 846 5795 substantia
874 5741 1108 5805 privatus
1128 5781 1143 5808 ,
1177 5738 1321 5809 lepra
1350 5753 1664 5809 percussus,
1699 5738 1822 5793 filiis
1850 5738 2104 5808 orbatus,

2198 1637 2354 1690 valde
2383 1638 2729 1710 maledictus,
2761 1653 2790 1692 a
2838 1638 2985 1693 fusis
3027 1640 3217 1695 amicis
3266 1641 3397 1698 false
3435 1652 3782 1710 consolatus.

2195 1717 2250 1782 et
2293 1708 2707 1782 eorum‘verhis
2751 1710 2922 1782 corde,
2955 1712 3329 1782 contristatus,
3375 1714 3615 1782 loquitur
3658 1708 3797 1775 cum:

2194 1778 2459 1851 Domino,
2492 1779 2851 1851 interrogatus
2878 1781 2945 1833 ab
2974 1781 3090 1847 ipso
3119 1783 3354 1851 seipsum
3402 1778 3778 1851 reprehendit.

2191 1847 2246 1901 ltt
2297 1850 2470 1904 favilla
2500 1857 2555 1903 et
2583 1850 2765 1904 cinere
2816 1847 3379 1920 pmttitetttiam'egit;
3434 1847 3703 1913 liberatus
3753 1875 3795 1913 ι

2192 1920 2388 1991 plaga,
2439 1920 2653 1991 additur
2707 1921 3023 1975 substantia.
3075 1920 3391 1976 Benedictus
3440 1939 3470 1977 a
3522 1927 3782 1991 Domino,

2189 1990 2394 2055 accepit
2444 1990 2676 2056 duplicia
2730 1990 2781 2043 in
2835 1992 2982 2055 vita,
3033 2002 3087 2045 et
3144 1993 3279 2045 filios
3332 1992 3425 2047 Dei
3480 1990 3774 2051 beneﬁcio.

2191 2058 2340 2112 Vixit
2370 2069 2487 2125 post
2518 2061 2721 2127 plagam
2753 2060 2942 2115 diebus
2974 2060 3157 2117 multis
3199 2078 3312 2117 cxx
3363 2067 3518 2120 annis
3547 2083 3563 2130 ;
3616 2071 3784 2123 mori-

2192 2138 2277 2184 tur
2304 2144 2468 2184 senex
2502 2139 2557 2184 et
2589 2132 2775 2198 plenus
2805 2131 3033 2186 dierum.

2262 2220 2610 2297 §._Movses,
2666 2224 2806 2297 filius
2854 2224 3076 2297 Ambre,
3118 2226 3211 2280 filii
3240 2227 3444 2287 Chalh.
3481 2228 3571 2284 lilii
3608 2231 3778 2297 Levi,

2192 2292 2285 2364 filii
2315 2293 2501 2347 Jacob.
2534 2295 2803 2360 Septimus
2833 2296 2901 2349 ab
2933 2297 3226 2359 Abraham,
3265 2300 3466 2364 Aaron,
3499 2313 3554 2354 et
3587 2292 3779 2357 Marii

2191 2363 2378 2429 frater,
2406 2377 2631 2431 quorum
2662 2374 2833 2418 mater
2885 2365 3167 2432 Jochabet,
3222 2368 3323 2420 filia
3380 2370 3527 2431 Levi,
3563 2372 3657 2424 lilii
3684 2372 3780 2426 1³-

2190 2433 2311 2486 cob.
2364 2434 2571 2503 Moyses
2602 2435 2651 2487 itt
2683 2434 2913 2504 Egypto
2944 2445 3118 2499 natus,
3150 2439 3321 2491 tribus
3349 2440 3625 2494 mensibus
3654 2443 3783 2497 abs-

2191 2503 2459 2577 conditus,
2509 2504 2632 2577 inde
2672 2507 2723 2577 in
2756 2503 3007 2577 tiscellam
3049 2508 3300 2573 stirpeam
3347 2512 3572 2577 positus,
3621 2520 3678 2563 et
3725 2515 3782 2566 in

2193 2575 2362 2639 ripam
2415 2574 2646 2627 fluminis
2695 2574 2983 2638 dimissus,
3038 2593 3067 2629 a
3126 2577 3230 2629 lilia
3265 2574 3561 2634 Pharaonis
3595 2582 3668 2634 ibi
3699 2593 3782 2637 est

2195 2643 2473 2708 inventus,
2509 2654 2563 2697 et
2592 2645 2659 2697 ab
2685 2661 2747 2699 ea
2781 2645 2991 2714 Moyses
3022 2648 3365 2713 nominatus;
3397 2665 3517 2703 eum
3567 2653 3781 2708 nutrire

2197 2714 2467 2781 pnecepit,
2502 2724 2555 2767 et
2583 2713 2633 2785 in
2666 2716 2827 2769 lilium
2860 2713 3149 2785 adoptavit.
3208 2718 3275 2772 Ut
3329 2720 3408 2773 vir
3463 2720 3639 2774 laetus
3670 2732 3778 2782 est.

2198 2785 2388 2860 fratres
2422 2784 2672 2860 visitavit.
2724 2786 2916 2860 Occiso
2969 2784 3330 2860 @gyptioJu
3362 2790 3563 2843 Madian
3617 2792 3780 2860 fugit,

2194 2864 2247 2906 et
2279 2854 2349 2908 ibi
2383 2864 2563 2921 pastor
2592 2856 2768 2907 ovium
2803 2856 2917 2908 fuit.
2972 2854 3088 2912 Ubii
3116 2854 3406 2912 fluminum
3437 2862 3485 2912 in
3516 2860 3653 2914 rubo
3678 2854 3782 2915 'ar-l

2194 2924 2340 2977 denti
2394 2923 2545 2986 vidit,
2577 2940 2733 2997 quem
2768 2927 3023 2981 Dominus
3052 2942 3083 2980 e
3114 2937 3248 2982 runo
3279 2933 3503 2993 vocavit,
3534 2941 3589 2984 et
3620 2932 3782 2997 prin-

2194 2997 2370 3061 cipem
2404 2996 2581 3072 populi
2614 2996 3286 3072 sui_constituit._Virt.utes
3318 3001 3505 3072 multas
3524 3002 3577 3054 in
3605 2999 3784 3072 (Egy-

2202 3076 2290 3129 pto
2338 3080 2430 3135 per
2486 3065 2658 3132 ipsum
2698 3064 2750 3117 itt
2784 3067 2915 3120 mari
2945 3076 3001 3122 et
3030 3070 3078 3118 in
3111 3084 3294 3122 eremo
3323 3070 3574 3123 Dominus
3607 3064 3737 3125 fecti
3764 3088 3789 3135 ;_

2201 3136 2333 3207 facie
2358 3134 2427 3207 ad
2462 3135 2646 3188 faciem
2683 3135 2962 3190 Dominum
2994 3138 3167 3199 vidit;
3202 3140 3369 3207 legem
3422 3141 3473 3192 itt
3525 3142 3676 3194 Sittai
3726 3134 3781 3196 ei

2201 3204 2437 3279 tigditlit,
2469 3220 2625 3273 quam
2662 3207 2773 3279 ipse
2807 3208 3061 3279 Dominus
3091 3204 3279 3277 digito'
3301 3211 3544 3276 scripsit,
3576 3211 3648 3265 de
3674 3227 3782 3279 qua

2200 3270 2401 3349 [Eurle,
2425 3270 2659 3349 et'quam
2705 3278 2955 3349 populum
2972 3270 3183 3345 semper
3202 3270 3628 3337 docuit.'terram
3650 3270 3776 3349 pro-

2200 3344 2466 3397 missionis
2497 3346 2644 3411 vidit,
2680 3344 2781 3400 Sed
2834 3348 3051 3401 minime
3082 3344 3313 3403 intravit.
3351 3349 3513 3403 Jussu
3542 3344 3785 3406 Dei'ver-

2201 3414 2356 3490 ticettt
2385 3414 2588 3490 Pltarga
2618 3416 2875 3483 ascendit,
2902 3429 2956 3470 et
2985 3419 3053 3471 ibi
3086 3420 3320 3474 moriens
3351 3421 3416 3474 ad
3451 3430 3633 3487 patres
3660 3437 3786 3490 per-

2200 3485 2484 3560 githplettus
2511 3488 2716 3560 dierum
2740 3502 2847 3542 cxx
2870 3503 3151 3560 annorum.
3177 3490 3341 3560 Cujus
3362 3485 3502 3544 oculi
3527 3508 3635 3545 non
3658 3485 3787 3545 sunt

2200 3554 2408 3629 caligati
2433 3596 2445 3615 .
2470 3571 2575 3629 nec
2604 3556 2795 3629 dentes
2826 3559 3012 3629 mutati
3031 3599 3047 3621 ,
3080 3560 3230 3629 cujus
3253 3554 3575 3627 'sepulcmm
3621 3577 3783 3615 nemo

2204 3625 2372 3701 vidit,
2403 3626 2484 3701 vel
2517 3626 2695 3689 novit,
2723 3630 2844 3701 quia
2878 3628 2992 3698 ipse
3026 3625 3276 3701 Dominus
3305 3625 3456 3684 illum
3489 3632 3784 3701 sepelivit,

2199 3702 2255 3749 et
2286 3695 2487 3763 planxit
2514 3711 2632 3749 eum
2666 3695 3035 3765 popttlus'xxx
3064 3700 3270 3753 diebus.

2272 3767 2324 3817 7.
2350 3767 2594 3842 _A.t_no.v_,_
2618 3768 2753 3821 filius
2794 3770 3023 3842 A_mbre,
3064 3770 3224 3842 frater
3256 3771 3459 3842 Moysi,
3494 3771 3644 3839 prior
3685 3788 3787 3826 n3-

2201 3835 2401 3889 scendo
2433 3837 2482 3889 itt
2515 3838 2681 3891 tribus
2709 3838 2895 3902 anuis,
2929 3844 3103 3894 minor
3132 3835 3452 3895 ltottore'in
3476 3835 3664 3900 multis
3710 3844 3787 3895 si-

2200 3906 2338 3973 gnis.
2385 3905 2647 3961 Sacerdos
2693 3908 2816 3973 Di,
2864 3912 3118 3978 propheta
3165 3910 3366 3976 fratris,
3415 3923 3613 3966 unctus
3661 3913 3803 3967 oleo

2201 3986 2416 4040 sancto,
2463 3978 2675 4031 indutus
2718 3990 2867 4033 veste
2909 3996 3001 4049 pra
3018 3982 3193 4045 clara,
3242 3983 3475 4035 intrabat
3517 3984 3698 4037 semet
3733 3987 3789 4038 in

2200 4055 2383 4118 sancta
2415 4048 2466 4118 iit
2494 4062 2635 4101 anno
2664 4062 2825 4103 orans
2857 4048 2951 4116 pro
2980 4054 3186 4118 seipso,
3216 4062 3271 4105 et
3302 4066 3397 4118 pro
3431 4054 3631 4118 populo
3650 4094 3665 4111 .
3698 4071 3791 4107 or-

2204 4125 2287 4170 tus
2314 4117 2364 4169 in
2397 4117 2662 4187 Egypto,
2696 4119 2937 4173 defessus
2969 4123 3016 4173 itt
3048 4117 3250 4185 eremo,
3286 4117 3471 4187 peccat
3502 4122 3555 4175 in
3593 4124 3788 4177 vitulo.

2201 4187 2374 4240 Urans
2404 4187 2565 4259 frater
2597 4203 2693 4257 pro
2722 4205 2786 4243 eo
2806 4229 2819 4249 .
2855 4199 3032 4258 postea
3065 4192 3381 4259 complacuit
3417 4190 3569 4254 Deo;
3607 4209 3669 4259 pr
3695 4209 3790 4245 νει-

2203 4266 2288 4310 tus
2336 4258 2855 4332 sorledwreditatis
2901 4261 2951 4314 itt
3002 4271 3140 4332 terra
3194 4258 3615 4329 promissionis,
3654 4280 3789 4332 quia

2203 4343 2307 4399 non
2334 4327 2562 4382 credidit
2594 4330 2755 4381 verbo
2784 4330 3051 4395 veritatis,
3087 4327 3342 4399 percussa
3387 4342 3532 4399 petra
3586 4332 3640 4385 in
3677 4327 3790 4386 Ca-

2202 4398 2463 4470 desbarue
2504 4412 2624 4452 cum
2672 4414 2807 4470 aqua
2850 4398 3305 4456 coittrailiCtiouis.
3354 4398 3457 4455 Pro
3500 4403 3595 4455 tali
3625 4404 3791 4470 culpa

3236 4492 3248 4525 :
3297 4472 3445 4525 Tolle
3477 4473 3659 4525 Aaron
3681 4513 3699 4536 ,
3734 4484 3792 4528 et

2206 4539 2371 4610 lilium
2402 4539 2545 4605 ejus,
2579 4550 2633 4593 et
2658 4539 2823 4594 duces
2852 4557 2945 4595 eos
2975 4543 3024 4595 itt
3071 4539 3303 4596 montem
3349 4542 3474 4603 Ilor,
3522 4545 3615 4610 qui
3659 4559 3787 4597 cum

2206 4609 2488 4663 nudaveris
2534 4618 2735 4677 patrem
2786 4622 2934 4666 veste
2963 4627 3088 4677 sua,
3123 4613 3309 4665 indues
3337 4628 3399 4666 ex
3429 4613 3510 4666 eis
3546 4609 3786 4666 Eleaza-

2206 4694 2322 4752 rum
2357 4680 2520 4752 lilium
2551 4681 2666 4749 ejus
2694 4696 2851 4734 tttatttt
2887 4693 2993 4736 tua.
3031 4686 3101 4736 Ita
3130 4684 3336 4752 Moyses
3367 4683 3523 4745 fecit,
3570 4693 3628 4735 ut
3681 4686 3781 4737 Do-

2203 4751 2379 4803 minus
2410 4750 2721 4818 imperavit,
2767 4762 2968 4819 pitrem
3013 4750 3297 4821 spoliavit,
3340 4754 3501 4807 filium
3538 4754 3779 4806 vestivit.

2202 4820 2379 4875 Aaron
2423 4822 2472 4872 in
2521 4832 2698 4875 monte
2744 4822 2852 4876 llor
2896 4820 3119 4877 moritur
3160 4839 3338 4877 coram
3384 4825 3531 4876 omni
3581 4826 3783 4890 papula

2204 4906 2345 4942 anno
2386 4891 2791 4960 quadragesimo
2836 4894 3156 4961 egressionis
3206 4894 3383 4962 populi
3429 4910 3496 4946 ex
3542 4893 3785 4963 iﬁgypto

2204 4975 2387 5014 mense
2431 4962 2617 5029 quinto
2667 4963 2828 5027 prima
2876 4965 2959 5017 die
3008 4966 3242 5027 mensis,
3275 4979 3392 5017 cum
3425 4974 3572 5017 esset
3609 4962 3781 5017 anno—

2202 5048 2319 5084 runt
2350 5046 2557 5095 cxxttt,
2592 5040 2647 5086 et
2674 5032 2743 5085 ibi
2776 5035 3050 5101 sepelitur,
3081 5044 3136 5087 et
3167 5050 3272 5087 xxx
3303 5034 3490 5087 diebus
3519 5052 3548 5084 a
3583 5036 3781 5102 populo

2204 5103 2507 5173 plangitur;
2558 5112 2623 5173 et,
2662 5117 2757 5170 pro
2795 5120 2866 5173 eo
2912 5105 3195 5159 Eleazarus
3240 5105 3489 5157 sacerdos
3535 5106 3776 5173 ponitur.

2201 5173 2367 5226 Soror
2412 5171 2531 5240 ejus
2578 5172 2739 5227 Maria
2790 5172 2842 5226 in
2892 5174 3063 5229 Cades
3109 5177 3253 5229 cadit
3300 5171 3550 5240 mortua,
3594 5185 3651 5229 et
3704 5176 3776 5229 ibi

2197 5242 2336 5312 jacet
2372 5258 2399 5293 a
2432 5242 2624 5311 pOpttlu
2654 5244 2876 5312 sepulta.

2275 5312 2437 5383 376
2465 5314 2520 5366 8.
2548 5314 2707 5377 Jesu,
2740 5316 2877 5368 filius
2908 5314 3023 5368 Non
3044 5356 3058 5378 ,
3089 5316 3177 5382 qui
3208 5330 3236 5367 a
3268 5316 3575 5381 parentibus
3608 5318 3778 5371 Anses

2207 5384 2505 5455 [Lornge,
2562 5385 2743 5454 Usee]
2802 5384 2972 5453 primo
3025 5387 3317 5455 appellatus
3368 5397 3485 5450 est,
3546 5402 3579 5438 e
3637 5390 3776 5441 tribu

2210 5455 2771 5525 Epltraittttfamttlus
2828 5457 3070 5522 Domini,
3124 5468 3178 5511 et
3229 5456 3471 5511 tnittiSIer
3526 5455 3773 5525 Moysis,

2209 5536 2364 5579 natus
2395 5527 2447 5580 in
2476 5524 2737 5593 «Egypto,
2768 5525 3097 5581 confortatus
3142 5530 3193 5579 itt
3241 5526 3463 5579 Domino
3487 5569 3504 5591 ,
3555 5524 3631 5580 et,
3657 5537 3779 5594 post

2210 5607 2434 5650 mortem
2468 5596 2703 5663 magistri
2734 5596 2900 5649 factus
2930 5608 3005 5651 est
3056 5598 3296 5664 princeps
3340 5601 3639 5665 prtecipuus
3684 5613 3777 5663 po-

2212 5668 2338 5735 puli.
2371 5668 2525 5719 Mittit
2554 5667 2918 5734 exploratores
2948 5668 3001 5721 itt
3031 5670 3215 5722 urbem
3244 5666 3457 5736 Jerictto
3487 5685 3500 5719 :
3537 5668 3781 5736 loquitur

2210 5734 2331 5794 euut
2361 5738 2610 5796 Domino.
2641 5745 2693 5793 et
2722 5736 2922 5812 audivit
2947 5751 2977 5793 a
3006 5737 3251 5810 Dowino,
3278 5734 3532 5795 Exaltabo
3552 5734 3781 5796 tc'ltodic
