4104 6184
327 291 351 350 Ι
363 289 463 344 9.77

1036 294 1324 354 APPEND.
1377 298 1495 356 xx.
1538 330 1608 343 .-
1648 288 1847 357 LIBER

2023 299 2207 358 oaru
2250 301 2337 358 er
2375 296 2577 362 omru
2622 284 2931 363 PATRUM.

3451 307 3588 370 ιιτε

325 414 499 492 coram
528 406 716 487 papula
745 420 878 492 ineo;
919 406 1093 492 Peigit
1129 415 1274 469 sicco
1313 414 1452 492 pe_de_
1488 414 1682 492 ﬂuenta
1704 415 1901 492 _Jorda-
1932 416 1981 474 Α
2010 410 2148 492 Petis
2188 413 2439 492 $ab_'otli,
2488 432 2555 492 ex
2608 419 2798 492 quibus
2843 435 2979 473 unus
2998 420 3072 492 ad
3105 422 3251 479 illum
3295 424 3508 492 volavit,
3533 441 3590 486 et

327 488 413 543 nis
437 484 560 542 cum
597 484 797 553 papulo
845 484 968 547 Dei,
1016 485 1068 537 in
1126 496 1315 552 campo
1357 485 1593 545 Galealis
1637 486 1898 540 subvertit

326 558 521 622 urbes,
553 566 826 626 tyrannos,
859 566 913 626 et
942 569 1094 624 rcges
1148 557 1408 624 gentium.
1443 556 1669 623 Imperat
1697 557 1795 609 soli
1844 563 1898 610 et

326 629 506 695 lunai;
558 624 820 680 steterunt
868 624 919 677 in
958 626 1122 695 caelo
1188 634 1243 679 et
1292 634 1431 679 terra
1481 627 1623 694 leges
1673 638 1895 680 naturae.

326 698 597 761 Praeponit
622 696 781 750 urbes
811 694 1004 759 simul,
1035 705 1084 748 et
1127 695 1305 758 vicos,
1352 696 1584 763 disponit
1628 697 1679 749 in
1723 708 1899 750 sortes

326 769 548 824 divisas.
594 767 915 820 Praedicabai
959 780 1170 831 semper
1213 766 1407 833 populo
1450 767 1651 820 Domini
1695 768 1896 836 legem,

320 839 575 909 judicavit
623 837 888 909 lsraeluiu
942 838 1087 901 pacis
1133 851 1348 909 semper
1391 838 1540 891 sede.
1592 837 1734 891 Vixit
1783 838 1898 909 lgn—

323 906 506 978 gzevus
546 908 733 978 plenus
776 907 981 978 dierum
1023 921 1055 961 c
1100 906 1255 959 simul
1308 916 1372 978 et
1406 921 1435 958 x
1477 921 1761 960 annorum.
1801 907 1898 962 Se-

323 976 503 1045 pultus
547 976 599 1031 in
645 976 1097 1043 Thamuatbsare,
1146 976 1499 1044 possessionis
1542 992 1655 1039 sua:
1704 986 1893 1047 parte,

323 1050 377 1104 ln
409 1058 591 1103 monte
623 1047 891 1113 Ephraiin.

390 1119 446 1173 9.
485 1118 735 1179 δΑιιυει,
768 1117 853 1182 qui
886 1117 1258 1184 interpretatur
1283 1116 1479 1183 positus
1516 1117 1567 1169 a'
1592 1116 1728 1176 Deo.
1760 1118 1898 1173 illius

320 1188 559 1254 Elcana,
612 1189 702 1243 lilii
747 1186 1067 1249 Jeroboam,
1116 1186 1211 1241 filii
1244 1186 1390 1251 Elin,
1421 1195 1569 1241 ortus
1617 1190 1669 1241 in
1714 1198 1897 1243 monte

322 1258 576 1327 Ephraim
598 1297 614 1323 ,
644 1268 798 1327 natus
828 1257 881 1310 in
913 1256 1168 1310 Ramatha
1190 1297 1205 1319 ,
1239 1258 1485 1327 princeps
1516 1266 1571 1311 et
1602 1258 1891 1325 propheta,

319 1326 601 1383 Nazaraaus
630 1326 940 1381 ab.inlantia
962 1368 976 1390 ,
1010 1327 1236 1381 famulus
1280 1326 1409 1393 Dei,
1442 1335 1498 1382 et
1536 1328 1782 1381 minister
1810 1344 1896 1383 sa-

319 1400 556 1454 cerdotis
606 1398 748 1459 lleli,
797 1396 950 1463 cujus
998 1406 1169 1452 mater
1220 1396 1454 1462 sterilis,
1507 1413 1628 1465 quae
1677 1408 1898 1453 VOCaltll‘

321 1472 509 1532 Anna,
541 1468 710 1522 oravit
742 1468 1016 1521 Dominum
1051 1467 1102 1520 in
1146 1467 1377 1535 templo,
1418 1472 1474 1522 et
1515 1467 1652 1521 facta
1696 1478 1779 1523 est
1819 1470 1897 1524 le-

320 1539 512 1593 cunda.
544 1537 673 1602 Quae
704 1538 934 1593 cantavit
960 1538 1223 1591 canticum
1243 1577 1259 1602 ,
1297 1536 1583 1591 Exsultavit
1614 1554 1701 1592 cor
1729 1556 1894 1593 meum

318 1611 372 1664 in
410 1609 649 1661 Domino.
679 1607 895 1664 Samuel
929 1607 1100 1663 lidelis
1141 1607 1287 1661 vixit.
1332 1606 1583 1671 Saulem,
1628 1618 1682 1664 et
1724 1609 1894 1663 David

321 1695 481 1747 super
530 1679 687 1735 sedes
737 1678 882 1747 regni
938 1678 1140 1747 posuit,
1174 1679 1462 1746 postulavit
1520 1678 1789 1747 pluviam,
1842 1690 1896 1735 et

321 1752 453 1815 pluit
482 1764 511 1803 e
540 1749 709 1813 coelo,
743 1748 930 1801 orabat
957 1763 1172 1817 semper
1214 1748 1280 1801 ad
1328 1747 1611 1803 Dominum
1657 1766 1750 1813 pro
1795 1765 1893 1818 po-

318 1821 446 1888 pqu
474 1834 595 1886 suo,
628 1818 809 1874 multis
838 1818 1026 1873 diebus
1058 1818 1307 1886 populum
1338 1818 1495 1873 rexit.
1529 1818 1856 1873 Grandaevus
1878 1861 1893 1883 ,

316 1900 371 1943 et
419 1903 583 1945 senex
630 1890 695 1943 ad
749 1897 928 1958 patres
975 1891 1224 1956 perrexit.
1272 1888 1442 1956 Quem
1476 1889 1701 1958 populus
1733 1890 1897 1944 Israel

322 1960 553 2025 planxit,
594 1968 652 2015 et
690 1959 741 2014 in
783 1958 942 2013 domo
980 1974 1075 2014 sua
1116 1960 1376 2015 llamatha
1420 1970 1578 2015 terra:
1615 1975 1738 2014 eum
1769 1975 1898 2015 con-

317 2029 468 2085 didit.

388 2102 474 2157 10.
518 2100 692 2155 vam
746 2099 883 2153 lilius
935 2098 1121 2165 Jesse,
1179 2098 1271 2153 lilii
1326 2098 1533 2167 Obetb,
1588 2099 1682 2154 lilii
1735 2099 1894 2166 Buzi,

315 2179 467 2225 ortus
508 2186 539 2225 c
585 2171 723 2225 tribu
768 2170 943 2233 Juda,
991 2179 1145 2227 natus
1195 2171 1245 2224 in
1296 2169 1559 2239 Ephrala,
1608 2171 1896 2239 przeclarus

320 2240 526 2306 forma,
559 2256 652 2295 rex
682 2251 735 2295 et
775 2243 1070 2309 proiiheta,
1115 2239 1613 2311 regessuperavit,
1660 2241 1895 2303 psalmos

315 2314 580 2378 cantavit,
611 2312 807 2366 bestias
837 2311 1154 2380 prostravit,
1184 2309 1406 2364 'Goliam
1450 2311 1748 2376 interfecit,
1786 2312 1895 2366 Du-

316 2385 519 2436 miuum
568 2396 783 2451 semper
843 2383 1049 2445 timuit,
1100 2381 1318 2436 robuste
1374 2380 1645 2451 regnavit,
1696 2382 1897 2437 Christi

317 2452 649 2507 nativitatem
691 2450 743 2507 et
787 2452 1107 2523 baptismum
1151 2452 1541 2523 prmnuntiavit.
1585 2450 1893 2523 l‘assionem

316 2532 371 2575 et
401 2521 1011 2591 resurrectioitem'ejus
1054 2522 1466 2583 demonstravit,
1508 2521 1893 2577 Ascensionem

313 2602 369 2645 et
398 2595 512 2663 ejus
542 2592 827 2647 adventum
857 2594 908 2647 in
940 2595 1044 2649 line
1071 2593 1322 2645 mundum
1341 2591 1583 2663 judicare
1608 2593 1896 2659 propheta-

312 2662 437 2727 vit,
465 2665 665 2717 electus
714 2664 842 2725 Dei,
892 2678 1050 2732 quem
1098 2664 1233 2716 Deus
1279 2664 1505 2726 amavit,
1571 2662 1788 2716 humilis
1841 2674 1896 2718 et

316 2734 463 2787 mitis
490 2748 615 2788 Oves
646 2735 808 2801 patris
840 2735 1015 2801 pavit,
1053 2748 1122 2787 χι.
1150 2748 1317 2786 annos
1351 2735 1400 2786 in
1435 2732 1595 2786 ISrael
1628 2735 1890 2801 regnavit,

313 2817 393 2856 vn
419 2816 587 2857 annos
616 2805 665 2856 in
700 2803 897 2866 libi-on,
928 2806 977 2858 in
1001 2803 1298 2858 Jerusalem
1336 2818 1502 2856 χχχιιι
1529 2817 1717 2856 annos.
1751 2804 1895 2857 Vixit

312 2873 602 2937 longaevus.
639 2874 896 2927 Dormivit
924 2889 1044 2928 cum
1079 2874 1316 2940 patribus
1349 2877 1400 2927 in
1433 2874 1649 2927 civitate
1685 2873 1848 2928 David
1875 2914 1891 2942 ,

312 2952 365 2997 et
396 2946 447 2997 in
483 2944 752 2998 Bethleem
782 2953 864 2997 est
897 2947 1154 3012 sepultus.

384 3015 471 3067 Η.
518 3017 672 3068 Ειιρις
712 3010 1023 3078 Ἰ“Ιιρςὶιὶιεέ,
1057 3016 1142 3073 qui
1177 3011 1558 3075 interpretatur
1598 3010 1853 3067 Dominus
1876 3054 1890 3079 ,

2008 482 2432 559 labia_ejuslgue
2452 482 2656 542 cmlesii
2688 492 2948 559 purgavit.
2983 490 3239 546 Gentibus
3268 495 3321 549 in
3352 482 3590 556 tenebris

2003 554 2190 606 mortis
2218 555 2528 609 sedentibus
2552 554 2775 612 salutem
2790 554 2853 613 ct
2878 562 3045 615 lucem
3070 566 3428 620 annuutiavit.
3455 554 3587 623 Par;

1999 624 2179 703 v_uluin
2207 638 2386 679 natum
2412 628 2478 681 de
2508 628 2729 705 νίςείιιθΔ
2753 629 2944 705 Deum,
2965 643 3016 685 et
3051 631 3343 699 hominem,
3363 648 3417 690 et
3441 639 3585 705 priu-

2000 692 2195 777 cipeui,
2232 706 2543 777 patremque
2570 692 2729 777 {litori
2760 692 2939 754 szeculi
2966 692 3363 777 ptzenuntiavit',
3383 692 3585 777 vii'gatn

2000 778 2031 816 e
2064 765 2271 842 radice_
2291 766 2443 842 Jesso
2468 769 2850 835 egredientem,
2870 765 3163 842 sepiilormi
3188 765 3376 842 Spiritu
3394 765 3588 833 lioFen-

2005 843 2132 897 tem,
2161 845 2214 887 et
2248 832 2659 892 fructiﬁcantem
2710 832 3064 907 prophetavit,
3100 832 3515 899 subversionem
3535 862 3589 903 et

1999 907 2356 961 Vastatiouem
2390 908 2676 977 Babylonis
2709 912 2974 978 praedixit.
3000 913 3182 968 Nudus
3210 925 3257 969 et
3292 915 3589 972 discalcea.

2005 981 2087 1054 t_os
2115 978 2284 1029 tribus
2337 980 2512 1044 anuis,
2561 979 2784 1054 jubente
2818 982 3063 1054 Domino,
3096 985 3418 1047 ambulavit;
3451 988 3585 1054 lapi~

2000 1042 2121 1126 dem
2151 1060 2416 1126 summum
2443 1042 2504 1101 et
2526 1042 2833 1119 angularem
2868 1053 2919 1105 in
2951 1042 3076 1106 Sion
3114 1042 3417 1122 ponendum
3450 1042 3585 1126 pra:-

1999 1112 2158 1193 dix‘it.
2218 1112 2684 1193 Salvatoretnfet
2735 1112 3194 1191 regnatoremfet
3229 1112 3583 1193 jiistissiiiitiin

1994 1181 2226 1250 judicem
2259 1184 2309 1238 in
2342 1187 2637 1262 .lerusalem
2689 1181 3001 1261 regnantem
3054 1181 3410 1262 a'nnun'tiavit,
3453 1181 3580 1251 cru;

1997 1258 2552 1327 ce_m_etpassiouem,
2583 1258 2888 1327 sepulcrum
2911 1273 2967 1318 et
2998 1258 3451 1322 resurrectionem
3481 1269 3585 1321 Do-

1999 1323 2128 1375 mini
2182 1325 2498 1393 declaravit,
2527 1323 2790 1395 judicium
2822 1342 3103 1387 venturum
3134 1344 3191 1389 et
3222 1349 3460 1390 mortuos
3498 1354 3588 1392 re-

1997 1404 2336 1469 surrecturus
2363 1398 2722 1464 prophetavit.
2749 1400 2800 1453 In
2820 1400 3116 1457 Jerusalem
3148 1408 3461 1469 praedicavit
3486 1409 3588 1463 sub

1998 1464 2241 1544 Manasse
2273 1480 2419 1535 rege,
2454 1481 2602 1544 serra
2651 1480 2831 1544 sectus
2865 1473 2916 1544 in
2946 1474 3078 1544 duas
3107 1464 3284 1541 partes
3314 1478 3585 1544 occubuit,

2002 1538 2243 1600 sepultus
2275 1538 2717 1615 est_siib_guerc_u
2743 1540 2910 1611 Ragel
2939 1543 3093 1615 juxta
3108 1538 3398 1599 “transitum
3422 1538 3587 1615 aqua;

1998 1617 2140 1685 rui_n_,
2174 1620 2307 1685 qpas
2333 1607 2460 1660 olim
2496 1608 2754 1685 Ezechias
2787 1607 2876 1665 rex
2902 1607 3244 1685 obstruxerat
3272 1607 3513 1685 pulvere.

2069 1675 2156 1753 ll.
2206 1674 2491 1742 Janeutas,
2524 1682 2612 1753 qui
2645 1680 3029 1753 interpretatur
3075 1674 3307 1739 excelsus
3349 1686 3585 1753 Domini,

1928 1768 1973 1829 Β
2002 1747 2259 1812 propheta
2282 1758 2348 1829 et
2366 1749 2640 1829 sacerdos,
2674 1747 2829 1829 quem
2866 1752 3120 1829 Dominus
3142 1755 3199 1829 in
3226 1766 3379 1829 utero
3400 1747 3587 1813 matris

2004 1829 2122 1895 stite
2144 1818 3006 1895 sanctilicavitLpuer'admodum
3052 1831 3108 1895 et
3141 1825 3421 1895 Benjamin
3458 1842 3586 1895 pro-

2003 1884 2240 1953 phetarit
2268 1888 2497 1962 imperio
2524 1884 2734 1962 D'omiui
2763 1893 2963 1962 virgam
2993 1884 3399 1962 vigilantein,et
3420 1884 3582 1952 ollam

2002 1968 2314 2031 succensam
2342 1974 2372 2012 a
2399 1957 3025 2031 laelegAquilonis'vidit.
3051 1957 3287 2019 Ruinam
3313 1957 3425 2021 sua:
3452 1968 3584 2022 clvi-

2003 2026 2128 2107 tati's
2156 2028 2485 2107 quadruplici
2511 2026 2797 2107 alpli'abeto
2828 2033 3052 2107 planxit,
3080 2035 3171 2106 qui
3201 2035 3443 2091 lumbare
3467 2038 3584 2107 jus-

1999 2109 2061 2149 su
2090 2095 2296 2171 Domini
2329 2095 2582 2171 portavit,
2611 2102 2698 2171 qui
2728 2095 3057 2171 lagunculam
3097 2095 3322 2159 iesteam
3368 2108 3421 2160 lu
3451 2095 3583 2163 Eon-

2001 2176 2184 2233 spectu
2216 2167 2423 2240 Domini
2446 2167 2802 2240 iregit,'queui
2818 2172 3085 2230 Fadassur
3107 2176 3359 2230 sacerdos
3383 2178 3434 2230 in
3459 2194 3581 2233 ner-

2000 2250 2126 2290 vum
2171 2237 2457 2317 misit,_cui
2492 2237 2750 2317 Dominus
2786 2242 2929 2317 duos
2969 2244 3210 2317 calathos
3243 2246 3356 2301 ﬁcis
3391 2248 3581 2317 plenos

1999 2307 2250 2387 ostendit.
2282 2306 2512 2364 Calicem
2535 2311 2754 2387 plenum
2785 2313 2878 2366 ira:
2902 2313 2995 2369 Dei
3016 2316 3263 2387 gentibus
3292 2328 3343 2371 et
3368 2306 3583 2387 regibus

2000 2377 2231 2452 miscuit,
2260 2388 2507 2452 catenam
2534 2380 2753 2452 iurcollo
2796 2377 3046 2452 portavit,
3080 2386 3131 2439 in
3181 2388 3315 2440 atrio
3345 2377 3582 2446 carceris

1999 2445 2218 2528 elausth
2253 2447 2376 2528 fuit,
2425 2450 2547 2505 inde
2598 2445 2857 2528 liberatus
2884 2456 2950 2509 ad
2980 2445 3205 2528 patriam
3240 2472 3462 2528 pergere
3485 2445 3579 2512 Vo;

1999 2515 2116 2593 luit.
2158 2517 2319 2593 _'l‘_ttne
2364 2521 2556 2574 iterum
2604 2522 2751 2577 illum
2801 2515 2995 2579 custos'
3028 2515 3263 2581 civitatis
3310 2515 3501 2593 ιέιιιιίι,
3529 2537 3583 2583 et

2003 2587 2334 2668 principibus
2363 2605 2484 2668 eum
2520 2592 2755 2657 tradidit,
2794 2594 3063 2668 principes
3093 2611 3219 2668 vero
3248 2599 3365 2651 irati
3398 2587 3583 2668 ﬂagel-

1999 2656 2163 2709 latum
2192 2663 2387 2712 iterum
2420 2659 2473 2712 in
2498 2656 2767 2716 carcerem
2794 2656 3085 2719 miserunt.
3119 2666 3232 2720 llex
3266 2671 3392 2722 vero
3421 2656 3498 2722 ad
3516 2669 3583 2722 il-

1998 2725 2105 2778 lum
2139 2730 2302 2791 misit,
2331 2738 2385 2783 et
2423 2729 2489 2784 de
2510 2745 2729 2787 carcere
2771 2735 2948 2787 traxit.
2984 2736 3251 2800 Principes
3283 2738 3472 2792 iterum
3496 2748 3582 2793 leo

2001 2808 2253 2876 nuerunt,
2281 2809 2333 2853 et
2358 2800 2598 2876 volentes
2626 2818 2745 2876 eum
2775 2806 3042 2868 occidere,
3074 2808 3125 2860 in
3151 2809 3325 2861 lacum
3360 2811 3581 2876 proluu-

1998 2867 2277 2921 dissimum
2312 2879 2366 2923 et
2394 2871 2595 2925 siccum
2634 2871 2851 2928 funibus
2882 2878 3164 2932 miserunt.
3195 2867 3451 2933 Dominus
3484 2893 3581 2933 au-

2000 2947 2103 3016 tem
2138 2952 2234 3004 per
2278 2954 2481 3016 manus
2509 2942 2875 3016 Abdemelech
2914 2943 3185 3016 Ethiopis
3233 2947 3519 3001 .leremiam
3545 2964 3577 3005 θ

1998 3005 2198 3087 laeti-et
2227 3019 2399 3062 morte
2429 3008 2694 3087 liberavit,
2726 3026 2780 3068 et
2802 3015 2855 3068 iu
2882 3005 3143 3071 vestibulo
3164 3021 3394 3087 carceris
3409 3033 3580 3087 usque

311 3081 406 3137 Dei
441 3084 699 3150 prOpheta
732 3099 983 3153 magnus,
1012 3074 1362 3166 adhuevivus
1384 3123 1399 3147 ,
1435 3083 1640 3166 Domini
1672 3074 1887 3166 servus,
1916 3106 1959 3166 ρ
1997 3074 2049 3166 ξι
2081 3078 2221 3132 diem
2263 3094 2367 3148 qua
2392 3081 2582 3166 giviqu
2627 3074 2778 3166 caput
2819 3093 2924 3166 est,
2959 3087 3270 3153 permansit.
3296 3074 3579 3143 Nabucl'io;

312 3155 633 3220 prardicator
664 3155 868 3207 l'uturus
890 3195 904 3218 ,
936 3169 1056 3207 cum
1088 3153 1417 3206 Antichristo
1456 3153 1508 3205 in
1553 3155 1654 3205 line
1702 3154 1882 3209 mundi

314 3233 675 3293 pugnaturus,
710 3237 782 3278 χι.
812 3225 923 3276 dies
952 3223 1238 3293 jejunavit.
1273 3222 1460 3278 Jonam
1496 3232 1762 3276 mortuum
1796 3239 1887 3279 su-

304 3295 550 3357 scitavit,
586 3309 633 3346 vi
665 3310 730 3345 mi
752 3309 875 3348 nses
901 3306 953 3348 et
984 3303 1092 3348 tres
1123 3307 1290 3348 annos
1323 3293 1553 3361 pluviam
1588 3294 1881 3363 prohibu;t,

307 3363 486 3431 ignem
518 3379 548 3417 e
576 3364 711 3419 cmlo
742 3378 903 3432 super
934 3378 1065 3433 quos
1098 3365 1261 3418 voluit
1287 3374 1337 3417 et
1366 3378 1558 3432 aquam
1588 3365 1774 3417 venire
1804 3365 1883 3418 le-

308 3435 400 3485 cit.
435 3434 533 3499 Qui
567 3434 753 3487 bovem
775 3475 788 3497 ,
823 3443 877 3487 et
907 3435 1147 3502 lapides,
1180 3444 1233 3487 et
1276 3449 1465 3500 aquam
1509 3435 1881 3499 comsumpsit.

304 3502 533 3557 Centum
565 3514 620 3558 et
646 3505 780 3557 duos
814 3506 955 3557 viros
985 3520 1147 3559 vorax
1181 3505 1391 3558 "anima
1423 3502 1712 3557 inti-rfecit.
1744 3504 1884 3559 idem

308 3572 498 3638 Elias,
544 3576 719 3628 cortis
772 3575 1231 3636 ministrantibus,
1285 3575 1338 3626 in
1395 3574 1645 3642 spelunca
1706 3575 1883 3641 vixit;

305 3644 481 3696 olemn
513 3653 566 3698 et
600 3645 826 3699 farinam
856 3644 1029 3698 vidule
1059 3644 1352 3700 benedixit.
1382 3644 1704 3699 Sacerdotes
1758 3644 1882 3700 Baal

303 3726 492 3768 omnes
539 3714 830 3769 interfecit.
877 3714 933 3767 Ιιι
984 3729 1140 3769 Curru
1175 3716 1329 3783 igneo
1374 3730 1543 3783 usque
1580 3715 1647 3766 ad
1693 3715 1885 3771 cadum

305 3785 567 3837 ascendit.
614 3787 652 3839 E
698 3796 839 3839 terra
874 3786 1089 3838 Arabon
1121 3796 1175 3839 ct
1206 3786 1347 3839 tr.bu
1380 3788 1554 3837 Aaron
1586 3797 1735 3838 ortus
1767 3784 1883 3839 fuit.

384 3853 467 3907 1‘2.
514 3855 769 3916 Russus,
814 3855 902 3924 qui
933 3858 1309 3922 interpretatur
1344 3854 1551 3908 Domini
1583 3856 1679 3907 mei
1708 3855 1884 3923 salus,

306 3924 570 3995 propheta
630 3926 909 3993 altissimi,
962 3925 1256 3995 discipulus
1314 3925 1471 3986 Elite,
1529 3935 1582 3979 et
1634 3929 1889 3994 magister

299 3991 457 4066 Jezi,
501 3991 721 4066 gratiam
777 3997 1015 4066 magistri
1070 3991 1339 4062 suscepit;
1390 3991 1889 4066 ﬂuentarlor'danis

304 4063 526 4131 divisit,
571 4077 625 4120 et
650 4068 796 4121 sicco
837 4063 970 4134 pede
1012 4081 1105 4133 per
1147 4068 1361 4119 [luvium
1413 4065 1684 4135 perrexit;
1725 4081 1888 4136 aquas

303 4147 517 4189 amaras
564 4136 615 4189 in
664 4150 816 4205 aqua:
864 4148 1105 4190 naturam
1152 4137 1456 4203 convertit;
1503 4136 1664 4190 ollam
1715 4145 1771 4188 ut
1817 4137 1888 4192 lel

303 4206 596 4259 ferventem
646 4207 961 4261 dulcoravit.
1014 4207 1267 4262 Seeurem
1299 4223 1329 4261 e
1357 4205 1593 4261 ﬂuminis
1624 4208 1889 4274 profundo

301 4277 535 4346 vocavit.
583 4275 820 4330 Naaman
850 4278 1136 4344 principem
1161 4278 1351 4344 Syriar,
1382 4280 1522 4346 lcpra
1550 4291 1883 4345 percussore,

301 4344 465 4415 377
515 4348 797 4417 purgavit;
846 4347 1164 4415 discipulum
1218 4344 1466 4416 cnpidum
1519 4344 1682 4415 lepra:
1736 4344 1888 4417 plaga

301 4418 601 4482 percussit;
622 4416 733 4470 olei
759 4419 1027 4484 paululum
1062 4418 1232 4471 viduae
1261 4418 1550 4473 benedixit.
1579 4419 1768 4472 Oleum
1795 4416 1887 4486 per

1993 3144 2234 3222 donosor
2266 3144 2356 3203 rex
2390 3151 2677 3222 Babylonis
2695 3144 2994 3209 'Jeremiani
3027 3172 3055 3211 a
3101 3173 3320 3213 carcere
3349 3167 3403 3213 et
3429 3171 3458 3211 a
3487 3172 3577 3215 ca-

1990 3218 2127 3291 tenis
2156 3219 2418 3274 liberavit.
2451 3218 2712 3278 Jeremias
2745 3240 2873 3291 ergo
2900 3236 3050 3281 ortus
3087 3243 3115 3281 a
3149 3230 3264 3281 vico
3287 3229 3578 3283 Anatbois-

1988 3289 2221 3365 des,_qui
2266 3291 2475 3365 viculus
2529 3294 2697 3365 tribi_i_s
2727 3311 2751 3343 a
2787 3289 2950 3364 378
2993 3297 3342 3365 Jerosolyinis
3372 3300 3577 3355 distans

1990 3359 2242 3435 millibus,
2267 3363 2507 3435 captivus
2540 3359 2941 3435 iningypt'u'm'
2941 3366 3129 3435 ductus
3159 3381 3189 3420 a
3209 3359 3415 3435 popqu
3436 3371 3574 3433 apud

1992 3425 2241 3496 Taplmas
2274 3425 2538 3496 lapidibus
2564 3425 3132 3489 obruiusobiit.1acet
3156 3425 3361 3490 vero-in
3385 3425 3575 3494 eodem

1991 3495 2111 3551 loco
2141 3495 2402 3576 sepultus,
2423 3517 2581 3569 quem
2603 3502 2810 3576 Pharao
2826 3516 2935 3576 rex
2964 3504 3312 3568 habitaverat,
3338 3509 3460 3576 quia
3481 3518 3576 3575 per

1991 3569 2400 3645 postulationem
2429 3570 2867 3645 suamdel’ugatis
2890 3575 2956 3629 ab
2980 3576 3170 3629 eodem
3204 3576 3321 3630 loco
3348 3569 3571 3645 serpen-

1992 3637 2154 3702 tibus,
2184 3638 2468 3713 Egyptios
2499 3640 2619 3696 fecit
2649 3637 2770 3698 esse
2810 3658 3028 3699 securos
3057 3661 3087 3699 a
3119 3655 3260 3699 tactu
3291 3637 3572 3713 aspid'uin;

1989 3723 2146 3778 quem
2175 3712 2338 3764 etiam
2374 3725 2565 3784 magna
2588 3729 2707 3769 cum
2735 3714 2992 3784 religione
3019 3717 3179 3771 iidem
3205 3716 3441 3788 Egyptii
3474 3712 3570 3773 ve?

1990 3794 2023 3831 ll
2061 3790 2269 3835 rantur.

2063 3848 2150 3924 is}.
2176 3850 2471 3924 lﬁzecuiec,
2505 3852 2639 3908 {ilius
2670 3854 2818 3917 Bozi,
2843 3856 2939 3924 qui
2960 3854 3339 3924 interpretatur
3361 3854 3571 3921 [orntu-

1991 3917 2059 3970 do
2092 3916 2206 3982 Dei,
2243 3928 2526 3989 propheta,
2572 3933 2628 3978 et
2674 3916 2929 3980 sacerdos
2980 3916 3260 3990 Altissiuii,
3293 3916 3413 3980 eum
3446 3926 3573 3982 Joa-

1990 3990 2134 4043 chim
2163 4004 2287 4066 rege
2315 3992 2558 4057 captivus
2588 3995 2779 4049 ductus
2830 3997 2884 4049 in
2920 3996 3266 4066 Babylonem,
3300 3998 3572 4053 tricesimo

1990 4074 2101 4136 suae
2121 4061 2293 4136 aetatis
2318 4075 2479 4136 anno,
2502 4072 2554 4117 et
2577 4066 2901 4133 captivitatis
2926 4061 3137 4135 quinto.
3163 4068 3487 4136 prophetare
3508 4076 3565 4123 et

1993 4129 2241 4206 loq_ui_ad_
2269 4131 2513 4206 captivos
2551 4129 2776 4189 exorsus
2801 4144 2901 4189 est.
2932 4129 3026 4190 Cui
3058 4129 3181 4190 coeli
3214 4129 3385 4206 aperti
3416 4146 3564 4202 sunt,

1990 4208 2045 4277 et
2073 4200 2163 4254 Dei
2196 4199 2431 4277 visiones
2460 4207 2721 4277 obscuras
2737 4217 2792 4259 et
2814 4206 3086 4260 mirabiles
3112 4199 3262 4260 vidit:
3294 4209 3374 4262 Ad
3405 4199 3568 4277 quem

1990 4269 2186 4346 factum
2210 4280 2294 4346 est
2317 4271 2542 4346 verbum
2575 4274 2808 4341 Domini,
2830 4290 2989 4346 super
3009 4290 3164 4345 quem
3196 4277 3329 4331 facta
3352 4269 3436 4332 est
3456 4292 3569 4331 ma-

1991 4355 2091 4394 nus
2123 4341 2328 4417 Domitii
2360 4342 2411 4395 in
2442 4344 2648 4417 visione
2693 4341 2911 4417 magna,
2947 4357 2998 4403 et
3028 4341 3282 4413 mirabili,
3319 4351 3372 4401 in
3401 4356 3568 4403 Vento

1991 4420 2048 4486 et
2071 4412 2211 4465 nube
2240 4411 2482 4486 fulgenti,
2516 4415 2566 4467 in
2604 4415 2724 4485 igne
2744 4411 2807 4471 et
2825 4417 3112 4486 splendore
3159 4411 3483 4485 splendenti,
3513 4419 3566 4472 in

300 4463 626 4557 vasa—pauca
1045 4463 1883 4556 ii'di."EaiiE;"'r€piévii
1920 4463 1967 4522 ο
1993 4484 2196 4557 electro
2221 4463 2558 4557 clatfesceiiti,
2584 4463 2724 4541 iiﬂer
2744 4463 2886 4557 quos
2898 4463 3425 4557 conspexitiiuatuor
3450 4487 3567 4541 ani-

300 4555 554 4629 creditori
570 4556 813 4629 debitum
838 4560 1029 4621 reddit,
1057 4570 1112 4612 et
1131 4560 1196 4612 de
1222 4560 1342 4629 oleo
1371 4555 1507 4629 liliqs
1538 4558 1612 4629 lib
1633 4573 1735 4611 vros
1762 4560 1884 4612 red-

300 4624 470 4689 dit,et
485 4628 687 4695 reliquo
709 4628 820 4694 ipsa
845 4642 964 4681 cum
989 4629 1109 4681 liliis
1137 4628 1285 4683 vixit.
1308 4624 1512 4683 iﬁliseus
1536 4628 1716 4681 vivens
1738 4643 1885 4682 mor-

304 4705 450 4764 tuam
474 4699 766 4764 suscitavit;
796 4699 998 4753 Eliseus
1022 4709 1263 4753 mortuus
1287 4708 1552 4753 mortuum
1576 4698 1879 4753 vivilicavit.

302 4762 514 4820 Eliseus
543 4782 607 4821 ex
641 4762 892 4823 Abdelam
926 4785 952 4820 a
986 4780 1124 4823 terra
1159 4772 1341 4824 ltuhen
1374 4781 1522 4821 ortus
1555 4768 1652 4821 fuit
1674 4807 1689 4833 ,
1724 4785 1882 4837 quem

299 4849 425 4908 cum
457 4848 627 4890 mater
656 4837 773 4907 ejus
816 4842 1058 4908 peperit,
1104 4840 1267 4892 vitula
1324 4854 1485 4893 aurea
1528 4853 1648 4893 cum
1689 4856 1883 4908 magno

302 4905 467 4977 boratu
499 4908 549 4961 in
579 4905 1120 4977 Calgalis'clamavit,
1155 4913 1224 4963 ita
1269 4920 1327 4964 ut
1363 4909 1586 4977 populus
1627 4909 1678 4961 in
1721 4905 1880 4964 Jeru-

299 4976 471 5030 salem
502 4976 715 5033 boatum
747 4981 979 5033 audiret.
1012 4982 1159 5034 'l'uuc
1190 4979 1328 5034 dixit
1358 4976 1606 5034 sacerdos
1643 4994 1880 5047 prmsens

300 5047 526 5119 audiens
571 5051 928 5104 miraculum:
982 5050 1177 5112 Hodie,
1234 5052 1440 5119 inquit,
1482 5052 1710 5103 nascitur
1759 5067 1885 5119 pro-

300 5116 456 5189 plieta
505 5121 832 5187 futurorum,
879 5122 968 5189 qui
1021 5122 1239 5173 civitatis
1291 5116 1569 5174 simulacra
1623 5116 1880 5175 distribuit

299 5187 564 5258 (destruit)
594 5191 870 5243 idolorum.
893 5187 1109 5245 Eliseus
1139 5193 1190 5244 iu
1223 5191 1466 5247 Samaria
1512 5201 1751 5246 mortuus
1773 5232 1788 5258 ,
1827 5202 1882 5247 et

298 5257 372 5311 ibi
402 5261 661 5327 sepultus.

376 5328 462 5400 tif).
497 5331 684 5397 lsuas,
710 5330 845 5384 lilins
875 5333 1058 5394 Amos,
1084 5331 1221 5383 salus
1246 5330 1452 5384 Domini
1476 5331 1874 5400 interpretatur,

297 5399 352 5453 in
378 5396 699 5471 _.lerusalem
752 5403 1007 5469 propheta
1040 5402 1309 5470 egregius,
1341 5412 1395 5456 et
1446 5396 1648 5471 martyr
1679 5396 1874 5470 justus,

300 5468 765 5541 uobilisgenere,’
786 5472 1017 5526 nobilior
1043 5468 1315 5527 sermone.
1349 5473 1458 5528 Sub
1489 5468 1716 5541 quatuor
1739 5474 1878 5540 regi-

296 5541 399 5593 bus
422 5540 571 5603 Ozia,
597 5539 846 5607 Joathan,
878 5542 1082 5605 Acbaz,
1114 5541 1366 5605 Ezechia,
1391 5539 1744 5611 prophetavit.
1775 5539 1877 5597 Do-

296 5614 504 5664 minum
549 5611 822 5666 sedentem
865 5611 1001 5665 Solio
1046 5614 1264 5666 excelso
1292 5613 1691 5682 contemplavit.
1718 5614 1875 5669 Sera-

295 5682 422 5744 phin
448 5696 519 5734 xu
542 5682 655 5737 alas
689 5682 836 5737 claro
860 5695 912 5735 et
940 5684 1137 5737 celebri
1182 5683 1417 5735 carmine
1442 5682 1725 5736 Dominum
1757 5682 1872 5736 col-

295 5748 577 5821 laudautcs
606 5752 804 5813 audivit
827 5753 1071 5823 Sanctus,
1099 5751 1347 5823 Sanctus,
1374 5751 1598 5810 Sanctus
1618 5752 1873 5809 Dominus

1993 4554 2298 4626 _malia_cu_m
2330 4556 2541 4622 pennis,
2569 4564 2625 4610 et
2655 4554 2897 4626 pedibus,
2931 4565 2986 4610 et
3018 4554 3290 4620 usauibus,
3322 4556 3483 4609 homo
3510 4566 3566 4611 et

1989 4623 2091 4685 leo,
2124 4623 2320 4676 vitulus
2350 4634 2405 4678 et
2443 4623 2921 4693 aquilanuatuor
2951 4627 3215 4694 conspicit
3247 4635 3390 4679 rotas
3410 4626 3563 4694 juxta

1986 4695 2233 4747 animalia
2263 4709 2331 4747 ex
2357 4697 2502 4749 omni
2535 4707 2685 4764 parte
2715 4697 2881 4751 oculis
2924 4698 3099 4763 plena,
3123 4704 3177 4748 et
3201 4710 3320 4750 cum
3354 4698 3563 4749 anima-

1990 4763 2128 4818 libus
2150 4766 2307 4817 simul
2333 4763 2757 4820 disCurrentibus
2783 4767 2985 4820 audivit
3025 4781 3215 4820 sonum
3244 4766 3447 4819 alarum
3479 4770 3563 4833 ip-

1986 4848 2189 4897 Saruui,
2223 4845 2279 4887 ut
2314 4850 2502 4888 sonum
2527 4847 2826 4890 castrorum
2868 4848 2922 4892 et
2960 4851 3217 4904 aquarum
3249 4839 3563 4904 multarum,

1989 4905 2269 4971 portabant
2297 4905 2561 4972 capitibus
2592 4906 2741 4975 quasi
2774 4910 3184 4969 lirmamentum,
3205 4916 3259 4959 et
3281 4921 3443 4974 super
3472 4909 3564 4959 lir-

1988 4987 2256 5028 tuatnento
2276 4977 2426 5043 quasi
2459 4980 2706 5029 thronum
2739 4978 2987 5045 positum,
3024 4990 3075 5031 et
3109 4977 3160 5030 in
3192 4977 3390 5029 throno
3416 4978 3563 5045 aspi-

1984 5046 2057 5118 cit
2082 5048 2231 5118 quasi
2258 5046 2457 5118 vultum
2482 5045 2736 5118 hominis,
2767 5059 2822 5100 ut
2845 5048 3098 5101 electrum
3129 5047 3333 5118 lulgens
3365 5048 3415 5100 in
3449 5061 3563 5101 ine—

1984 5116 2073 5169 dio
2102 5116 2259 5184 ignis,
2293 5116 2408 5170 hmc
2429 5117 2609 5171 omnia
2641 5118 2825 5171 videns
2846 5118 3040 5172 cecidit
3062 5119 3113 5171 in
3142 5116 3350 5179 faciem,
3386 5126 3441 5170 et
3466 5130 3561 5169 au-

1984 5188 2113 5257 divit
2148 5202 2329 5239 vocem
2351 5189 2416 5239 ad
2453 5203 2574 5239 eum
2607 5188 2935 5256 loquentem,
2966 5198 3020 5241 et
3047 5203 3209 5257 super
3239 5188 3404 5255 pedes
3430 5199 3560 5240 suos

1984 5256 2128 5309 illum
2158 5257 2472 5324 erigentem,
2495 5260 2731 5312 ostendit
2752 5258 2801 5312 ei
2833 5259 3049 5321 librum,
3085 5256 3241 5325 quem
3289 5271 3446 5309 manu
3478 5264 3557 5308 te-

1982 5326 2161 5390 nebat,
2187 5337 2239 5378 et
2259 5328 2511 5395 expandit
2536 5330 2807 5395 volumen,
2827 5339 2881 5380 et
2902 5328 2969 5381 ad
2998 5343 3119 5381 eum
3145 5327 3393 5380 dicebat:
3421 5330 3558 5391 Ape-

1982 5398 2027 5448 ri
2055 5412 2110 5447 os
2141 5405 2299 5459 tuum,
2334 5405 2381 5448 et
2408 5400 2613 5451 comede
2637 5400 2773 5452 hunc
2802 5398 3029 5462 librum;
3057 5408 3111 5451 et
3138 5399 3251 5465 ipse
3285 5398 3426 5451 hunc
3446 5406 3557 5448 sta-

1982 5468 2074 5519 tim
2095 5538 2099 5539 r
2121 5467 2375 5539 comedit,
2408 5478 2462 5520 et
2493 5478 2549 5539 ut
2578 5472 2680 5522 mel
2714 5469 2963 5539 gustavit,
2995 5478 3047 5522 et
3075 5468 3275 5539 viscera
3309 5466 3554 5539 replevit,

1979 5546 2035 5591 et
2058 5537 2195 5603 plebi
2222 5536 2554 5605 praedicavit,
2580 5536 2817 5593 visiones
2839 5539 2971 5592 alias
3000 5537 3358 5593 multilormes
3388 5537 3554 5600 vidit;

1981 5608 2034 5660 in
2064 5608 2255 5678 quibus
2282 5608 2520 5671 urbibus,
2555 5610 2792 5678 regibus,
2823 5610 3089 5676 gentibus,
3141 5609 3354 5668 insulis.
3385 5622 3555 5678 papu-

1981 5678 2067 5737 lis,
2098 5675 2277 5745 plagas
2304 5688 2553 5733 venturas
2593 5675 2758 5735 verbo
2798 5675 3006 5732 Domini
3048 5675 3550 5746 prmdicavit,‘ca‘m-

1979 5763 2101 5818 pum
2125 5750 2339 5819 plenum
2374 5751 2584 5810 ossibus
2612 5750 2772 5810 siccis
2812 5761 2973 5823 super
2996 5761 3115 5822 qua:
3142 5762 3339 5811 nervos
3367 5760 3423 5809 et
3450 5750 3546 5806 vis
