4104 6184
543 282 683 339 1279

1333 278 1419 331 AD
1457 277 1514 333 S.
1556 277 1802 335 lSlDOlll
1846 275 2296 335 HlSPALENSIS
2333 276 2562 334 OPERA
2601 280 3042 337 APPENDICES.

3666 285 3813 342 12εο

539 416 662 457 cera
685 399 866 456 venire
895 399 1045 462 Vidit,
1076 404 1129 451 et
1159 399 1277 465 ipso
1308 397 1659 464 prophetante
1693 398 1746 447 ln
1781 408 1900 446 ossa
1933 393 2115 446 omnia
2148 392 2194 447 Α
2224 406 2473 465 parcere,
2511 402 2577 465 et
2613 409 2793 458 pacem
2851 395 3049 447 donare
3108 394 3386 463 prredicat;
3419 398 3808 456 abundantiam

539 474 759 535 Spiritus
784 472 907 523 vita:
935 469 1172 533 intravit,
1204 473 1471 522 civitatem
1502 466 1853 533 spiritualem,
1880 478 1925 516 et
1958 468 2117 515 mira-

543 543 701 598 bilem
732 551 1037 609 vergentem
1076 541 1139 591 ad
1170 551 1429 595 austrum,
1460 552 1584 609 cum
1620 538 1808 603 portis,
1847 535 2035 600 plateis
2066 542 2119 586 et

543 615 723 666 multis
738 607 977 664 a-diliciis
997 610 1143 674 vidit,
1161 626 1278 678 qua)
1298 607 1581 665 carnaliter
1609 609 1945 676 aliquatenus
1971 615 2119 658 stare

543 698 647 737 non
678 683 864 747 putuit.

615 746 703 809 16'.
731 755 995 807 lizscmsr.
1035 751 1277 821 fortitudo
1310 751 1399 804 Dei
1423 752 1820 821 interpretatur,
1856 746 2117 821 terraSa-

542 824 647 876 rira
682 832 855 883 ortus,
886 835 937 875 et
968 819 1371 884 in'Chaldaram,
1396 832 1452 874 ut
1478 820 1837 881 rrmdiximus,
1868 819 2114 883 captivus

543 894 757 957 ductus,
790 894 968 961 ibique
1000 893 1226 961 populus
1260 892 1417 946 Israel
1467 905 1587 942 emn
1635 890 1805 941 occidi
1840 890 2115 961 prmcepit,

543 967 795 1030 quoniam
826 958 894 1015 ab
923 958 1111 1015 eodem
1147 963 1399 1029 pmpheta
1450 961 1831 1028 arguebantur,
1867 971 1931 1030 ne
1960 958 2119 1030 idolis

546 1026 831 1087 servirent.
869 1035 1018 1087 lluuc
1046 1026 1173 1089 em
1203 1026 1446 1098 sepelivit
1476 1026 1698 1097 populus
1729 1030 1780 1082 in
1822 1029 1935 1082 auri
1963 1026 2118 1097 [Lege

470 1103 790 1174 tglllaurim]
819 1119 945 1170 agro
965 1103 1212 1164 sepulcro
1242 1105 1537 1174 Arphaxal.

483 1169 512 1186 ”
622 1174 710 1227 17.
749 1169 971 1232 Damt.
1012 1174 1149 1226 ﬁlius
1182 1169 1353 1233 Abda,
1380 1169 1757 1239 judiciumbci
1806 1170 2119 1236 interpreta-

548 1253 657 1304 tur,
688 1260 751 1298 ex
807 1246 943 1298 tribu
976 1244 1107 1296 .luda
1139 1253 1309 1305 citus,
1340 1245 1389 1295 in
1426 1241 1686 1295 Betheron
1718 1240 1996 1302 superiore
2025 1255 2118 1292 na-

547 1323 651 1379 tus,
685 1330 813 1379 puer
861 1315 1147 1367 admodum
1197 1314 1437 1381 captivus
1469 1312 1520 1363 in
1552 1310 1871 1381 Babylonem
1902 1312 2112 1381 ductus,

549 1387 803 1451 propheta
834 1386 1150 1453 prmcipuus,
1186 1379 1308 1436 curn
1340 1400 1445 1451 quo
1481 1380 1731 1453 Dominus
1762 1380 1876 1453 fuit.
1898 1379 2114 1453 Princi-

546 1449 666 1519 peni
718 1449 946 1521 namque
989 1449 1147 1519 super
1174 1449 1469 1521 principem
1520 1451 1617 1503 sibi
1667 1452 1859 1521 posuit.
1892 1449 2109 1521 somnia

550 1540 777 1593 namque
807 1519 946 1590 rcg‘s
974 1519 1486 1583 NabuchodonoSor,‘
1512 1521 1563 1574 in
1595 1520 1778 1587 grandi
1803 1519 2038 1588 imagine
2063 1530 2117 1593 et

548 1595 599 1647 in
630 1591 817 1661 magna
848 1596 1038 1648 arbore
1068 1594 1345 1648 revelatit.
1384 1593 1626 1646 Visiones
1676 1605 1893 1656 magnas
1936 1599 1990 1644 et
2019 1591 2117 1643 mi-

548 1666 745 1718 rabiles
795 1665 909 1732 ipse
959 1667 1253 1732 conspexit,
1281 1674 1509 1732 quatuor
1537 1670 1723 1713 ventos
1744 1661 1864 1715 «eli
1892 1675 2114 1732 magnos

2227 462 2497 525 frumenti,
2533 464 2637 516 vini
2665 474 2719 518 et
2751 465 2874 527 olei,
2919 475 2973 517 et
3004 462 3183 533 pacem
3216 467 3421 520 Domini
3464 468 3671 526 donare
3701 476 3807 527 sibi

2222 533 2580 589 servientibus
2610 535 2871 609 promisit.
2903 536 3154 609 §piritum
3186 552 3339 609 suum
3366 550 3609 609 sanctum
3635 558 3801 609 super

2222 616 2408 674 servos
2436 613 2490 656 et
2516 605 2735 658 ancillas
2768 621 2892 658 suas
2908 606 3186 659 Dominum
3215 607 3492 662 eﬂ'undere
3524 605 3806 674 pnndiiit.

2220 672 2458 745 seniores
2484 678 2689 727 somnia
2721 680 3009 740 Somniare,
3035 688 3086 729 et
3110 677 3335 745 juvenes
3359 672 3591 734 visiones
3618 672 3812 737 videre

2224 740 2273 814 i_o
2313 744 2534 814 Domino
2564 745 2916 812 prophetavit.
2948 746 3062 799 J'tel
3098 740 3220 801 vero
3271 748 3524 814 propheta
3557 767 3621 803 es
3657 755 3806 806 tribu

2224 809 2409 866 Ruben
2440 809 2612 875 ortus.
2630 809 2678 867 in
2703 832 2831 885 agro
2856 818 3118 871 Bethcron
3152 809 3327 879 natus,
3345 809 3398 871 et
3421 818 3620 874 ibidem
3646 822 3806 887 obiit,

2220 890 2272 933 et
2300 896 2483 953 pausat
2514 888 2773 953 sepultus.

2288 951 2378 1029 20.
2412 956 2559 1009 Αιιοε
2579 951 2589 953 “
2608 958 2862 1010 thesbites
2889 966 3084 1024 potens,
3119 957 3201 1011 vel
3231 962 3397 1027 fortis.
3424 968 3515 1012 aut
3542 962 3805 1029 populum

2221 1021 2461 1078 divelleris
2487 1021 2897 1091 interpretator,
2917 1029 3198 1093 propheta,
3230 1021 3283 1083 et
3310 1040 3511 1095 pastor.
3542 1021 3765 1086 'et'rusti
3786 1063 3803 1076 -

2219 1107 2332 1168 cus,
2363 1102 2417 1148 et
2435 1098 2693 1168 ruborum
2720 1112 2863 1150 mora
2897 1098 3237 1168 distringens.
3264 1100 3429 1168 380
3461 1103 3638 1166 paucis
3669 1117 3803 1157 ver-

2222 1160 2300 1237 bis
2325 1165 2577 1233 explicari
2612 1181 2712 1218 non
2747 1175 2941 1234 potest.
2984 1160 3114 1234 Quis
3142 1160 3308 1221 enim.
3323 1160 3490 1234 digne
3520 1172 3799 1237 exprimet

2221 1236 2319 1288 tria
2337 1244 2388 1288 et
2412 1244 2637 1301 quatuor
2662 1239 2859 1290 scelera
2889 1238 3149 1300 Damasci,
3170 1238 3334 1303 Gaze,
3360 1241 3510 1300 'l‘nri,
3539 1236 3792 1306 Iditmez,

2222 1309 2358 1380 [idos
2402 1306 2658 1380 Ammon,
2703 1318 2756 1360 et
2784 1307 2984 1380 Moab,
3019 1317 3071 1361 et
3106 1308 3167 1380 in
3224 1311 3451 1375 septimo
3498 1323 3801 1380 octavoque

2219 1376 2543 1450 graduJuda_
2562 1387 2615 1429 et
2642 1375 2945 1450 lsrael?~hic
2978 1378 3206 1445 laquitur
3232 1384 3295 1431 ad
3326 1395 3514 1435 vaccas
3548 1375 3797 1450 pingues,

2218 1462 2334 1511 qua:
2377 1456 2503 1500 sunt
2532 1448 2582 1500 in
2617 1458 2797 1503 monte
2829 1447 3098 1514 Samauze,
3135 1450 3389 1503 ruituram
3437 1447 3668 1504 domum
3697 1469 3802 1505 ma-

2214 1518 2386 1586 jorem
2421 1519 2803 1585 minoremque'
2819 1528 3058 1571 testatur.
3093 1519 3207 1588 Ipse
3235 1521 3405 1573 cernit
3438 1522 3689 1575 lictorem
3716 1524 3797 1575 lo-

2218 1598 2405 1648 cusuc,
2439 1596 2491 1640 et
2515 1598 2742 1641 Stantem
2770 1589 3050 1643 Dominum
3084 1605 3244 1656 Super
3274 1606 3479 1644 murmn
3514 1593 3694 1649 litum.
3720 1595 3801 1647 vel

2219 1658 2642 1724 adamantinnm,
2684 1668 2737 1711 et
2765 1658 3089 1728 onychinum
3141 1662 3462 1727 pomerium,
3494 1670 3549 1713 et
3581 1663 3805 1717 trahen-

550 1733 601 1785 in
637 1736 769 1788 mari
814 1728 1128 1803 pugnantes,
1185 1746 1239 1787 et
1270 1728 1497 1801 quatuor
1528 1732 1726 1785 bestias
1759 1730 2024 1803 terribiles
2048 1732 2114 1784 de
2147 1738 2191 1796 Β
2222 1739 2324 1803 tem
2357 1728 2615 1803 supplicia
2648 1730 3037 1803 peccatoribus,
3070 1740 3123 1784 et
3165 1730 3357 1803 famem
3402 1731 3452 1783 in
3484 1742 3657 1803 terra,
3695 1750 3805 1788 non

550 1807 685 1857 rnari
735 1801 1012 1873 suirgeiites
1040 1805 1246 1871 aspicit,
1281 1805 1505 1858 thronos
1529 1802 1728 1867 positos
1754 1812 1809 1873 et
1836 1801 2113 1873 Vetustum

549 1874 754 1927 dierum
788 1872 845 1927 in
871 1876 1060 1928 throno
1084 1876 1236 1943 igneo
1256 1876 1528 1933 sedentem
1553 1872 1858 1943 Conspexit;
1884 1872 1967 1925 cui
2000 1873 2117 1924 mil-

550 1943 617 1995 lia
646 1944 866 1997 millium
891 1942 1198 2014 angelorum
1225 1942 1873 2014 ministrabant.etd_ecics
1887 1950 2114 1995 centena

550 2011 1347 2085 rnilliajtssistebant,judicium
1377 2014 1692 2085 positum_._et
1722 2011 1885 2066 libros
1906 2021 2117 2085 apertos

550 2084 703 2146 vidit,
722 2083 906 2139 Filium
926 2082 1153 2139 hominis
1178 2089 1478 2139 venientem
1510 2098 1572 2137 ac
1596 2082 1875 2136 Vetustum
1910 2083 2114 2135 dierum

550 2157 765 2221 aspicit,
814 2156 1033 2210 arietem
1068 2156 1322 2223 grandem
1363 2155 1614 2208 cornibus
1649 2162 1876 2219 quatuor
1914 2164 2116 2220 partem

550 2225 714 2295 379
735 2222 1095 2291 rentilantem,
1115 2238 1167 2279 et
1197 2228 1399 2280 hircum
1429 2239 1705 2295 caprarum
1734 2222 2044 2285 terribilem,
2066 2232 2119 2275 et

550 2294 797 2363 magnum
813 2313 931 2350 cum
946 2300 1110 2352 ariete
1125 2305 1463 2366 pugnantem,
1478 2304 1528 2347 et
1540 2294 1757 2366 arietem
1782 2302 2117 2359 pra'smntein

550 2368 843 2433 prospexit,
862 2366 1045 2422 faciem
1076 2363 1224 2421 suam
1252 2368 1316 2421 ad
1344 2366 1618 2419 Dominum
1644 2363 1808 2416 Deum
1842 2377 1992 2433 suum
2025 2378 2119 2433 po-

550 2430 1002 2505 suit.ilnjejuniis,
1018 2453 1173 2493 sacco
1190 2448 1242 2492 et
1259 2441 1436 2491 cinere
1452 2432 2003 2498 Dominumadoravit,
2023 2430 2120 2485 mi-

553 2506 704 2560 rabili
733 2508 1071 2563 confessione
1089 2518 1141 2563 et
1174 2524 1299 2575 pura
1330 2505 1697 2561 obsecratione
1712 2518 1813 2575 pro
1854 2513 1992 2575 seet
2024 2518 2119 2571 po-

552 2576 680 2644 pulo
705 2592 805 2631 suo
836 2579 1113 2633 Dominum
1137 2572 1456 2632 obsecravit.
1487 2576 1619 2629 Tres
1644 2572 2002 2627 hebdomadas
2031 2589 2123 2639 po-

552 2647 731 2717 pulum
764 2648 982 2715 planxit,
1018 2664 1204 2717 panem
1229 2647 1500 2709 desiderii,
1522 2653 1913 2717 etcarnem,_et
1944 2645 2119 2717 viuum

554 2715 605 2768 in
632 2713 838 2783 jejunio
868 2734 972 2771 non
1019 2713 1278 2775 comedit.
1321 2716 1532 2772 Gabriel
1579 2713 1925 2781 archangelus
1957 2714 2009 2766 in
2042 2715 2122 2766 bis

554 2787 804 2840 omnibus
832 2788 1100 2842 Ddlllt'lem
1133 2788 1468 2853 corilortavit,
1492 2798 1680 2839 omnes
1705 2784 1956 2846 visiones,
1987 2798 2121 2853 quas

554 2856 684 2909 vidit
709 2868 761 2909 et
782 2857 1184 2924 demonstravit,
1210 2858 1476 2913 Christum
1502 2856 1825 2909 nasciturum
1855 2863 1907 2907 et
1935 2870 2124 2923 regna-

556 2936 754 2989 turum,
805 2944 1082 2994 passurnm
1114 2940 1166 2983 et
1198 2939 1621 2984 resurrecturum
1673 2926 1721 2979 ei
1768 2925 2119 2978 annuntiavit.

557 2995 736 3066 Regna
762 3000 941 3052 tnundi
973 3002 1110 3054 inter
1134 3016 1191 3055 se
1217 3010 1508 3071 pugnatura
1539 2996 1810 3071 praedixit,
1856 2995 2127 3071 Antichri-

556 3076 1169 3153 fllllnnveljllltl‘ll‘tl.(‘llﬂl
1199 3066 1396 3153 sanctis
1429 3068 1786 3153 praeliaturum
1818 3066 2122 3147 allirmavit.
2153 3091 2203 3153 ρ

556 3134 662 3188 lste
696 3137 873 3193 Daniel
905 3141 1180 3194 Balthasar
1205 3142 1313 3209 regi
1339 3134 1446 3195 tres
1479 3138 1741 3209 terribiles
1769 3137 2124 3209 sermonesin

561 3210 765 3279 pariete
816 3212 1044 3279 scriptos
1101 3206 1502 3265 detnonstravit.
1532 3208 1827 3264 Susannam
1875 3222 1939 3261 ex
1994 3206 2127 3279 falso

556 3278 780 3350 crimine
806 3277 1069 3334 liberavit.
1092 3281 1258 3336 Senes
1287 3294 1481 3350 pravos
1508 3279 1663 3332 morti
1695 3279 1983 3350 damnavit.
2010 3277 2126 3350 Bel,

559 3345 758 3419 idolum
812 3350 1112 3419 Babylonis,
1167 3345 1455 3417 destiuxit,
1503 3351 1788 3403 draconem
1836 3348 2127 3402 terribilem

559 3417 676 3487 pice
703 3427 756 3472 et
785 3417 1233 3487 pilis’interlucit,
1276 3422 1581 3475 sacerdotes
1629 3420 1716 3472 Bel
1761 3434 1858 3472 cxx
1904 3419 2130 3472 interire

560 3486 707 3561 fecit.
739 3488 833 3561 cui
866 3490 1113 3547 Habacuc
1159 3486 1252 3559 per
1288 3493 1531 3561 angelum
1569 3506 1632 3545 ex
1666 3488 1848 3544 .ludma
1894 3490 1945 3543 in
1972 3489 2131 3542 Chal-

560 3556 732 3630 daeum
780 3560 830 3612 in
877 3556 1665 3630 momentoiraptus'prandium
1694 3564 1942 3628 portavit,
1971 3573 2129 3625 quem

562 3625 820 3683 Dominus
852 3631 1055 3685 duabus
1078 3625 1283 3687 vicibus
1310 3625 1519 3687 ett-lacu
1543 3625 1753 3685 leonum
1782 3625 2042 3687 liberavit.
2074 3630 2128 3683 In

561 3696 832 3772 Babylone
866 3700 1031 3755 Deum
1063 3705 1478 3771 omnipotentem
1528 3701 1820 3770 prmdicans
1850 3701 2128 3772 requievit,

560 3769 813 3842 solusque
836 3772 1070 3826 ornuium
1102 3769 1769 3841 llrtlirmoritm...Sepultus
1793 3782 1874 3825 est
1896 3769 2129 3842 regione.

636 3837 723 3893 18.
753 3841 918 3905 Osee,
954 3844 1089 3896 Illius
1121 3844 1293 3907 Beeri,
1322 3844 1557 3899 Salvator
1584 3837 1982 3908 interpretatur:
2008 3856 2131 3911 pro-

562 3911 727 3983 pheta
760 3911 971 3983 Domini
1014 3914 1114 3967 sub
1142 3914 1373 3983 quinque
1428 3914 1637 3978 regibus
1666 3912 1884 3965 verbum
1917 3913 2127 3983 Domini

563 3980 891 4052 praedicavit.
944 3980 1435 4038 Crebro'nominat
1488 3982 1760 4052 Ephraim,
1812 3982 2128 4047 Samariam,

561 4049 1073 4117 Josepb,Jezrahel,
1108 4055 1287 4119 Israel,
1322 4066 1375 4109 et
1422 4049 1641 4108 uxorem
1693 4055 2027 4107 toruicariam
2078 4067 2131 4107 et

562 4119 935 4177 fornicationis
976 4126 1126 4189 tilias,
1174 4135 1226 4177 et
1256 4127 1551 4180 adulteram
1602 4125 1848 4179 cubiculo
1898 4126 2129 4177 clausam

565 4190 739 4260 mariti
789 4194 953 4245 multo
997 4203 1234 4260 tempore
1283 4198 1470 4250 sedere
1500 4196 1730 4251 viduam.
1776 4207 1827 4249 et
1859 4194 1959 4249 sub
1985 4207 2133 4249 vesre

562 4258 767 4334 lugubri
793 4261 883 4334 tiri
908 4265 971 4315 ad
1000 4279 1057 4318 se
1085 4258 1309 4318 reditum
1344 4266 1655 4334 prmstolari.
1686 4266 1886 4333 Populo
1912 4266 2129 4319 verbum

568 4329 661 4382 Dei
696 4331 965 4396 praedicat,
1006 4343 1060 4386 et
1106 4338 1305 4388 Scelera
1346 4329 1530 4388 eorum
1581 4338 1715 4389 dure
1740 4329 1792 4387 et
1823 4336 2131 4389 terribiliter

564 4403 823 4465 increpat,
872 4413 924 4456 et
964 4408 1159 4470 lugere,
1196 4416 1247 4459 et
1276 4407 1457 4459 venire
1504 4406 1569 4457 ad
1622 4406 1898 4458 Dominmn
1942 4420 2129 4460 omnes

563 4472 845 4543 conl'ortat,
871 4474 989 4540 quia
1012 4486 1186 4535 sanat,
1212 4477 1459 4543 percutit,
1487 4484 1542 4527 et
1562 4485 1798 4538 curat,el
1822 4475 2126 4542 mortiﬁcat,

564 4541 893 4615 etvivilicat.
922 4554 975 4597 et
1005 4541 1601 4615 misericordiammagis
1624 4560 1779 4613 quam
1809 4541 2130 4599 sacriﬁcium

563 4611 752 4684 diligit,
785 4624 839 4666 et
864 4615 1135 4668 scientiam
1165 4616 1254 4669 Dei
1280 4611 1553 4684 plusquam
1590 4611 1894 4668 helorausta
1919 4619 2129 4684 qua‘rit,

564 4695 615 4755 et
642 4682 906 4736 Christum
943 4686 1128 4737 Filium
1164 4688 1250 4740 Dei
1283 4682 1357 4739 ab
1388 4687 1621 4755 {Egypto
1660 4682 1971 4739 vocaturum
2008 4702 2131 4753 pro-

566 4750 819 4816 phetarit.
860 4755 961 4823 llic
993 4772 1118 4823 ergo
1149 4760 1283 4810 Osee
1317 4750 1569 4823 propheta
1599 4772 1659 4810 ex
1708 4757 1846 4807 tribu
1895 4750 2132 4810 Issachar

564 4831 735 4897 ortus,
769 4824 819 4876 in
851 4822 1125 4897 Belemoth
1154 4822 1331 4894 natus,
1366 4822 1542 4896 ibique
1571 4826 1771 4897 placida
1807 4842 1977 4882 morte
2008 4827 2132 4880 dor-

565 4893 715 4943 mivit
742 4896 999 4961 sepultus.

644 4962 727 5014 19.
758 4964 913 5029 JOEL,
946 4966 1083 5020 lilins
1117 4966 1395 5031 Phathuel,
1429 4967 1701 5036 incipiente
1730 4966 1949 5019 Domino
1972 4966 2134 5020 inter-

567 5042 827 5100 pretatur.
881 5036 1136 5089 Describit
1170 5047 1361 5090 terram
1407 5054 1476 5090 ait
1529 5039 1755 5091 tribuum
1786 5052 1963 5101 eruca,
2000 5040 2133 5089 bru-

566 5101 690 5163 clto,
724 5104 942 5175 lituus“,
976 5108 1216 5175 rubigine
1244 5109 1551 5160 Vastandam
1600 5118 1654 5161 et
1693 5110 2128 5161 CullStllllelldatll.

540 5178 611 5260 5A
646 5174 777 5227 l'acie
794 5173 1000 5260 Domini
1024 5173 1212 5260 terram
1240 5187 1466 5231 tremere
1484 5189 1539 5260 et
1559 5178 1723 5231 cwlos
1747 5178 2133 5260 "IUVFI‘BIDmP-

571 5253 698 5303 ruat,
728 5245 920 5309 solem,
968 5254 1025 5298 et
1067 5248 1265 5304 lunam.
1315 5259 1368 5300 et
1395 5248 1577 5300 stelas
1610 5263 1763 5299 suum
1794 5248 2131 5313 splendorem

567 5313 899 5384 abscondere
924 5315 1184 5384 designat.
1210 5316 1455 5381 Maelmin
1483 5316 1621 5368 diem
1653 5317 1863 5369 Domini
1895 5327 1947 5369 et
1980 5320 2133 5371 valde

571 5383 861 5437 terribilem
896 5383 1147 5440 advenire
1181 5389 1439 5451 praedixi.
1475 5386 1754 5439 Dominum
1793 5388 1954 5440 Deum
1986 5388 2133 5440 beni-

567 5470 728 5521 gnum
756 5466 808 5506 ct
835 5454 1251 5521 misericordem,
1288 5460 1568 5522 patientem
1592 5468 1643 5509 et
1682 5458 1845 5521 pimn,
1889 5469 1942 5510 et
1996 5472 2131 5524 pra:-

567 5524 810 5576 stabilem
842 5540 1003 5593 Super
1034 5528 1259 5581 malitias
1297 5527 1566 5579 hominum
1598 5528 1842 5578 allirmat.
1877 5528 2129 5591 Populum

569 5595 634 5665 ad
668 5594 945 5647 ecclesiam
987 5600 1287 5651 sacrilicare
1326 5597 1585 5665 jejunium
1616 5608 1891 5651 c-=nvocat.
1942 5600 2129 5660 Senes,

565 5664 820 5734 juvenes,
849 5669 1110 5734 parvulos,
1141 5664 1382 5721 lanantcs
1402 5682 1648 5734 spumas,
1678 5682 1921 5732 sponsas,
1956 5683 2132 5721 sacer.

572 5733 724 5788 dctcs
753 5732 1024 5793 ministres
1056 5737 1261 5793 Domini
1294 5732 1572 5794 Dominum
1598 5737 1908 5809 praedicare,
1935 5739 2130 5810 populo

2223 1800 2414 1868 limem
2461 1799 2630 1868 panis.
2678 1814 2850 1868 neque
2890 1801 3030 1853 sitim
3062 1815 3234 1864 aqua},
3267 1800 3361 1853 sed
3393 1801 3647 1855 audiendi
3682 1818 3801 1855 ver-

2220 1867 2343 1921 bum
2378 1867 2639 1939 Dei.7|pse
2666 1878 2745 1924 cst
2767 1867 2932 1922 ’Amos
2956 1884 3113 1936 quem
3138 1871 3380 1923 Amasias
3404 1886 3495 1925 rex
3524 1886 3674 1939 saepe
3701 1888 3805 1926 ca:-

2220 1940 2452 2009 ciderat;
2482 1938 2636 2009 Ozias
2664 1954 2813 2002 vero,
2846 1940 2985 1992 lilius
3015 1941 3502 2009 ejus,_translixum
3536 1938 3633 2009 per
3667 1953 3804 1996 tem-

2222 2024 2347 2077 pora
2397 2008 2512 2077 ejus
2552 2008 2725 2077 palam
2766 2006 3332 2077 eumdemprophetam
3359 2006 3549 2064 lethali
3576 2013 3806 2069 vulnere

2220 2079 2414 2132 allec-it.
2463 2080 2559 2132 Hic
2601 2094 2731 2148 ergo
2784 2092 2934 2133 vates
2974 2090 3091 2147 post
3130 2080 3344 2133 biduum
3406 2090 3689 2148 postquam
3752 2086 3805 2136 in

2222 2164 2371 2202 suam
2426 2150 2678 2203 advectus
2724 2161 2805 2204 est
2853 2150 3097 2223 patriam,
3140 2151 3378 2219 spiravit,
3417 2151 3596 2221 ibique
3628 2157 3808 2222 sepul-

2222 2228 2305 2273 tus
2326 2228 2427 2275 est.

2291 2292 2384 2344 2|.
2410 2291 2605 2344 Annus
2637 2290 2895 2360 propheta
2928 2307 3098 2344 servus
3144 2290 3347 2344 Domini
3392 2291 3803 2359 interpretatur,

2226 2370 2519 2428 pertonans
2546 2374 2732 2415 contra
2792 2361 2955 2414 iidem
3006 2361 3180 2416 fratris
3228 2376 3439 2431 quoque
3468 2360 3628 2416 Jacob
3657 2379 3807 2417 sem-

2223 2446 2321 2498 per
2349 2431 2597 2483 zemnlum
2628 2441 2768 2484 astra
2802 2432 3141 2497 perculit.....
3174 2432 3474 2500 superbiam
3527 2442 3581 2485 et
3607 2432 3807 2487 elatio-

2226 2515 2347 2554 nem
2398 2503 2749 2568 superborum
2800 2503 3055 2567 increpat,
3108 2502 3475 2569 sapientes-et
3515 2503 3810 2569 prudentes

2226 2570 2431 2635 tnundi,
2464 2582 2515 2624 et
2549 2580 2823 2642 tyrannos,
2851 2582 2903 2626 et
2932 2571 3093 2642 fortes
3126 2572 3242 2641 ejus
3284 2587 3313 2625 a
3346 2572 3569 2642 Domino
3602 2574 3808 2640 peritu-

2225 2655 2315 2695 ros
2346 2650 2394 2693 et
2429 2641 2708 2709 percussos
2755 2642 3029 2711 praedicat.
3065 2641 3141 2696 De
3181 2651 3362 2695 monte
3391 2641 3517 2695 Sion
3550 2645 3809 2708 salutem,

2226 2711 2631 2767 etSalvatorem
2665 2726 2970 2775 venturum,
3020 2721 3073 2765 et
3118 2711 3398 2765 Dominum
3445 2714 3495 2763 in
3525 2714 3813 2779 sempiter-

2226 2798 2351 2836 num
2381 2791 2720 2851 regnaturum
2753 2785 3053 2851 preplietat.
3087 2782 3183 2835 Hic
3212 2798 3338 2851 ergo
3370 2784 3418 2834 in
3446 2798 3573 2851 agro
3608 2784 3813 2837 Betha—

2231 2868 2391 2906 caran
2445 2863 2617 2918 natus,
2650 2864 2703 2907 et
2734 2852 2801 2906 de
2829 2863 2967 2905 terra
3021 2852 3234 2907 Sichem
3284 2863 3547 2915 estortus,
3578 2864 3634 2907 et
3666 2856 3811 2909 Elia:

2229 2924 2503 2991 propheta:
2532 2924 2848 2992 discipulus,
2875 2930 2931 2976 et
2956 2924 3143 2977 tertius
3174 2923 3653 2993 quinquagenarius
3671 2941 3823 2979 cum.

2229 3009 2260 3048 ι.
2284 2995 2541 3065 militibus
2582 2992 2926 3065 abiOchozia
2957 2994 3022 3046 ad
3057 2992 3224 3065 Etiam
3275 2996 3483 3065 missus,
3512 2996 3595 3048 cui
3626 3006 3684 3049 et
3714 3010 3814 3065 pe-

2234 3064 2367 3117 tenti
2398 3065 2634 3132 pepercit
2663 3064 2828 3131 Elias,
2862 3078 2929 3118 ne
2957 3079 3077 3118 eum
3107 3064 3241 3132 ignis
3263 3066 3400 3118 sicut
3428 3064 3559 3119 duos
3592 3064 3729 3120 ante
3752 3081 3815 3121 se

2233 3134 2722 3257 ﬂiiinquag‘enarios
2764 3136 2981 3215 missos.
3004 3144 3363 3215 consumeret.
3419 3134 3514 3187 llic
3543 3150 3677 3215 ergo
3708 3136 3814 3190 Ab-

2274 3218 2371 3257 ras.
2404 3207 2482 3257 Oc
2521 3220 2654 3257 oziaa
2685 3208 2871 3257 relicto
2914 3212 3233 3257 ministerio.
3267 3204 3628 3257 DI‘ODhCL’IVll.
3662 3207 3807 3257 Mor-

2274 3205 2371 3269 ias,
2404 3204 2654 3259 Ochoziaa
2685 3206 2871 3259 relicto
2914 3204 3233 3271 ﬂlillilel‘iO,
3267 3204 3629 3274 prophetam.
3662 3207 3807 3261 Mor-

2233 3285 2354 3329 tuus
2372 3284 2455 3329 est
2480 3284 2533 3329 et
2560 3274 2797 3343 sepultus
2826 3289 2946 3329 cum
2979 3275 3216 3341 patribus
3246 3277 3377 3329 suis.

2300 3344 2394 3398 22.
2423 3344 2589 3399 Jonas
2621 3348 2899 3413 prepheta,
2932 3346 3071 3399 lilius
3104 3347 3338 3411 Amathi,
3364 3346 3454 3414 qui
3490 3344 3814 3415 interpreta-

2233 3424 2318 3469 tur
2339 3417 2573 3469 columba
2600 3416 2685 3470 vel
2709 3418 2903 3480 dolens,
2930 3417 3064 3487 lilius
3090 3415 3260 3487 vidua:
3286 3415 3624 3485 Saraptanze,
3655 3434 3815 3487 quem

2234 3487 2382 3558 [filias
2412 3497 2678 3541 mortuum
2707 3487 3002 3541 suscitavit.
3022 3486 3187 3551 Quem
3216 3485 3470 3539 DOIIIilIIIS
3504 3490 3651 3541 misu
3675 3485 3815 3558 pra:—

2233 3556 2412 3627 dicare
2454 3559 2505 3611 in
2553 3558 2819 3612 Ninivem.
2853 3559 2967 3626 Ipse
2998 3570 3123 3609 vero
3154 3559 3328 3609 navim
3357 3558 3571 3627 quaerit,
3600 3569 3656 3610 et
3682 3556 3814 3627 fugit

2233 3626 2285 3680 in
2314 3626 2559 3695 Joppem.
2593 3628 2735 3681 Deus
2764 3644 2893 3683 vero
2916 3637 3128 3682 ventum
3160 3640 3408 3695 magnum
3439 3626 3493 3679 in
3524 3630 3661 3681 mari
3691 3626 3816 3682 sus-

2233 3699 2379 3761 citat,
2412 3714 2559 3751 inare
2587 3713 2714 3766 ergo
2760 3715 2949 3769 magno
2973 3706 3117 3750 motu
3145 3696 3383 3751 ﬂuctuat.
3417 3696 3817 3769 Nautmautem

2232 3776 2393 3821 vento
2425 3769 2554 3821 mari
2587 3768 3059 3823 laborant..l0nam
3085 3778 3422 3834 aoporantetn
3455 3768 3819 3823 dormientem

2233 3840 2511 3892 suscitant.
2568 3837 2702 3892 Vasa
2758 3855 2850 3893 sua
2885 3842 3099 3893 mittunt
3147 3838 3197 3890 in
3232 3854 3400 3905 mare,
3451 3839 3623 3891 Deum
3657 3855 3816 3893 suum

2234 3910 2477 3972 adorant,
2509 3909 2723 3963 mittunt
2753 3924 2947 3974 Sortes,
2980 3908 3130 3975 cujus
3162 3910 3315 3975 culpa
3348 3919 3493 3961 esset
3519 3910 3625 3962 hoc
3674 3913 3820 3976 peri-

2233 3980 2433 4033 eulum.
2478 3980 2606 4032 Sors
2652 3982 2843 4033 emissa
2895 3997 3012 4033 mox
3061 3978 3253 4031 cecidit
3282 3994 3441 4046 Super
3466 3979 3568 4032 .lon
3610 3995 3661 4032 m
3713 3981 3820 4033 He-

2234 4050 2457 4102 braaum.
2506 4050 2652 4103 Tunc
2681 4052 2953 4113 di\erunt,
2979 4048 3131 4105 Unde
3160 4050 3347 4102 venis?
3377 4051 3501 4117 quid
3544 4049 3765 4103 fecisti?
3791 4065 3823 4102 a

2234 4134 2333 4188 qua
2362 4131 2515 4187 gente
2538 4120 2741 4182 penitus
2768 4123 2860 4175 es?
2889 4121 3037 4175 Tunc
3066 4121 3331 4182 respondit
3361 4138 3373 4171 :
3406 4122 3513 4188 Ego
3544 4135 3666 4172 sum
3695 4137 3825 4175 ser-

2233 4205 2329 4243 vus
2361 4190 2453 4243 Dei
2482 4192 2625 4255 creli,
2656 4202 2709 4245 et
2739 4208 2931 4259 genere
2965 4192 3237 4245 Hebraeus.
3287 4192 3476 4259 Magno
3506 4200 3652 4243 metu
3685 4206 3823 4244 eon-

2237 4271 2548 4325 trementes,
2588 4279 2691 4315 non
2727 4274 2972 4329 pnlcnlt‘s
3008 4272 3203 4317 tacere.
3234 4261 3521 4314 dixerunt:
3546 4260 3688 4323 Quid
3725 4263 3822 4317 de-

2236 4330 2421 4383 bemus
2469 4336 2535 4387 de
2569 4345 2637 4396 te,
2690 4333 2869 4397 homo,
2900 4332 3112 4385 facere?
3152 4329 3290 4384 Dixit
3337 4332 3441 4384 illis
3484 4330 3583 4384 Dei
3631 4346 3821 4386 servus

2235 4402 2359 4469 quid
2404 4401 2715 4457 debuissent
2756 4418 2933 4471 agere.
2984 4403 3176 4455 'l‘ollite
3224 4417 3307 4454 me
3339 4418 3400 4453 ex
3445 4402 3544 4454 hac
3586 4404 3737 4466 navi,
3772 4416 3825 4458 et

2240 4473 2430 4526 mittite
2458 4475 2507 4525 in
2542 4488 2707 4527 mare.
2747 4473 2817 4526 Illi
2856 4474 3001 4525 illum
3034 4482 3157 4525 tunc
3188 4472 3449 4524 miserunt
3475 4474 3524 4523 in
3558 4488 3733 4536 mare,
3767 4485 3823 4528 ut

2233 4543 2480 4610 jusserat.
2518 4544 2720 4597 Piscem
2749 4544 2999 4612 grandeur
3032 4542 3170 4595 Deus
3202 4543 3367 4604 irrisit,
3402 4554 3459 4593 ut
3489 4550 3815 4610 prophetam

2235 4614 2493 4679 glutirct;
2538 4614 2697 4681 piscis
2732 4616 2903 4682 ipsum
2948 4613 3177 4681 glutivit,
3231 4625 3280 4665 ut
3319 4614 3453 4665 Deus
3507 4614 3815 4679 imperavit,

2238 4684 2406 4736 tribus
2432 4684 2621 4737 diebus
2651 4700 2712 4736 ac
2739 4686 2980 4737 noctibus
3020 4684 3177 4751 piscis
3211 4699 3332 4735 eum
3366 4685 3623 4750 ponavit,
3656 4696 3717 4737 et
3752 4688 3818 4738 de

2238 4765 2419 4807 ventre
2451 4755 2606 4822 piscis
2637 4756 2699 4806 ad
2729 4754 3009 4806 Dominum
3037 4754 3304 4819 clamavit,
3350 4768 3507 4821 quem
3559 4754 3601 4804 ι)
3626 4758 3820 4809 minus

2236 4825 2459 4885 audivit,
2509 4826 2664 4877 simul
2714 4834 2769 4877 et
2816 4825 3077 4877 liberavit.
3123 4823 3291 4876 Piscis
3321 4839 3442 4875 cum
3489 4826 3738 4878 evomuit
3765 4830 3818 4878 in

2239 4905 2457 4960 tetram,
2491 4909 2647 4963 quam
2695 4895 2806 4961 ip~e
2836 4896 3024 4959 ιιιιτιιίι,
3055 4893 3106 4945 in
3133 4894 3395 4965 civitatem
3430 4893 3680 4949 Ninivem
3707 4897 3818 4965 ipse

2237 4968 2490 5033 perrexit,
2520 4966 2627 5033 regi
2674 4976 2728 5018 et
2758 4968 2953 5033 populo
2985 4964 3349 5031 ptBttitcnliuttt
3382 4964 3733 5031 prmdimvit.
3756 4967 3820 5019 Et

2237 5047 2291 5088 ut
2325 5050 2412 5088 rex
2445 5046 2499 5089 et
2534 5036 2709 5102 populi
2741 5036 3041 5098 audierunt,
3064 5049 3092 5085 a
3126 5035 3346 5086 minimo
3366 5050 3533 5101 usque
3557 5036 3623 5088 ad
3649 5039 3818 5088 maxi-

2237 5121 2381 5157 mum
2414 5108 2463 5159 in
2493 5106 2653 5159 Deum
2682 5107 3041 5168 crediderunt,
3070 5113 3123 5157 et
3153 5104 3204 5156 in
3227 5120 3383 5157 sacco
3413 5115 3468 5157 et
3492 5105 3681 5159 cinere
3713 5122 3818 5159 non

2238 5182 2441 5227 tantum
2467 5176 2726 5239 homines,
2748 5176 2839 5227 Sed
2865 5187 2913 5228 et
2939 5176 3180 5243 jnnienta
3215 5177 3602 5243 pmnitueruot,
3637 5179 3812 5231 tribus

2237 5248 2446 5309 uielms,
2501 5256 2557 5299 et
2608 5248 2774 5298 tribus
2823 5246 3063 5298 noctibus
3109 5247 3398 5297 clamantes
3429 5247 3495 5297 ad
3530 5246 3817 5300 Dominum

2234 5315 2633 5381 jvjitnaverutit,
2684 5327 2736 5368 et
2789 5314 3030 5368 liberavit
3074 5330 3167 5368 eos
3198 5315 3337 5369 Deus
3367 5329 3431 5368 ex
3465 5316 3616 5384 plaga
3654 5331 3818 5385 quam

2241 5389 2548 5439 timuerunt.
2605 5392 2769 5439 Jonas
2822 5401 2947 5439 vero
3000 5386 3357 5452 pulcherrime
3406 5402 3505 5439 suo
3541 5392 3819 5456 naulragso

2238 5459 2543 5523 passionem
2592 5456 2798 5509 Domini
2845 5457 3000 5524 331
3033 5457 3424 5523 pra-ﬁguravit,
3458 5457 3719 5510 mundum
3748 5458 3817 5511 ad

2238 5526 2602 5589 pret-itentiam
2637 5536 2874 5589 revocat,
2906 5536 2961 5579 et
2987 5526 3083 5578 sub
3120 5528 3335 5580 nomine
3366 5527 3559 5579 Ninive
3586 5530 3816 5581 salutem

2236 5598 2483 5664 gentibus
2529 5600 2754 5649 nuntiat.
2799 5597 3057 5649 Euntibus
3100 5600 3277 5664 itaque
3327 5596 3675 5650 Tiberiadem
3708 5614 3816 5651 non

2235 5666 2460 5741 grandis
2475 5676 2560 5721 est
2591 5668 2812 5741 oculos,
2843 5667 2931 5720 ubi
2961 5675 3016 5722 et
3052 5668 3354 5739 sepulcrum
3385 5666 3633 5736 ejusdem
3686 5686 3817 5741 νινε

2236 5741 2405 5809 pactae
2435 5737 2585 5797 luna:
2609 5738 2929 5812 ostenditur,
