4180 6178
367 314 501 372 1281

1076 309 1369 367 APPEND.
1415 310 1537 367 XX.
1582 342 1650 354 —
1689 311 1887 368 LIBER
1931 312 2021 367 DE
2062 311 2246 368 ORTU
2289 311 2377 367 ET
2416 311 2618 369 OBITU
2661 312 2965 372 PATRUM.

3494 294 3633 371 leua

427 435 519 489 93.
575 433 833 488 Μιοιι.εΑς
874 430 1126 500 propheta
1152 471 1166 494 ,
1213 431 1343 495 Quis
1390 430 1517 484 iste?
1563 431 1644 486 vel
1692 429 1959 483 humilitas
1990 434 2036 491 Λ
2065 428 2190 500 dicit
2248 427 2519 481 Dominus.
2569 428 2689 497 Ipse
2716 426 3073 497 prophetavit,
3104 429 3222 482 cmli
3252 438 3304 481 et
3335 438 3491 484 terra:
3521 442 3631 486 ste-

360 509 758 574 interpretatur,
788 519 817 557 e
876 503 1013 556 tribu
1048 502 1281 574 Ephrain
1329 511 1500 574 ortus,
1544 502 1598 555 in
1654 501 1947 574 Morasthin

367 572 543 637 natus,
575 575 842 628 Itzrredetu
872 582 1051 635 sonat,
1084 572 1147 623 ad
1176 586 1336 639 quem
1367 572 1564 624 factum
1598 582 1679 625 est
1728 572 1948 624 verbum

368 646 574 702 Domini
606 645 657 697 in
706 643 896 695 diebus
941 643 1193 704 .loathan,
1245 641 1444 701 Aeliaz,
1480 642 1720 695 Ezechias
1769 656 1951 710 regum

367 718 519 779 lnda,
545 729 702 777 super
731 712 1054 775 Samariam,
1073 726 1124 766 et
1150 712 1468 765 Jerusalem.
1497 713 1697 764 Dnnies
1730 712 1954 778 populos

364 787 430 841 ad
465 785 787 839 audiendum
814 785 1097 837 [)muinum
1144 790 1418 850 provocat,
1454 783 1657 836 ruinam
1705 780 1856 835 Juda:
1899 793 1954 834 et

368 856 662 914 Jerusalem
688 854 907 921 plangit,
940 854 1146 920 jndiccs
1179 852 1402 920 injustas
1452 863 1506 905 et
1553 860 1797 915 potentes
1854 851 1951 903 im-

369 930 507 995 pios,
554 934 607 980 et
665 925 1159 995 pseudoprophetis
1222 926 1481 988 inerepat,
1530 923 1663 975 duos
1721 921 1955 995 latrones

369 990 576 1063 templi,
624 1004 677 1049 et
723 990 1017 1048 Jerusalem
1068 995 1367 1050 annuntiat,
1403 1004 1636 1045 montem
1681 990 1952 1045 excelsum

371 1082 534 1133 super
560 1080 748 1118 omnes
780 1072 990 1117 montes
1012 1074 1064 1116 et
1092 1064 1253 1115 colles
1272 1070 1626 1133 praeparatum
1651 1063 1951 1114 annuntiat.

369 1131 565 1191 omnes
602 1133 823 1203 p0pulus
849 1148 902 1188 et
931 1144 1117 1203 gentes
1140 1134 1330 1203 inultas
1359 1131 1693 1203 adeumdem
1718 1141 1953 1203 montem

370 1200 955 1270 ascenderedesignat,
987 1205 1155 1272 legem
1202 1201 1309 1272 Dei,
1326 1212 1388 1272 et
1427 1202 1577 1265 Sion,
1618 1208 1672 1253 et
1719 1200 1953 1272 Verbum

375 1277 617 1339 D0tltiui,~
643 1286 695 1329 et
744 1276 1033 1328 Jerusalem
1083 1273 1234 1327 exire
1281 1271 1543 1341 designat,
1570 1271 1824 1339 judicium
1873 1286 1956 1322 re-

374 1358 521 1399 ctum
566 1348 704 1399 inter
733 1346 949 1413 populos
988 1354 1041 1398 et
1090 1344 1312 1411 pupulas
1352 1342 1620 1413 designat,
1648 1342 1851 1413 gladius
1904 1342 1952 1413 in

372 1431 643 1479 vomeres,
682 1410 935 1469 et’bastas
964 1414 1015 1467 in
1050 1410 1250 1481 ligones
1278 1426 1386 1480 pra:
1417 1410 1779 1479 magnitudine
1810 1411 1956 1481 pacis

376 1487 665 1540 labricatos
686 1484 985 1539 continual.
1026 1480 1222 1536 Ducem
1253 1494 1431 1534 uatum
1463 1498 1527 1535 cx
1555 1482 1766 1534 civitate
1793 1480 1956 1532 David

374 1560 664 1619 exiturum,
695 1565 749 1608 et
790 1555 841 1607 in
884 1554 1047 1607 Israel
1099 1564 1440 1621 regnaturum
1498 1552 1813 1620 prophetat,
1848 1568 1959 1603 tua-

370 1626 553 1681 xillam
587 1626 776 1694 jndieis
808 1625 966 1678 Israel
998 1638 1302 1691 percussam
1339 1637 1371 1694 p
1399 1621 1640 1689 a-signat.
1699 1621 1835 1687 Quid
1889 1621 1958 1694 sit

376 1691 1049 1757 bonumltominiindicat,
1076 1704 1128 1747 et
1167 1694 1290 1761 quid
1344 1693 1488 1747 Deus
1533 1694 1598 1745 ab
1650 1704 1715 1744 eo
1770 1691 1960 1761 quaerit

374 1768 674 1819 annuntiat.
697 1764 888 1833 Utique
906 1764 1165 1832 judicium
1186 1759 1391 1816 rectum
1409 1761 1605 1825 facere,
1624 1771 1679 1816 et
1702 1776 1821 1833 cum
1848 1759 1957 1815 Deo

374 1850 471 1889 suo
528 1836 753 1889 sollicite
801 1831 1189 1902 ambulare,et
1246 1833 1664 1887 misericordiam
1717 1831 1957 1899 diligere,

377 1908 801 1974 persecutionem
835 1904 1068 1958 futuer
1100 1918 1205 1958 non
1230 1904 1457 1973 pigravit
1486 1903 1799 1970 prmdicere.
1833 1918 1957 1974 ριῖυ·

377 1972 503 2043 prius
531 1978 679 2029 usuri
710 1976 978 2029 neminem
1029 1975 1273 2037 credere,
1294 1972 1444 2026 illius
1501 1980 1699 2040 patres,
1726 1981 1779 2024 et
1833 1972 1965 2043 tilias

376 2041 577 2099 inatres
600 2046 862 2113 persequi,
883 2061 1071 2098 nurum
1095 2046 1353 2098 adversus
1375 2056 1587 2095 socrum
1611 2041 1961 2113 contendere,

377 2126 431 2169 et
463 2111 705 2170 inimicos
760 2111 961 2169 homini
1006 2116 1328 2168 domesticos
1378 2112 1515 2177 ﬁeri,
1549 2111 1964 2179 inagnitudtnetu

378 2196 435 2239 et
483 2187 969 2256 longanimitatem,
998 2183 1420 2239 misericordiam
1465 2191 1519 2235 et
1567 2183 1814 2256 pietatem
1860 2181 1966 2256 Du-

378 2257 532 2320 mini,
580 2254 651 2309 'ut
702 2255 896 2324 potuit,
930 2256 1289 2324 prophetarit,
1324 2262 1557 2324 peccata
1590 2254 1963 2324 pmuitentium

382 2326 435 2381 in
465 2320 785 2394 profundum
809 2320 1093 2379 oblivionis
1129 2326 1412 2378 Dominum
1442 2337 1493 2387 pl
1508 2322 1707 2389 ejicere
1730 2320 1965 2394 allirma-

380 2392 478 2452 vit.
514 2396 609 2451 Ilie
633 2395 811 2464 itaque
843 2396 1125 2463 prepheta,
1156 2396 1750 2464 quoniampt-ccantcm
1784 2392 1963 2464 Acbaz

378 2468 572 2532 SIBpitts
594 2460 872 2535 arguebat,
905 2460 1007 2517 sub
1029 2460 1209 2519 Juram
1245 2463 1351 2535 lilio
1379 2462 1498 2535 ejus
1548 2476 1612 2535 ex
1664 2460 1961 2527 praecipitio

386 2537 541 2591 valde
596 2531 844 2607 poi-recto
892 2535 1066 2602 jactus
1100 2532 1385 2607 _ue_cubu_it.
1434 2531 1684 2607 Sepultus
1734 2540 1814 2582 est
1866 2545 1964 2583 au-

389 2620 494 2660 tem
528 2601 751 2661 interra
783 2601 878 2661 sua
898 2601 1050 2673 juxta
1097 2603 1518 2673 Polyandreuut,
1548 2601 1638 2668 qui
1676 2609 1758 2653 Βςιῐ
1799 2614 1964 2669 prope

387 2676 559 2731 Nalm.

458 2748 550 2800 24.
585 2747 832 2801 ΙΙΑΒΑαιό
859 2744 1115 2813 pr0pbeta
1147 2742 1447 2813 amplexeris
1476 2740 1892 2813 interpretanan
1898 2739 1967 2794 de

387 2819 526 2890 tribu
551 2819 764 2890 Simeon
795 2810 1040 2881 ortus,iu
1081 2810 1583 2884 agru‘Detbsachar
1631 2821 1807 2890 natus.
1865 2810 1969 2890 Do-

386 2889 589 2941 minum
615 2903 643 2941 a
670 2888 822 2957 longe
848 2881 1206 2957 venturum'et
1245 2891 1571 2957 nasciturum
1606 2881 1963 2957 prophetavit.

388 2958 719 3030 Incredulutn
743 2950 1041 3030 castigavit,
1067 2956 1269 3030 justum
1300 2954 1357 3030 in
1395 2952 1496 3030 lide
1542 2965 1634 3030 sua
1657 2952 1868 3030 itivere.
1890 2950 1969 3030 af-

387 3029 619 3082 ﬁrmavit
639 3071 651 3091 ,
686 3020 935 3094 cupidos,
962 3020 1151 3079 avaros
1170 3065 1185 3087 ,
1220 3022 1529 3094 homicidas,
1555 3020 1828 3094 ebr_iosus_,_
1856 3020 1968 3073 ido-

388 3098 559 3151 lorum
582 3090 812 3151 cultores
849 3094 1157 3149 terribiliter
1183 3094 1440 3160 increpat.
1475 3090 1615 3145 Idem
1648 3091 1761 3159 ipse
1789 3090 1963 3143 llaba-

388 3182 490 3222 cue
521 3173 746 3219 luctatur
776 3164 930 3219 fortis
959 3175 1013 3218 et
1038 3164 1236 3232 rigidus
1260 3172 1363 3218 stat
1392 3176 1551 3232 super
1578 3161 1959 3232 munitionem,

389 3245 448 3290 ut
469 3236 741 3291 Christum
774 3238 823 3289 in
855 3249 1012 3289 cruce
1040 3249 1068 3286 a
1090 3230 1244 3303 Iunge
1269 3230 1671 3303 contempletur,
1697 3239 1751 3303 et
1776 3231 1919 3283 dicat
1946 3248 1960 3285 :

389 3308 612 3375 Operuit
640 3308 802 3360 caelos
830 3305 997 3375 gloria
1038 3303 1172 3372 ejus,
1192 3302 1257 3358 et
1307 3302 1463 3357 laude
1511 3302 1630 3375 ejus
1675 3302 1962 3375 plena__est

392 3371 559 3431 terra.
593 3371 855 3444 Splendor
883 3374 997 3444 ejus
1023 3371 1076 3426 ut
1105 3377 1193 3428 lux
1225 3374 1346 3438 erit,
1372 3387 1570 3444 cornua
1618 3371 1699 3444 in__
1720 3371 1965 3425 manibus

388 3449 529 3516 ejus,
565 3440 650 3499 ibi
679 3440 989 3498 abscondita
1018 3453 1102 3499 est
1156 3444 1417 3516 fortitudo
1453 3443 1588 3516 ejus.
1642 3440 1763 3516 Ilic_
1790 3451 1965 3516 autem

394 3508 653 3586 propheta
674 3524 797 3568 ante
823 3517 1094 3568 biennium
1124 3512 1449 3586 reversionis
1472 3508 1705 3586 ﬁliorum
1747 3508 1909 3565 Israel
1935 3524 1966 3566 a

392 3583 699 3656 captivitate
730 3588 778 3637 iu
810 3601 940 3654 agro
969 3586 1215 3656 Sabaritlt
1248 3587 1353 3656 vita
1379 3583 1644 3637 discessit.

463 3649 554 3711 '25.
596 3649 894 3712 Soruomls
944 3652 1224 3723 propheta,
1244 3654 1332 3719 qui
1356 3656 1481 3706 inter
1502 3659 1738 3723 pietatur
1757 3649 1966 3707 abscon-

393 3730 514 3781 dens
542 3743 671 3789 eam,
707 3726 847 3780 Illius
890 3722 1081 3789 CIIUsi,
1123 3724 1216 3777 lilii
1265 3723 1521 3788 Gudolias,
1571 3722 1661 3776 lilii
1715 3723 1965 3791 Amaritc,

397 3800 487 3851 lilll
522 3798 784 3863 Ezechias,
814 3797 883 3850 de
927 3796 1066 3849 tribu
1111 3792 1349 3858 Simeon,
1396 3795 1483 3863 qui
1530 3792 1867 3862 prophetarit
1914 3794 1966 3848 in

395 3867 580 3922 diebus
600 3867 783 3930 .losiae,
817 3865 911 3919 lilii
935 3867 1105 3920 Amon
1129 3865 1268 3935 regis
1290 3864 1445 3935 Juda.
1473 3864 1590 3935 Ipse
1619 3872 1698 3916 est
1726 3863 1968 3935 specula-

397 3947 483 3992 tor
509 3949 563 3992 et
590 3936 832 4005 cognitor
860 3950 1173 3989 arcanorum
1198 3933 1453 4005 Domini.
1514 3933 1824 4005 IpseAauditA
1852 3934 1967 3986 cla-

397 4023 596 4061 morem
642 4002 679 4058 a'
704 4016 853 4075 porta
899 4006 1149 4074 piscium,
1184 4014 1239 4058 et
1270 4004 1524 4058 ululatqu
1556 4019 1585 4056 a
1616 4002 1883 4075 S_cCUtttIa,
1903 4013 1969 4075 et

394 4073 770 4132 contritionem
796 4092 826 4130 a
848 4073 1090 4130 collibus.
1114 4073 1802 4143 lndicatquoqneuiolatum
1828 4073 1969 4127 habi-

394 4147 940 4214 tatoribusSilte,quia
972 4145 1227 4200 conticuit
1248 4145 1419 4198 ontnis
1446 4145 1670 4213 populus
1692 4144 1963 4214 Chanaan,

392 4219 752 4285 disperieruut
777 4213 1010 4271 universi
1048 4219 1133 4285 qui
1159 4217 1385 4269 involuti
1412 4224 1562 4268 erant
1583 4224 1822 4283 argento.
1850 4213 1968 4281 Ipse

392 4289 575 4357 estqui
598 4288 734 4340 diem
759 4288 963 4357 Domini
978 4287 1289 4357 mirabiliter
1303 4299 1353 4340 et
1369 4287 1965 4357 terribiliterventurunt

397 4375 472 4428 pri
493 4356 748 4431 phetavit,
774 4356 956 4431 dicens
978 4356 1167 4431 :Juata
1188 4358 1391 4431 est‘dies
1420 4356 1625 4431 Domini
1661 4356 1818 4427 382
1860 4373 1968 4409 tua-

396 4425 545 4498 gnus,
569 4431 742 4496 juxta,
772 4438 819 4479 et
849 4429 993 4480 velox
1036 4429 1205 4480 nimis.
1262 4427 1376 4480 Vua:
1405 4430 1505 4482 diei
1537 4425 1749 4479 Domini
1768 4425 1961 4493 amara,

396 4485 821 4552 iribultibitur'ibi
844 4499 1009 4565 fortis,
1044 4499 1150 4550 dies
1178 4500 1288 4561 irae,
1313 4500 1420 4551 dies
1447 4499 1572 4562 illa,
1606 4498 1713 4549 dies
1752 4485 1966 4549 ινξιπιιαί
2000 4485 2048 4546 D
2071 4485 2437 4566 pro'argeuto,
2472 4498 2658 4553 dicens
2698 4498 2765 4553 de
2793 4485 3037 4567 "persona
3067 4516 3163 4555 sua

397 4572 550 4622 tionis
597 4578 645 4623 et
692 4568 961 4635 angusiar,
1004 4568 1110 4619 dies
1161 4570 1465 4621 calamitatis
1507 4580 1550 4621 et
1594 4569 1827 4631 miserita,
1861 4568 1969 4619 dies

397 4640 715 4691 tenebrarum
737 4647 788 4708 et
818 4638 1073 4708 caliginis,
1107 4639 1211 4691 dies
1243 4640 1460 4701 nebulae,
1494 4647 1539 4691 et
1588 4636 1819 4701 turbinis,
1860 4638 1968 4689 dies

399 4712 551 4771 tubw,
607 4721 651 4762 et
697 4706 952 4778 clangens
997 4724 1151 4773 super
1195 4711 1414 4761 civitates
1458 4709 1698 4771 munitas,
1730 4716 1777 4759 et
1816 4724 1970 4775 super

397 4782 611 4847 angulos
638 4794 870 4846 excusas,
899 4789 944 4831 ct
966 4779 1213 4832 tribulabo
1257 4778 1506 4843 homines,
1531 4788 1576 4830 et
1619 4778 1966 4841 ambulabunt,

402 4860 457 4902 ut
488 4852 632 4911 cceci,
662 4851 781 4920 quia
813 4848 1032 4901 Domino
1054 4857 1403 4920 peccaverunt.
1436 4851 1733 4920 l'detnvero
1759 4850 1968 4913 Sepho-

401 4922 517 4972 nias
547 4923 598 4972 in
630 4918 802 4989 agello
830 4920 1027 4975 Sabare
1055 4918 1187 4988 (ΑΛ,
1216 4920 1503 4988 Saiabath)
1549 4918 1699 4984 obiit,
1731 4925 1785 4971 et
1815 4925 1971 4972 terra:

400 4992 648 5043 humatus
671 4992 833 5059 jacet.
956 5002 1013 5049 ατ

472 5060 559 5112 26.
607 5056 826 5116 Adetius
848 5064 1123 5128 prOpbeta,
1138 5061 1224 5130 qui
1248 5060 1626 5130 interpretatur
1646 5056 1968 5122 solemnitas;

408 5133 747 5199 prophetarit
775 5139 950 5183 autem
976 5145 1027 5181 tn
1057 5129 1196 5183 anno
1223 5130 1457 5186 secundo
1489 5129 1632 5182 Darii
1664 5130 1804 5197 regis
1832 5130 1972 5183 redi-

406 5208 517 5253 tum
552 5200 730 5269 populi
760 5215 823 5255 ex
853 5200 1157 5271 captivitate
1180 5202 1498 5271 Babylonis,
1531 5210 1586 5253 et
1630 5202 1971 5253 restauratio-

407 5285 527 5324 nem
553 5268 742 5338 templi
768 5270 867 5323 sub
890 5268 1181 5324 Zurubabel
1210 5268 1489 5326 sacerdote
1521 5284 1733 5338 magno.
1767 5270 1971 5323 Pronu-

404 5340 470 5393 sit
502 5342 677 5410 itaque
714 5341 768 5394 in
797 5339 959 5393 verbo
1004 5340 1098 5410 Dei
1150 5343 1327 5394 omnia
1374 5341 1510 5394 bona
1554 5340 1717 5393 Deum
1771 5339 1971 5395 donare

406 5409 603 5479 pupqu
628 5425 744 5464 suo.
774 5409 1109 5464 Conlortavit
1148 5413 1457 5479 principem,
1493 5413 1745 5480 pupulum
1786 5419 1838 5463 et
1885 5425 1972 5463 sa-

404 5482 675 5535 cerdotem
704 5495 951 5550 magnum
972 5480 1022 5532 in
1053 5494 1244 5550 magno
1276 5481 1367 5535 Dei
1394 5480 1659 5547 adjutorio
1686 5488 1974 5550 restaura-

404 5565 486 5613 re,
514 5560 568 5605 et
619 5548 882 5603 cedilicare
926 5548 1181 5618 templum
1236 5552 1349 5615 Dei,
1380 5551 1561 5604 dicens
1611 5567 1624 5601 :
1672 5548 1802 5603 Ilazc
1848 5551 1971 5603 dicit

403 5618 656 5673 Dominus
681 5620 989 5673 exercituum
1021 5635 1038 5669 :
1068 5618 1250 5673 Ponite
1280 5622 1433 5672 corda
1474 5630 1636 5672 vestra
1677 5636 1830 5687 super
1868 5635 1971 5673 vias

402 5700 608 5755 uestras,
637 5690 895 5744 ascendite
922 5690 975 5741 in
1001 5701 1217 5760 montem
1246 5700 1447 5760 portare
1475 5691 1688 5759 lignum,
1731 5701 1777 5743 et
1806 5692 1971 5759 cedi/i-

404 5773 511 5814 catc
540 5764 765 5829 domum,
790 5771 837 5817 et
866 5759 1191 5829 acceptabilis
1218 5759 1340 5813 inihi
1367 5761 1481 5829 erit,
1514 5771 1560 5815 et
1613 5761 1964 5832 gloriﬁcabor,

2066 498 2333 562 rilitatem,
2362 510 2412 552 et
2447 502 2695 551 arborum
2749 503 2857 553 lieri
2905 514 3000 567 pro
3048 501 3277 567 peccatis
3332 502 3634 561 hominum.

2056 568 2177 630 Irse
2223 570 2556 636 prepbetavit
2606 571 2983 623 abundantiam
3036 570 3306 633 frumenti,
3337 580 3391 625 et
3422 574 3550 638 vini,
3584 583 3644 630 et

2055 639 2181 697 olei,
2212 650 2265 690 et
2312 638 2689 692 abundantiam
2747 641 2916 708 pacis,
2945 650 2999 692 et
3044 641 3285 692 sanitatis
3337 644 3553 708 populo,
3580 655 3639 701 et

2057 710 2229 761 servis
2272 708 2386 767 Dei,
2425 719 2478 761 et
2518 710 2872 763 servientibus
2925 710 3046 762 sibi.
3104 710 3220 777 Ipse
3275 715 3635 779 prophetavit,

2060 781 2223 832 Deum
2278 790 2482 844 patrem
2533 789 2585 833 et
2636 781 2891 846 Spiritum
2940 781 3056 848 ejus
3086 791 3269 832 sancut
3296 798 3324 830 n
3360 782 3410 833 in
3446 786 3641 849 populo

2057 863 2155 901 suo
2177 864 2388 917 semper
2414 863 2553 902 esse.
2592 851 2657 902 Et
2686 866 2750 904 ne
2784 853 2967 905 timeat
3016 849 3200 903 dicens
3256 868 3267 902 :
3321 849 3641 918 Conlortare,

2057 920 2218 972 omnis
2246 920 2464 987 populus
2511 930 2678 982 terraz,
2727 922 2850 973 dicit
2905 921 3151 973 Dominus
3199 923 3539 985 exercituum,
3596 935 3643 976 et

2059 992 2229 1060 facile,
2277 991 2515 1057 quoniam
2556 1007 2647 1060 ego
2699 992 2950 1044 t'obisCum
2996 1008 3134 1053 sum,
3192 993 3313 1044 dicit
3366 992 3637 1059 Dominus,

2056 1069 2102 1111 et
2134 1059 2357 1128 Spiritus
2398 1077 2536 1111 utens
2588 1059 2683 1113 erit
2726 1062 2776 1113 in
2820 1062 2984 1113 medio
3034 1066 3204 1127 rastri,
3238 1063 3395 1114 nolite
3448 1062 3639 1117 timere.

2057 1129 2173 1197 Ipse
2207 1130 2540 1197 pr0phetavit
2573 1130 2737 1184 Deum
2783 1133 3127 1199 semelipsum
3154 1148 3369 1185 movere
3415 1135 3637 1198 caelum,

2057 1210 2111 1253 et
2143 1211 2361 1257 terram.
2391 1209 2445 1252 et
2493 1215 2660 1262 mare,
2689 1212 2740 1255 et
2792 1203 3019 1266 aridam,
3072 1211 3123 1255 et
3165 1214 3373 1269 gentes,
3408 1213 3461 1256 et
3506 1206 3639 1257 Sulla

2061 1284 2372 1337 regnorum,
2402 1279 2455 1321 et
2491 1270 2832 1338 Unigenitum
2887 1276 3052 1339 patris
3086 1282 3365 1325 venturum
3412 1274 3596 1327 dicens
3624 1292 3639 1327 :

2064 1341 2242 1391 Adhuc
2270 1355 2428 1391 unum
2460 1340 2711 1393 modicum
2740 1352 2833 1405 est,
2863 1353 2909 1394 et
2940 1359 3030 1411 ego
3072 1343 3389 1396 Connnorebo
3436 1346 3641 1408 ccclunt,

2060 1420 2339 1484 et.ter_rant,
2374 1422 2418 1461 et
2449 1426 2609 1475 mare,
2632 1420 2675 1464 rt
2695 1412 2919 1484 aridam,
2949 1424 2992 1484 et
3014 1414 3225 1484 movebo
3254 1429 3425 1484 ontnes
3447 1430 3639 1484 gentes,

2060 1490 2105 1551 et
2129 1479 2256 1533 solia
2278 1496 2569 1548 regnorum,
2594 1491 2641 1533 et
2671 1482 2827 1534 veniet
2877 1481 3193 1534 desideratus
3237 1483 3430 1535 cunctis
3448 1479 3643 1551 ’μεηιί-

2063 1550 2174 1621 bus.
2208 1551 2302 1621 llic
2328 1565 2453 1602 vero
2482 1552 2721 1621 Agerinus
2748 1567 2812 1605 ex
2857 1553 3122 1621 Babylone
3171 1554 3454 1605 admodum
3480 1550 3642 1620 juve-

2064 1620 2146 1673 nis
2196 1620 2488 1673 Jerusalem
2537 1619 2774 1675 advenit.
2834 1619 3013 1690 Ibique
3067 1621 3358 1687 exhalavit,
3388 1631 3442 1675 et
3482 1619 3638 1691 justa

2063 1692 2398 1760 sacerdotum
2421 1692 2661 1758 sepulcra
2688 1692 2847 1746 humo
2880 1692 3125 1745 conditus
3150 1692 3313 1760 jacet.

2137 1758 2226 1812 27.
2259 1759 2561 1813 ZACIIAIHAS
2590 1764 2843 1829 propheta
2866 1804 2879 1824 ,
2913 1762 3001 1830 qui
3044 1758 3427 1829 interpretatur
3453 1779 3645 1817 memor

2066 1828 2292 1895 Domini,
2328 1830 2466 1883 Illius
2520 1831 2807 1896 Baracliiae,
2837 1828 2942 1885 uno
2987 1828 3284 1899 eodemque
3326 1848 3468 1884 anno
3498 1875 3512 1895 ,
3545 1834 3645 1887 sub

2069 1901 2487 1968 unoendetnque
2517 1915 2638 1968 iege
2671 1902 2824 1955 Dario
2857 1903 3323 1969 prOpIICIaVcruttl.
3351 1902 3640 1955 Zacharias

2064 1984 2193 2040 vero
2225 1970 2275 2023 in
2304 1984 2395 2022 sua
2447 1971 2720 2040 prophetia
2765 1974 3040 2040 multiplex
3089 1983 3143 2023 et
3190 1972 3466 2040 mysticus.
3519 1973 3648 2024 Ver-

2064 2039 2243 2094 siunes
2270 2041 2412 2093 enim
2444 2039 2614 2094 varias
2662 2050 2715 2095 et
2762 2039 3018 2096 obscuras
3076 2039 3283 2106 videns,
3311 2042 3599 2109 prophetav
3626 2049 3646 2095 t

2064 2110 2309 2181 mystice,
2328 2109 2460 2181 quia
2486 2110 2537 2162 in
2571 2124 2636 2164 eo
2661 2112 2880 2180 angelus
2912 2113 3117 2166 Dutnini
3150 2112 3483 2181 loquebatur.
3526 2112 3644 2179 Ipse

2064 2180 2206 2232 enim
2235 2179 2365 2250 vidit
2397 2193 2552 2234 noete
2583 2182 2963 2236 ascende-netu
3009 2198 3174 2245 super
3220 2179 3415 2250 equum
3467 2185 3645 2236 rul‘um

2064 2259 2291 2303 stantem
2340 2249 2481 2303 inter
2528 2260 2751 2320 myrteta
2799 2268 2917 2319 qua:
2969 2263 3124 2305 erant
3167 2252 3219 2305 in
3273 2249 3560 2317 profundo.
3591 2264 3647 2306 et

2068 2329 2187 2391 post
2214 2335 2335 2373 eum
2360 2321 2480 2386 equi
2514 2324 2611 2391 ruli
2649 2321 2779 2375 varii
2804 2331 2857 2375 et
2878 2322 3005 2376 albi.
3033 2321 3150 2390 Ipse
3173 2322 3375 2376 audivit
3395 2324 3646 2391 angelum

2067 2389 2481 2461 interrogantem
2515 2390 2851 2461 dertenipore
2905 2389 3286 2447 misericordia:
3338 2389 3501 2461 super
3550 2394 3644 2447 Je-

2068 2463 2318 2531 rusalem.
2348 2459 2463 2527 Ipse
2502 2459 2705 2531 audivit
2757 2463 3039 2531 Dominum
3094 2462 3289 2531 angelo
3340 2459 3645 2531 loquentem

2068 2530 2228 2581 verba
2283 2531 2441 2592 bona,
2494 2528 2653 2582 verba
2707 2530 3070 2587 consulaturia
3127 2528 3196 2586 de
3241 2528 3560 2595 Jerusalem,
3595 2545 3649 2588 ct

2065 2598 2215 2661 Sion,
2250 2599 2317 2651 de
2344 2599 2643 2652 civitatibus
2672 2598 2829 2653 Juda.
2860 2602 2977 2668 Ipse
3006 2601 3135 2655 vidit
3175 2612 3402 2669 quatuor
3442 2618 3645 2658 co:-nua

2067 2669 2378 2740 \fettti‘lattliu
2410 2669 2622 2740 .Iudatu,
2659 2678 2713 2721 cl.
2745 2672 2926 2737 Israel,
2960 2682 3012 2725 et
3043 2670 3363 2726 JeruSalem.
3416 2673 3533 2740 Ipse
3567 2677 3645 2727 vi-

2067 2738 2146 2791 dit
2177 2737 2371 2804 virum,
2403 2739 2695 2793 funiculum
2729 2741 2781 2793 in
2815 2756 2974 2794 manu
3004 2749 3307 2807 tenentetu,
3343 2754 3396 2795 et
3424 2737 3650 2797 Jerusa-

2071 2809 2172 2862 lem
2206 2810 2256 2862 in
2302 2809 2686 2878 longitudinem
2732 2820 2787 2865 et
2843 2812 3175 2866 latitudinem
3227 2825 3646 2877 mensurantem,

2069 2886 2125 2932 et
2181 2880 2495 2933 dicentem:
2536 2880 2734 2948 Absque
2788 2898 2937 2935 muro
2985 2882 3294 2935 habitabitur
3336 2881 3647 2937 Jerusa'em.

2074 2950 2324 3022 Dominus
2346 2950 2478 3022 enim
2500 2952 2593 3003 erit
2616 2967 2791 3004 murus
2828 2957 2941 3022 ejus
2980 2954 3178 3022 igneus.
3224 2953 3341 3021 Ipse
3393 2955 3525 3006 vidit
3573 2956 3650 3007 Ia-

2073 3020 2249 3087 pidem
2272 3020 2550 3086 scriptum,
2566 3035 2634 3072 vn
2659 3020 3171 3087 oculos’babentem,
3193 3020 3647 3079 eteandelabrum

2072 3103 2315 3161 aureum,
2346 3099 2548 3161 septem
2577 3093 2818 3144 lucernas
2843 3093 3221 3158 SuSlIttetlletu,
3252 3104 3307 3148 et
3337 3095 3646 3161 inlusortas,

1990 3130 2037 3193 Ο
2068 3130 2604 3228 Ιιιυῶιιὶεθρέὖῖλὲηιθε
2619 3130 2709 3225 vni;
2719 3130 3648 3231 et‘dtiasg

2065 3239 2291 3303 stantes,
2313 3246 2516 3303 unama
2539 3234 2760 3298 dextris,
2778 3241 2833 3286 et
2859 3249 3015 3286 unam
3033 3249 3063 3287 a
3092 3235 3346 3303 sinistris.
3380 3234 3497 3303 IpSe
3520 3237 3653 3289 vidit

2069 3302 2319 3354 volumen
2339 3300 2500 3371 383
2518 3305 2699 3372 volans
2720 3303 3048 3372 longitudine
3070 3319 3137 3356 xx
3156 3300 3457 3357 cubitorum
3472 3313 3527 3359 et
3540 3305 3653 3359 lati-

2070 3371 2252 3443 tudine
2281 3387 2309 3424 χ
2340 3369 2657 3443 cubitorum.
2688 3369 2955 3440 Ipse'vidit
2984 3375 3241 3427 talentum
3265 3374 3485 3441 plumbi,
3506 3375 3649 3443 quod

2069 3440 2465 3508 portabatur,et
2487 3442 2761 3511 mulierem
2784 3443 3059 3496 sedentem
3082 3443 3134 3496 in
3159 3440 3335 3497 medio
3354 3440 3649 3511 amphorae,

2068 3524 2187 3581 qua:
2209 3511 2451 3581 impietas
2479 3519 2581 3571 est,
2606 3510 2698 3581 cui
2724 3527 2897 3566 massa
2924 3512 3166 3581 plumbea
3188 3512 3240 3567 in
3268 3528 3328 3567 os
3354 3513 3513 3567 missa
3543 3510 3647 3570 est.

2060 3580 2215 3653 ,\’idit
2246 3591 2302 3635 et
2327 3580 2461 3653 duas
2489 3579 2742 3636 mulieres
2768 3583 2881 3637 alas
2909 3579 3187 3649 habentes,
3218 3584 3369 3652 quasi
3391 3587 3503 3638 alus
3527 3587 3647 3639 mil-

2068 3650 2142 3714 vi,
2176 3666 2293 3719 qua:
2323 3652 2577 3706 levabant
2603 3653 2910 3719 amphoram
2940 3654 3080 3708 inter
3110 3650 3304 3710 caelum
3326 3666 3379 3710 et
3426 3664 3643 3711 terram.

2071 3719 2214 3794 Vidit
2261 3728 2315 3776 et
2355 3734 2581 3794 quatuor
2625 3722 2910 3794 quadrigas
2968 3726 3302 3793 egredientes
3357 3727 3425 3780 de
3472 3726 3651 3782 medio

2068 3790 2297 3865 duorum
2333 3790 2590 3865 tuentium
2621 3790 2927 3848 aureorum.
2957 3790 3025 3849 lu
3040 3796 3292 3865 quadriga
3328 3796 3494 3864 prima
3525 3798 3644 3865 equi

2069 3864 2190 3936 ruti,
2224 3862 2276 3915 in
2326 3862 2582 3936 quadriga
2632 3865 2865 3936 secunda
2915 3862 3254 3934 equi'nigri,‘
3283 3862 3341 3920 iu
3395 3862 3648 3936 quadriga

2071 3932 2224 4005 tertia
2250 3935 2370 4001 equi
2394 3934 2521 4005 albi,
2547 3934 2599 3987 in
2631 3933 2887 4003 quadriga
2912 3932 3097 4004 quarta
3122 3932 3242 4005 equi
3294 3932 3424 3989 varii
3458 3932 3647 4002 fortes,

2069 4009 2124 4055 et
2152 4001 2252 4055 alia
2277 4006 2441 4056 multa
2472 4002 2699 4057 obscura
2730 4015 2785 4059 et
2828 4001 3048 4075 mystica
3096 4001 3246 4060 vidit.
3304 4001 3648 4075 Prophetavit

2070 4086 2245 4127 autem
2276 4075 2505 4129 reditum
2533 4074 2735 4141 populi,
2768 4084 2822 4129 et
2872 4074 3316 4132 restaurationem
3347 4074 3647 4132 Jerusalem

2071 4152 2123 4195 et
2156 4145 2371 4211 templi;
2407 4146 2740 4216 prophetavit
2774 4162 2951 4216 regem
2980 4163 3266 4216 pauperem
3297 4159 3352 4203 et
3390 4149 3644 4205 humilem

2071 4224 2349 4288 venturum
2397 4219 2578 4270 dicens
2618 4231 2634 4270 :
2690 4214 2907 4270 Exsulta
2948 4214 3099 4282 satis,
3135 4219 3249 4287 ﬁlia
3290 4218 3649 4288 Siou,jubila,

2070 4284 2181 4359 [ilia
2221 4283 2527 4349 Jerusalem,
2561 4303 2672 4339 ecce
2727 4303 2815 4340 rex
2866 4300 2983 4342 tuus
3030 4283 3188 4343 veni—ot
3232 4290 3325 4344 tibi
3370 4283 3575 4359 justus,
3603 4283 3651 4345 et

2068 4356 2312 4421 salva:or,
2338 4372 2529 4425 pauper
2558 4363 2833 4411 ascendens
2854 4375 3005 4428 super
3025 4362 3245 4427 pullum,
3262 4356 3426 4428 ﬁlium
3457 4356 3650 4425 asincc;

2072 4428 2409 4495 prepbetavit
2440 4429 2684 4481 eumdem
2733 4444 2912 4497 regem
2965 4434 3236 4495 traditum,
3265 4442 3319 4484 et
3377 4433 3648 4483 venditum

3215 4517 3228 4552 :
3286 4501 3648 4567 Appeuderunt

2072 4570 2356 4639 mercedem
2379 4584 2543 4621 meum
2568 4571 2776 4636 triginta
2801 4582 3083 4639 argenteas,
3113 4580 3165 4624 et
3188 4569 3405 4638 reliqua.
3440 4570 3653 4624 Passio-

2073 4652 2195 4691 nem
2222 4638 2568 4707 ejusdemque
2600 4641 2718 4707 (sic)
2750 4638 2911 4708 regis,
2942 4641 2992 4693 id
3023 4652 3125 4702 est,
3158 4640 3449 4693 Salvaturis
3481 4642 3650 4697 nostri

2073 4720 2169 4775 per
2197 4710 2396 4774 omnia,
2423 4709 2560 4763 sicut
2589 4712 2784 4763 factum
2814 4722 2917 4775 est,
2938 4710 3253 4764 mirabiliter
3284 4710 3683 4778 prophetavitw

2070 4779 2161 4832 Ait
2206 4794 2478 4847 namque:
2514 4778 2808 4832 Pcrcutiam
2856 4788 3149 4847 pastorem,
3199 4790 3246 4833 et
3296 4779 3649 4850 dispergentur

2073 4861 2184 4902 oves
2215 4864 2401 4919 gregis.
2426 4850 2695 4921 Etiterum
2716 4866 2729 4902 :
2754 4850 2888 4913 Quid
2918 4860 3033 4903 sunt
3064 4852 3231 4921 plaga:
3260 4852 3370 4904 ista:
3404 4852 3457 4906 in
3485 4853 3651 4905 medio

2072 4934 2312 4990 manuum
2342 4922 2583 4972 tuarum?
2612 4919 2863 4989 l’lagatus
2890 4936 3000 4973 sum
3042 4923 3095 4974 iu
3138 4919 3289 4975 domo
3336 4937 3533 4987 eorum,
3561 4929 3648 4990 qui

2077 4989 2350 5058 diligebant
2381 5006 2475 5042 me.
2513 4990 2574 5043 Et
2624 4993 2813 5062 iterum
2867 5008 2881 5045 :
2940 4993 3205 5062 Aspiciunt
3253 4994 3321 5044 ad
3372 5008 3470 5062 me,
3498 4989 3649 5061 quem

2073 5062 2357 5127 a/ﬁxerunt.
2396 5064 2466 5113 De
2498 5072 2671 5113 morte
2699 5061 2815 5128 ejus
2844 5063 2919 5115 sic
2950 5064 3260 5130 praedicavit
3310 5078 3324 5114 :
3380 5061 3445 5115 Et
3497 5063 3645 5131 plau-

2072 5140 2189 5200 gent
2217 5145 2330 5181 eum
2358 5130 2566 5204 planctu
2595 5134 2741 5204 quasi
2768 5147 2918 5202 super
2956 5133 3293 5204 unigenitum,
3319 5138 3367 5204 et
3409 5130 3646 5187 dolebant

2070 5216 2221 5271 super
2236 5216 2367 5265 eum,
2385 5211 2437 5252 ut
2459 5201 2618 5253 doleri
2643 5202 2767 5254 δοιςι
2784 5201 2935 5273 super
2958 5201 3292 5273 unigenitum.
3319 5203 3646 5271 Baptismum

2073 5272 2598 5343 lutururtt_pra:d;xit,
2631 5273 2816 5325 dicens
2849 5288 2862 5343 ξ
2895 5272 2960 5326 1η
2982 5272 3064 5327 die
3086 5276 3177 5326 illa
3203 5282 3295 5327 erit
3325 5274 3441 5343 fons
3470 5284 3646 5343 patens

2073 5344 2254 5393 damus
2282 5338 2471 5406 David,
2503 5350 2549 5391 et
2592 5341 2932 5397 habitantibus
2972 5344 3257 5399 Jerusalem
3299 5338 3353 5398 in
3391 5338 3647 5399 ablatione

2068 5412 2348 5481 peccatoris
2370 5421 2415 5463 ct
2438 5421 2780 5466 menstruam.

2146 5482 2189 5534 Α
2218 5491 2387 5555 morte
2416 5483 2589 5550 itaque
2619 5484 2858 5551 ejusdem
2894 5482 3166 5541 Zachariae
3212 5488 3485 5555 propheta:
3535 5495 3644 5540 tes-

2074 5559 2182 5605 tem
2208 5550 2586 5623 ﬁdele-ungui
2633 5550 2733 5607 nec
2783 5556 2933 5623 tallit,
2963 5571 3062 5610 nec
3106 5550 3327 5621 fallitur,
3356 5559 3548 5623 habeo,
3590 5556 3645 5612 id

2073 5633 2173 5696 (ζει,
2198 5617 2379 5696 Iesum
2411 5617 2737 5696 Salvatprem
2784 5617 3025 5696 nostrum
3057 5627 3111 5680 in
3136 5617 3429 5696 Evangelia
3458 5617 3648 5683 secun—

2073 5691 2565 5768 d_um__Mattha2um_,_
2587 5693 2802 5768 Iudaeos
2830 5695 3135 5750 incredulos
3182 5691 3566 5768 incrépantem,
3591 5710 3645 5755 et

2073 5763 2151 5820 sic
2179 5763 2441 5822 dicentem
2475 5779 2490 5821 :
2530 5763 2707 5821 Veniat
2752 5782 2903 5837 super
2932 5782 3017 5824 vos
3039 5767 3201 5827 omnis
3243 5763 3451 5841 sanguis
3470 5772 3647 5842 justus
