4104 6184
319 366 456 421 12295

1279 360 1570 416 ΑΙῬΕΜ).
1613 358 1758 417 XXI.
1796 388 1858 398 —-
1904 357 2105 412 LIBER
2148 358 2234 414 DE
2273 357 2607 413 NUMERIS.

3454 363 3519 417 12
3540 364 3588 417 Μ

317 490 455 543 Duos
476 483 643 555 396
669 480 871 555 etenim
899 476 1158 555 lihros__de
1187 475 1450 555 διιίιιιιιίιιῇ
1482 474 1747 555 medicina
1777 475 1895 527 ani-
1924 485 1969 541 Α
2001 476 2163 555 duros
2205 476 2367 530 corde
2388 484 2464 555 _et
2515 475 2829 555 incredulos
2861 490 2979 530 cum
3014 476 3201 555 ﬁducia
3246 478 3584 555 increpabat,

314 544 791 619 nyartitnscripsit,
825 550 875 602 id
905 560 1018 613 est,
1056 548 1397 619 Evangelium
1432 549 1484 599 in
1516 544 1733 619 Achaia:
1761 562 1893 613 par-

315 612 449 680 tibus
495 612 734 690 tempore
764 620 934 685 Pauli,
968 612 1109 690 quod
1158 612 1503 690 livatigclium
1550 612 1894 690 P_aulnsapn-

312 698 479 749 stiilus
500 685 619 763 (aitj
643 704 761 744 esse
790 705 971 763 suum;
991 685 1071 741 ait
1095 688 1235 741 enim
1253 685 1535 763 secundum
1557 685 1895 763 Evangelium

313 757 517 818 meum:
546 757 721 816 Alium
751 775 880 815 vero
920 759 1145 820 librum,
1178 757 1265 825 qui
1322 758 1486 811 Actus
1527 760 1892 822 apostolorum

312 837 541 897 dicitur,
600 846 757 899 quem
816 840 1004 883 sancto
1046 827 1345 894 Theophilo
1396 827 1663 899 episcopq
1711 826 1895 899 Antiu-

311 909 482 959 cheno
507 896 847 968 conscripsit.
882 914 1039 954 uxnv
1078 912 1340 951 annorum
1372 896 1507 968 obiit
1551 897 1603 949 in
1636 896 1894 968 Bethania

313 976 495 1040 plenus
541 966 740 1039 Spiritu
768 980 985 1035 sancto;
1014 969 1103 1038 qui
1151 976 1335 1040 postea
1375 966 1892 1040 ConstantinOpolitn

307 1035 645 1099 Constantini
678 1035 1185 1106 itnperatoris'anno
1212 1037 1283 1091 20
1310 1052 1430 1090 cum
1482 1035 1722 1106 reliquiis
1752 1037 1892 1090 beati

308 1114 534 1179 apostoli
580 1104 808 1166 Andrea:
835 1110 1118 1163 translatus
1168 1117 1280 1171 est;
1325 1106 1477 1175 cujus
1519 1104 1786 1174 depositio
1827 1122 1895 1161 xv

310 1184 424 1251 Kal.
461 1184 725 1236 Novemb.
755 1183 1072 1234 celebratur.

376 1254 464 1309 56.
519 1254 834 1310 Bsnmuas.
882 1251 971 1317 qui
1024 1259 1079 1303 et
1127 1247 1323 1316 Joseph
1351 1286 1366 1311 ,
1426 1246 1644 1301 natione
1687 1243 1896 1313 Cypria:

305 1325 583 1377 civitatisa
623 1322 761 1391 Cyro
810 1320 1091 1374 Persarum
1125 1335 1248 1387 rege
1277 1317 1541 1383 conditae,
1583 1318 1895 1391 curnPaulo

304 1396 546 1463 apostolo
575 1385 681 1463 Aiu'
709 1393 952 1463 gentibus
976 1385 1355 1463 ‘apostolatiirn
1400 1399 1644 1463 a..eptus.
1693 1385 1897 1443 Deinde

310 1458 526 1532 propter
563 1458 825 1532 Joannem
857 1459 1201 1532 discipulum,
1233 1460 1322 1527 qui
1351 1458 1513 1532 etiam
1540 1468 1897 1532 cognomento

305 1528 513 1587 Marcus
565 1531 905 1599 appellatur,
960 1529 1235 1599 sejunctas
1279 1543 1311 1599 a
1368 1528 1573 1599 Pauln,
1620 1528 1897 1599 apostolus

307 1597 651 1656 nihilominus
676 1601 998 1669 evangeliea:
1022 1597 1428 1668 praedicationis
1457 1597 1755 1666 injunctutn
1795 1598 1897 1653 sibi

304 1689 437 1742 opus
458 1672 718 1725 exercuit.

373 1744 460 1796 57.
494 1742 827 1805 'l‘tuomsus,
862 1739 1214 1808 Ephesiorum
1247 1738 1564 1807 episcopus,
1588 1736 1655 1793 de
1681 1737 1899 1795 civitate

304 1811 610 1900 :l‘ri'ensiuut.
628 1822 776 1879 patre
805 1810 1017 1900 graeco,
1046 1809 1096 1863 id
1126 1810 1498 1900 ιιδιηιιιιιιιξιιοξ
1528 1820 1697 1862 matre
1717 1819 1896 1900 autem
1929 1840 1975 1900 Β

303 1883 506 1943 Juiliea,
562 1884 613 1936 id
651 1894 763 1947 est,
808 1882 1044 1944 Eunice,
1091 1888 1148 1932 ut
1178 1880 1341 1935 refert
1373 1881 1570 1932 I’aulus
1596 1881 1896 1946 apostolus,

303 1958 488 2007 dicens
514 1974 526 2005 .
571 1952 706 2016 Quia
731 1946 971 2006 habitavit
993 1952 1120 2018 ﬁdes
1159 1952 1213 2003 in
1244 1950 1359 2003 avia
1390 1960 1477 2003 tua
1501 1946 1684 2014 Laide,
1713 1960 1760 2002 et
1790 1967 1899 2003 ma-

303 2034 377 2075 tre
420 2036 509 2077 tua
557 2023 775 2086 Eunice,
825 2032 1019 2074 certum
1060 2031 1133 2074 est
1176 2021 1502 2087 autemquod
1530 2031 1573 2071 et
1603 2021 1752 2073 inte.
1805 2022 1901 2075 llic

301 2104 477 2147 autem
516 2092 809 2158 discipulus
850 2094 948 2145 fut
997 2092 1144 2145 Pauli
1191 2093 1443 2159 apostoli,
1487 2088 1712 2157 ejusque
1758 2090 1900 2145 ﬁlius

301 2163 613 2228 spiritualis,
636 2177 793 2232 quem
827 2177 1051 2230 puerum
1084 2162 1299 2232 proprie
1323 2174 1506 2232 secum
1538 2161 1678 2213 idem
1703 2160 1899 2215 Paulus

299 2236 574 2300 apostolus
596 2230 919 2300 assumpsit;
953 2233 1043 2302 qui
1075 2231 1300 2301 pudicus
1326 2241 1378 2284 et
1406 2230 1556 2298 virgo
1586 2236 1895 2302 permansit,

299 2298 495 2371 quique
532 2303 673 2372 apud
702 2298 983 2370 Ephesum
1020 2298 1090 2356 in'
1115 2312 1296 2357 monte
1325 2303 1416 2367 qui
1456 2308 1675 2354 vocatur
1714 2298 1895 2370 Pion,

305 2389 426 2427 cum
452 2388 645 2442 magno
667 2373 892 2441 quiescit
922 2374 1146 2427 honore.

368 2442 459 2499 58.
482 2440 646 2498 Terris
674 2440 820 2497 Pauli
855 2445 1080 2511 apostoli
1107 2441 1422 2509 discipulus,
1464 2451 1521 2497 et
1552 2440 1603 2494 in
1635 2440 1898 2508 baptismo

302 2514 462 2580 illius,
493 2516 711 2569 natione
739 2513 959 2568 Graecus
984 2553 998 2577 ,
1032 2522 1087 2567 et
1125 2528 1191 2566 ex
1231 2512 1479 2581 gentibus
1502 2514 1649 2565 solus
1678 2528 1706 2563 a
1735 2513 1899 2565 Paulo

298 2585 541 2653 apostolo
567 2592 688 2651 post
717 2584 1060 2651 Evangelium
1093 2585 1482 2647 circumcisus;
1514 2597 1671 2649 quem
1701 2581 1768 2634 ad
1799 2597 1896 2634 ex-

297 2655 581 2708 struendas
602 2653 773 2708 Cretie
803 2655 1065 2707 ecclesias
1089 2655 1336 2720 prwlatus
1361 2653 1576 2720 reliquit
1598 2654 1891 2717 apostolus,

307 2724 491 2785 ibime
520 2726 569 2778 in
604 2739 733 2790 pace
762 2724 1071 2789 defunctus,
1100 2734 1260 2790 atque
1290 2723 1532 2790 sepultus
1559 2722 1804 2787 quiescit.

373 2795 462 2849 59.
496 2797 813 2849 Srsrnasus
842 2807 1082 2857 sanctus,
1110 2795 1279 2862 gratia
1306 2794 1515 2861 plenus,
1561 2794 1752 2859 dignus
1780 2792 1898 2862 dias

296 2879 503 2927 conus,
548 2876 603 2919 et
650 2878 767 2931 post
811 2863 1083 2918 Christum
1124 2861 1327 2931 inattyr
1358 2864 1559 2930 primus
1584 2904 1598 2928 ,
1650 2861 1896 2914 Zacchzei

298 2950 500 3002 nepos,
551 2944 606 2988 et
632 2936 866 2989 Simonis
912 2936 1071 2986 titius.
1121 2934 1274 2986 Miles
1316 2947 1540 3002 magnus
1592 2932 1897 3002 Stephanus

296 3001 432 3067 erat,
462 3009 641 3060 clarus
670 3019 887 3074 genere,
916 3012 971 3057 et
996 3003 1166 3074 forma
1202 3003 1461 3074 fulgebat;
1490 3001 1687 3074 clarior
1719 3011 1894 3074 tamen

298 3074 401 3128 fide
437 3089 492 3129 et
533 3070 701 3142 signi?
731 3075 929 3127 saeculo
962 3072 1220 3125 radiabat.
1260 3071 1603 3138 Evangelium
1652 3070 1890 3137 legebat,

298 3144 645 3213 Evangelium
699 3144 1064 3210 intelligebat,

300 3210 651 3284 Evanéelium
679 3212 958 3281 implebat,
989 3212 1194 3278 populis
1238 3210 1473 3284 perfecte
1501 3210 1769 3284 Christum
1796 3227 1891 3263 an-

298 3282 596 3347 nuntiabat,
630 3283 938 3352 Synagogas
965 3283 1225 3347 sapientia
1257 3282 1558 3347 superabat,
1606 3282 1752 3349 signa
1779 3297 1891 3334 ma-

296 3370 401 3421 gna
430 3354 483 3406 in
518 3360 710 3422 popqu
734 3353 979 3407 faciebat.
1008 3352 1208 3420 Spiritu
1230 3361 1417 3406 saneto
1444 3355 1703 3416 repletus,
1729 3366 1890 3422 canes

296 3420 555 3478 latrantes
583 3420 864 3477 adversum
892 3438 953 3476 se
983 3423 1263 3485 vincebat,
1294 3424 1459 3474 custos
1489 3432 1704 3487 apertos
1737 3420 1889 3472 vide-

296 3494 407 3558 bat,
438 3506 491 3547 et
506 3496 687 3549 Jesum
710 3502 938 3547 stantem
955 3508 985 3546 a
1007 3495 1212 3546 dextris
1230 3490 1441 3545 virtutis
1466 3490 1559 3545 Dei
1583 3491 1893 3558 aspiciebat.

294 3564 451 3633 εστιν
479 3581 602 3620 uras
633 3575 847 3618 sanctas
885 3564 938 3616 in
970 3563 1268 3633 Jerusalem
1302 3563 1577 3633 sapienter
1607 3562 1896 3628 psallebat,

295 3644 352 3688 et
397 3631 463 3689 de
495 3636 587 3689 Dei
621 3642 735 3703 lege
783 3636 977 3687 fratres
1028 3631 1242 3686 JUdiEOS
1291 3632 1580 3699 diligenter
1628 3632 1896 3694 docebat,

1471 3862 2064 3942 APPENDIX
2140 3861 2401 3941 XXI.

1127 3141 1468 3208 Etangelium
1536 3143 1891 3204 praedicabat,
1923 3183 1964 3208 η

2000 546 2521 619 charitaterepjetus
2569 547 2987 619 noncredentes
3034 550 3329 619 clementer
3367 546 3600 619 casnga;

1999 616 2107 669 hat.
2137 614 2337 669 Inimici
2372 615 2461 669 Dei
2493 618 2606 669 haec
2652 616 2894 669 videntes
2914 656 2929 677 ,
2960 616 3207 672 dentibus
3240 621 3289 672 in
3319 633 3440 673 eum
3469 614 3601 676 εὔδι’

1996 684 2236 756 debant;
2270 685 2468 739 inimici
2520 686 2611 739 Dei
2656 687 2769 741 hazc
2806 688 3105 752 audientes,
3156 690 3425 756 quomodo
3469 706 3594 748 eum

1999 754 2621 829 interltcerepotuissent
2642 760 2988 824 quaarebant;
3014 754 3303 826 phrenetici
3336 759 3591 829 furentes,

2000 825 2179 895 furore
2207 826 2427 891 repleti,
2462 836 2518 879 ut
2546 841 2729 893 canes,
2778 836 2962 881 contra
3013 825 3253 882 Sanctum
3290 825 3589 895 latrahant,

1998 894 2116 949 falsi
2163 906 2325 950 testes
2378 898 2700 952 mentientes
2729 897 3062 963 clamabant,
3118 898 3314 954 Christi
3367 894 3593 956 mlitem

2000 966 2179 1021 miseri
2224 979 2396 1021 morte
2430 967 2799 1031 damnabant,
2856 968 2973 1022 duri
3025 971 3271 1033 cervice,
3329 979 3384 1022 et
3425 972 3592 1028 corde

1996 1038 2275 1102 c.udeles,
2305 1036 2507 1103 lapides
2555 1038 2913 1106 colligebant,
2965 1048 3021 1094 et
3074 1049 3318 1093 sanctum
3349 1039 3591 1105 Stepha-

2001 1120 2124 1159 num
2146 1108 2414 1161 trahentes
2438 1108 2579 1162 [ιιι-διε
2620 1119 2767 1163 extra
2792 1109 3059 1164 civitatem
3080 1111 3401 1176 lapidabant;
3419 1111 3492 1164 illi
3514 1115 3593 1165 la-

2000 1177 2273 1256 pidabant,
2296 1178 2612 1256 illeorahat;
2638 1180 2712 1256 illi
2726 1193 2973 1256 saxorum
2988 1182 3271 1256 grandines
3289 1196 3450 1256 super
3461 1198 3590 1256 eum

1993 1247 2300 1314 jactabant,
2354 1247 2443 1300 ille
2486 1264 2658 1312 genua
2691 1248 2875 1302 factori
2907 1247 3009 1304 suo
3035 1250 3261 1305 feliciter
3304 1247 3588 1316 flectebat;

2000 1317 2076 1370 illi
2128 1334 2248 1390 eum
2300 1318 2599 1390 maledictis
2649 1320 2893 1374 manibus
2943 1323 3273 1386 mactahant,
3324 1322 3414 1375 ille
3463 1338 3592 1390 vero

1998 1388 2275 1443 charitatis
2300 1388 2490 1440 ardore
2520 1389 2703 1453 plenus
2729 1393 3073 1455 coruscahat;
3108 1392 3180 1444 illi
3206 1392 3351 1446 stulti
3379 1388 3593 1448 Satanas

2000 1458 2217 1513 sodales
2252 1460 2302 1511 in
2330 1467 2571 1511 sanctum
2600 1458 2913 1518 saeviebant.
2958 1462 3047 1513 ille
3081 1472 3298 1515 sanctus
3328 1462 3590 1517 instanter

1998 1527 2258 1581 Salsatmi
2288 1543 2497 1581 summo
2538 1529 2824 1594 psallebat;
2856 1529 2931 1582 illi
2984 1530 3163 1584 furore
3196 1530 3383 1584 fuscati
3415 1533 3592 1587 denti-

2000 1599 2098 1671 bus
2144 1599 2440 1671 fremebant
2464 1639 2507 1671 ,μ
2537 1600 2624 1671 ille
2674 1598 2817 1671 vultu
2849 1601 3086 1669 angclico
3138 1601 3297 1671 397
3342 1614 3394 1656 et
3445 1606 3590 1658 clara

2000 1668 2135 1740 facie
2166 1669 2399 1738 fulgebat
2428 1684 2443 1732 ;
2477 1668 2553 1721 illi
2585 1668 2862 1723 carnifices
2920 1668 3175 1723 certatini
3197 1668 3398 1740 t'apides
3427 1672 3590 1728 duce-

2000 1737 2148 1803 bant,
2191 1737 2283 1810 ilte
2317 1740 2574 1810 veraciter
2622 1742 2831 1793 veniam
2866 1737 3295 1805 persecutoribus
3336 1746 3590 1810 precaba-

2004 1817 2119 1872 tur;
2150 1808 2222 1862 illi
2252 1808 2540 1863 crudeliter
2563 1821 2725 1875 caput
2765 1818 2819 1863 et
2848 1826 3043 1877 corpus
3074 1815 3240 1865 sancti
3274 1808 3419 1865 saxis
3448 1814 3593 1865 fran-

2001 1880 2218 1947 gebaut,
2249 1881 2337 1934 ide
2367 1880 2621 1932 Sanctum
2653 1882 2702 1930 in
2734 1882 2872 1934 creto
2910 1880 3177 1945 aspiciens
3199 1921 3214 1945 ,
3245 1885 3420 1936 aiebat
3453 1900 3464 1934 :
3510 1881 3594 1935 Ne

1999 1960 2194 2003 statuas
2220 1951 2325 2020 illis
2375 1950 2471 2001 hoc
2501 1958 2800 2015 peccatum,
2847 1950 3099 2014 Domine;
3158 1953 3233 2005 ιιι
3277 1952 3592 2020 sanguinem

2000 2026 2169 2073 sancti
2221 2019 2479 2087 Stephani
2528 2020 2580 2073 in
2630 2031 2825 2074 terram
2875 2022 3193 2087 fundebant,
3244 2022 3333 2077 ille
3378 2019 3594 2076 Sanctus

1999 2090 2302 2157 Stephanus
2321 2092 2490 2145 cmlos
2527 2099 2742 2157 apertos
2772 2100 2825 2145 et
2854 2092 3035 2146 Jesnm
3069 2103 3301 2146 Stantem
3344 2094 3589 2157 videbat;

2001 2158 2078 2214 illi
2126 2162 2292 2214 latera
2338 2159 2510 2214 sancti
2539 2160 2795 2228 Stephani
2833 2163 3069 2217 silicibus
3115 2163 3469 2229 scindebant,
3502 2165 3594 2219 ille

1998 2239 2307 2285 constanter
2328 2232 2543 2284 Christo
2583 2232 2780 2297 gratias
2807 2232 3027 2298 agebat;
3064 2232 3141 2286 illi
3172 2233 3433 2301 furendo,
3480 2232 3593 2287 ira-

1998 2306 2222 2364 scendo,
2239 2300 2518 2354 clamando
2540 2302 2847 2367 currebant,
2868 2304 2953 2355 ille
2977 2303 3338 2371 prmdicando,
3361 2300 3590 2369 orando,

2002 2373 2277 2437 psallendo
2308 2373 2373 2424 ad
2403 2372 2672 2425 Christum
2718 2373 3017 2437 clamabat;
3070 2374 3144 2426 illi
3192 2377 3430 2428 membra
3475 2391 3592 2427 tua-

2001 2442 2128 2496 ximi
2162 2441 2349 2495 militis
2381 2442 2646 2510 lapidibus
2675 2442 3006 2503 lacerabant.
3052 2444 3141 2498 ille
3171 2459 3395 2512 magnus
3435 2444 3594 2500 miles

2000 2515 2248 2580 spiritum
2282 2514 2495 2567 Christo
2518 2515 2945 2567 commendabat.
2981 2514 3208 2569 Sanctus
3255 2517 3432 2582 itaque
3464 2517 3590 2570 Ste-

2003 2586 2232 2649 phanus,
2265 2581 2452 2649 positis
2480 2583 2726 2650 genibus,
2770 2600 2954 2649 orans,
2988 2585 3039 2638 in
3071 2585 3285 2639 Christo
3313 2585 3593 2639 obdormi-

2000 2655 2094 2705 vit.
2125 2654 2353 2707 Sanctus
2382 2656 2688 2720 Stephanus
2708 2693 2722 2715 ,
2767 2665 2821 2705 ut
2850 2655 3221 2722 praediximus,
3254 2656 3384 2709 vidit
3423 2656 3593 2711 caelos

1999 2734 2250 2790 apertos,
2282 2734 2337 2776 et
2368 2726 2625 2776 introwit.
2657 2722 2819 2790 Cujus
2867 2725 3039 2777 oratio
3088 2724 3309 2780 Saulum
3340 2725 3594 2780 Ecclesia:

1998 2792 2364 2847 Christianum
2392 2794 2646 2856 reddidit,
2671 2803 2723 2845 et
2747 2795 3095 2861 praecipuum,
3121 2806 3175 2849 et
3201 2795 3343 2862 pium
3372 2796 3595 2851 Paulum

2002 2865 2405 2932 praedicatorem
2460 2863 2784 2931 prostravit,
2837 2880 2958 2932 quia
3014 2882 3056 2917 si
3107 2874 3232 2919 tunc
3287 2866 3592 2934 Stephanus

2002 2950 2105 2985 non
2136 2944 2377 3000 orasset,
2411 2935 2650 2987 Ecclesia
2682 2946 2863 3000 postea
2896 2937 3111 2988 l’aulum
3141 2952 3246 2989 non
3291 2936 3593 2991 habuisset.

2001 3003 2266 3057 l’ost’lnec
2292 3004 2467 3071 itaque
2508 3018 2631 3056 vere
2676 3004 2958 3057 timotatia
2981 3003 3193 3059 civitate
3216 3016 3495 3072 venerunt,
3539 3018 3594 3061 et

1998 3083 2243 3128 sanctum
2266 3074 2597 3141 Stephanum
2621 3088 2741 3126 cum
2771 3091 2962 3141 magno
2987 3078 3197 3144 planctu
3231 3078 3589 3145 planxerunt,

1998 3156 2054 3197 et
2079 3159 2199 3195 cum
2234 3162 2427 3212 magno
2462 3145 2665 3196 honore
2696 3158 2893 3213 corpus
2921 3162 3035 3213 eius”
3066 3150 3415 3213 sepelierunt.
3463 3145 3587 3215 Ubi,

2001 3225 2289 3282 praestante
2335 3216 2595 3278 Domino,
2645 3229 2834 3282 magna
2864 3216 3120 3270 miraCnIa
3146 3228 3202 3270 et
3239 3218 3399 3271 modo
3428 3232 3592 3287 appa-

2002 3295 2143 3347 rent,
2173 3296 2227 3337 et
2252 3299 2374 3338 tunc
2402 3296 2781 3356 apparuerunt.
2812 3287 2975 3356 Cujus
2998 3288 3309 3356 martyrium
3335 3303 3364 3339 a
3390 3284 3592 3341 mundo
3668 3284 3673 3291 ’

2001 3356 2315 3418 honoratur,
2351 3366 2405 3407 ct.
2452 3370 2525 3406 \‘ll
2572 3353 2793 3405 Kalend.
2838 3354 2957 3407 Jan.
3010 3353 3221 3423 semper
3262 3357 3587 3411 celebratur.

2001 3427 2163 3490 Cujus
2202 3438 2399 3487 corpus
2442 3437 2560 3491 post
2592 3433 2798 3489 tempus
2847 3440 2900 3476 ιιι
2955 3424 3089 3478 Non.
3123 3430 3347 3493 August.
3392 3428 3590 3481 ibidem

2000 3494 2279 3561 quaesitum
2322 3496 2592 3547 invenitur
2615 3531 2632 3557 ,
2674 3494 2760 3546 ubi
2795 3508 2823 3547 a
2852 3496 3035 3550 multis
3082 3497 3315 3551 millibus
3343 3496 3589 3551 Christus

2003 3568 2239 3618 creditur
2265 3575 2315 3618 et
2339 3564 2611 3618 aduratur.

1579 4025 1781 4080 LIBER
1824 4026 1913 4079 DE
1954 4025 2301 4093 NUMEltIS,

1231 4137 1306 4192 De
1334 4153 1437 4208 quo
1466 4139 1519 4191 in
1550 4138 1883 4205 lsidorianis,
1916 4155 2033 4209 cap.
2065 4138 2153 4205 65,
2190 4156 2243 4194 n.
2284 4139 2351 4194 10
2380 4149 2425 4194 ει
2456 4159 2593 4211 seqq.

371 4284 421 4335 l.
456 4280 681 4336 Domino
709 4288 893 4335 nostro
917 4279 1180 4335 altissimo
1204 4281 1511 4350 adiuvante,
1535 4291 1587 4336 et
1611 4282 1891 4336 Salvatore

301 4363 483 4407 nostro
526 4352 653 4406 Jesu
703 4351 916 4405 Christo
953 4351 1378 4405 clementissittto
1421 4352 1780 4415 concedente,
1822 4355 1889 4405 de

299 4437 523 4476 numero
569 4432 623 4476 et
665 4420 782 4490 ejus
833 4423 1058 4490 mystico
1106 4420 1362 4491 mysterio
1414 4437 1579 4488 pauca
1636 4422 1886 4484 breviter.

1994 4283 2356 4349 multipliciter
2376 4296 2496 4336 esse
2527 4282 2794 4344 videntur,
2828 4288 3004 4333 tamen
3035 4296 3141 4333 uno
3173 4282 3385 4337 nomine
3418 4302 3579 4343 unum

1995 4354 2359 4420 appellantur;
2395 4367 2450 4404 ιιι
2482 4353 2660 4412 homo,
2684 4353 2891 4412 anima,
2922 4350 3076 4423 fides,
3109 4352 3270 4422 393
3300 4353 3580 4423 baptisma,

1993 4423 2264 4485 charitas,
2308 4436 2464 4491 spes,
2517 4437 2639 4487 pax,
2696 4423 2875 4487 panis.
2922 4422 3156 4474 Ecclesia
3209 4422 3499 4487 catholica,
3531 4439 3586 4482 ct

300 4504 477 4547 tamen
511 4492 731 4555 utiliter,
782 4492 904 4544 volo
952 4492 1206 4545 scribere.
1251 4491 1387 4557 Quid
1435 4507 1472 4558 1,
1502 4492 1627 4560 quid
1670 4507 1703 4544 ll
1746 4503 1797 4544 et
1829 4506 1883 4545 ιιι
1921 4493 1969 4551 D
1993 4494 2098 4545 alia
2130 4495 2314 4557 multa,
2354 4510 2471 4561 quae
2518 4492 2676 4545 modo
2715 4505 2871 4544 causa
2900 4491 3177 4545 brevitatis
3207 4496 3583 4561 praetermitto.

298 4564 503 4626 dicunt,
535 4562 660 4630 quid
695 4577 765 4627 tv,
799 4561 922 4629 quid
948 4576 981 4612 ν
1011 4570 1066 4615 et
1093 4577 1139 4613 νι
1170 4572 1448 4626 asserunt,
1481 4563 1607 4629 quid
1636 4577 1729 4625 vn,
1761 4562 1887 4630 quid

299 4648 411 4698 vm,
439 4633 563 4703 quid
593 4647 640 4685 Ix
660 4646 725 4703 et
745 4647 771 4684 κ
797 4631 1060 4703 referunt,
1079 4642 1132 4685 et
1157 4646 1325 4698 usque
1352 4633 1418 4684 ad
1454 4647 1604 4696 xxiv,
1630 4634 1673 4685 si
1696 4647 1887 4700 pessu-

300 4717 419 4756 mns
451 4701 753 4769 pervenire,
778 4701 956 4756 dicere
988 4702 1235 4756 volumus
1279 4703 1403 4767 quid
1434 4705 1743 4756 ostendunt.

372 4773 426 4825 2.
467 4771 638 4826 Unum
671 4774 851 4840 itaque
880 4782 1085 4826 tantum
1114 4773 1221 4826 Deo
1252 4773 1506 4841 pertinet,
1538 4775 1661 4841 quia
1696 4777 1745 4825 in
1777 4787 1891 4825 om-

300 4844 477 4908 nibus,
519 4852 573 4897 et
600 4852 724 4897 ante
750 4844 966 4908 omnia,
1017 4852 1071 4896 et
1107 4858 1271 4909 super
1294 4844 1493 4906 omnia,
1542 4844 1594 4895 in
1646 4844 1891 4909 omnipo-

299 4915 489 4979 tentia,
514 4922 568 4967 et
595 4915 983 4982 magniﬁcentia
1001 4954 1016 4977 ,
1043 4923 1096 4967 et
1126 4912 1762 4980 incumpreltensibilitate
1790 4927 1887 4968 sua

298 5001 436 5038 unus
460 4994 562 5050 est,
584 4984 720 5037 sicut
747 4995 799 5037 et
825 4985 875 5036 in
896 4986 1088 5053 capite,
1113 4992 1167 5039 et
1190 4986 1241 5036 in
1276 4983 1535 5051 principio
1558 4998 1721 5037 sacrae
1745 4984 1891 5037 Scri-

300 5065 471 5118 ptura:
496 5069 595 5109 vox
614 5054 790 5108 divina
815 5053 1155 5119 spiritualitcr
1182 5056 1417 5107 affirmat
1441 5091 1455 5113 .
1482 5055 1663 5106 dicens
1688 5071 1702 5107 :
1733 5055 1888 5119 Audi,

297 5122 466 5176 Israel
490 5166 505 5189 ,
560 5122 813 5193 Dominus
866 5123 1002 5178 Dem
1041 5142 1173 5178 unus
1203 5136 1295 5179 est.
1344 5125 1474 5189 Quis
1501 5125 1643 5178 enim
1669 5124 1719 5178 in
1752 5126 1891 5179 cado

295 5202 392 5248 aut
418 5194 471 5247 in
500 5205 671 5265 terra,
700 5203 797 5248 aut
834 5194 1021 5248 subtus
1052 5204 1247 5249 terram
1276 5196 1326 5247 in
1354 5194 1680 5261 mternitate,
1712 5195 1762 5248 in
1794 5212 1891 5265 po-

298 5275 527 5329 testate,
574 5263 625 5318 in
679 5265 951 5328 trinitate,
996 5268 1047 5318 in
1092 5267 1292 5319 unitate
1318 5308 1330 5330 ,
1388 5265 1438 5318 in
1470 5263 1804 5327 divinitate,
1839 5266 1891 5319 in

298 5338 634 5390 humanitate
662 5335 771 5387 Deo
799 5336 896 5387 soli
928 5335 1122 5388 similis
1149 5350 1270 5389 esse
1303 5338 1515 5402 potest?
1560 5337 1684 5390 Ideo
1715 5338 1891 5404 itaque

296 5422 440 5460 unus
468 5406 607 5459 idem
649 5406 797 5458 solus
829 5405 1218 5475 Deusdicitur,
1259 5409 1379 5475 quia
1429 5420 1526 5460 nec
1557 5420 1714 5462 antea
1740 5449 1755 5470 ,
1794 5422 1892 5462 nec

296 5485 513 5545 postea,
554 5489 652 5547 nec
696 5483 821 5530 tunc
867 5473 1002 5547 [nec]
1035 5492 1173 5530 nunc
1211 5477 1260 5529 ei
1280 5473 1422 5532 alter
1449 5491 1567 5531 esse
1618 5477 1809 5530 similis
1840 5480 1889 5532 in

297 5546 466 5619 creto,
495 5546 658 5619 autin
687 5554 827 5619 terra
872 5546 1164 5619 invenitur,
1205 5556 1302 5619 aut
1345 5548 1564 5619 legitur,
1628 5550 1749 5617 quia
1800 5549 1889 5617 qui

297 5617 354 5671 ei
406 5613 767 5685 superhiendo
816 5615 866 5666 in
905 5616 1045 5669 cielo
1098 5616 1291 5670 similis
1346 5613 1464 5670 esse
1512 5613 1720 5683 voluit,
1766 5613 1889 5672 mox

301 5687 479 5741 lassus
507 5694 560 5739 et
591 5686 770 5753 lapsus
797 5686 954 5754 periit
978 5726 992 5749 ,
1025 5695 1080 5739 et
1101 5686 1313 5740 dictum)
1332 5727 1346 5748 ,
1378 5698 1431 5741 et
1459 5688 1619 5743 Satan
1641 5728 1655 5752 ,
1684 5699 1739 5744 et
1776 5688 1889 5743 dm-

301 5770 523 5811 mortem
557 5759 607 5809 in
652 5756 861 5809 inferno
892 5755 1137 5825 princeps
1174 5769 1294 5809 esse
1325 5764 1536 5812 meruit.
1584 5761 1739 5815 Multa
1792 5760 1889 5813 ita-

301 5840 409 5901 que
448 5827 499 5883 iit
529 5826 621 5884 Dei
650 5825 946 5895 creaturis,
1003 5835 1057 5882 et
1100 5828 1153 5882 in
1182 5828 1353 5882 sacris
1394 5829 1683 5899 Scripturis
1708 5872 1722 5896 ,
1770 5847 1888 5901 qua:

1995 4563 2052 4617 ln
2090 4564 2172 4616 his
2217 4573 2427 4627 tamen,
2459 4578 2578 4630 qua:
2611 4562 2952 4629 praediximus
2975 4602 2991 4626 ,
3022 4562 3072 4616 id
3102 4574 3183 4615 est
3204 4604 3218 4625 ,
3256 4564 3498 4629 homine,
3527 4579 3583 4621 et

1994 4633 2195 4706 anima,
2217 4643 2271 4706 et
2298 4635 2507 4687 caeteris
2529 4648 2647 4706 qqa:
2675 4640 2992 4706 sequuntur,
3023 4632 3120 4706 etsi
3145 4646 3250 4685 nun
3281 4644 3362 4685 cst
3389 4648 3582 4688 secun-

1993 4704 2119 4756 dum
2167 4704 2444 4767 ordinem,
2497 4701 2672 4755 tanien
2713 4702 2765 4755 in
2804 4701 2915 4755 suis
2963 4701 3134 4767 locis,
3190 4711 3248 4755 ut
3300 4708 3583 4761 donaverit

1995 4773 2157 4838 Deus,
2188 4774 2544 4827 narrabimus.

2064 4847 2118 4898 3.
2156 4843 2306 4899 Unde
2329 4844 2495 4914 [actus
2520 4844 2585 4895 sit
2609 4841 2800 4914 Itonia?
2839 4840 3009 4914 Unum
3044 4841 3221 4914 itaque
3248 4842 3515 4899 hominem
3546 4864 3578 4902 a

1996 4914 2105 4968 Deo
2137 4912 2337 4969 factum
2362 4916 2411 4966 in
2445 4912 3064 4983 principioinvenimus.
3113 4912 3188 4966 De
3236 4914 3389 4983 cujus
3432 4930 3581 4971 costa

1993 5001 2152 5038 unam
2179 4980 2667 5038 feminam’famam
2712 4980 2965 5051 legimus,
3020 4998 3179 5035 unam
3230 4980 3458 5051 linguam
3505 4988 3581 5039 lo-

1993 5058 2291 5123 quendam,
2328 5056 2377 5107 id
2406 5064 2507 5114 est,
2550 5052 2835 5123 ,llehraaam
2867 5068 3032 5119 usque
3062 5055 3127 5107 ad
3170 5054 3580 5110 :edilicuionem

1995 5122 2158 5179 turris
2180 5125 2465 5179 Nemhroth
2490 5122 2919 5192 fuissetestatur.
2950 5123 3079 5190 Quae
3110 5126 3270 5177 turris
3311 5127 3360 5177 in
3392 5140 3583 5192 campo

1996 5194 2173 5248 Dirum
2206 5193 2590 5249 aedificabatur.
2637 5190 2788 5247 Unus
2814 5195 3081 5247 Abraham
3115 5195 3276 5247 fuisse
3309 5190 3534 5247 testatur
3560 5235 3576 5255 ,

1994 5264 2081 5333 qui
2108 5277 2159 5320 et
2185 5278 2343 5330 caput
2364 5265 2487 5317 fidei
2519 5264 2684 5317 fuisse
2704 5262 2919 5329 dicitur,
2956 5267 3075 5333 quia
3106 5265 3173 5318 ab
3221 5264 3384 5316 Adam
3410 5279 3581 5332 u~que

1994 5336 2059 5389 ad
2132 5338 2465 5389 nativita:em
2514 5334 2711 5388 Christi
2764 5334 2928 5387 ullum
2990 5335 3258 5387 hominem
3308 5335 3579 5389 Abraham

1995 5416 2240 5458 vincatnm
2283 5422 2389 5460 non
2434 5405 2730 5465 invenitur;
2779 5405 2845 5456 de
2892 5420 2999 5471 quo
3047 5405 3314 5457 Abraham
3346 5404 3576 5459 dicitur:

1994 5475 2221 5529 Credidit
2267 5477 2524 5530 Abraham
2558 5474 2687 5539 Deo,
2736 5484 2783 5527 et
2825 5484 3110 5540 reputatuut
3142 5484 3215 5527 est
3254 5476 3297 5527 ei
3328 5476 3394 5527 ad
3418 5478 3580 5543 justi-

1974 5548 2139 5605 ,tiam.
2170 5547 2357 5602 Nonne
2383 5547 2516 5600 Abel
2547 5545 2792 5610 credidit,
2824 5556 2892 5615 et
2932 5546 3175 5599 coronari
3209 5548 3409 5615 primus
3441 5563 3581 5599 inar-

1996 5619 2133 5687 tyrio
2165 5618 2390 5671 meruit?
2443 5617 2626 5670 Nonne
2652 5614 2854 5687 dittoch
2899 5617 3151 5687 credidit,
3203 5614 3290 5681 Qui
3322 5617 3495 5671 adhuc
3526 5622 3576 5671 in

1992 5684 2218 5756 corpore
2248 5688 2413 5740 vivit?
2440 5687 2625 5740 Nonne
2650 5685 2762 5739 Noe
2787 5684 3109 5754 justﬁcams
3136 5687 3385 5752 credidit,
3419 5706 3576 5757 quem

1997 5759 2253 5812 Dominus
2275 5772 2395 5811 cum
2422 5772 2545 5811 arca
2568 5768 2622 5810 et
2641 5757 2891 5810 otnnihus
2926 5771 3047 5826 qua:
3079 5760 3129 5809 in
3175 5771 3238 5813 ea
3269 5759 3483 5812 fuerunt
3513 5762 3575 5813 li-

1992 5829 2230 5887 beravit?
2276 5837 2332 5885 et
2376 5844 2478 5887 nec
2522 5828 2676 5897 Abel,
2723 5841 2823 5885 nec
2861 5826 3103 5899 choch,
3149 5844 3247 5886 nec
3278 5828 3393 5886 Noe
3416 5839 3574 5897 caput
