4180 6178
445 320 580 378 1297

1445 308 1733 366 APPEND.
1779 307 1920 364 XXI.
1963 336 2032 349 --
2074 302 2269 360 LIBER
2310 303 2399 360 DE
2438 302 2762 362 NUMEBIS‘.

3578 300 3712 358 {2.38

440 434 514 490 de
555 430 778 500 Ioseph,
809 426 1267 500 mansuetudinem
1297 425 1366 500 de
1416 425 1616 500 Moyse,
1659 423 2019 500 constantiam
2052 425 2097 480 Α
2128 427 2200 500 ta;
2250 419 2333 500 via
2369 429 2700 500 sanctorum
2734 419 2955 500 castitas
2977 426 3183 487 sancta,
3215 417 3345 500 _vi.a‘
3372 429 3710 500 peccatum...

440 504 510 562 de
536 492 732 567 Iosue,
757 492 1138 567 benignitatem
1195 496 1285 567 de,
1307 492 1543 567 Samuel,
1572 492 2020 567 rmisericordiatn

440 576 509 629 de
536 563 724 630 David.
747 563 1123 624 abstinentiam
1151 567 1219 620 dc
1272 566 1477 628 Daniel,
1534 566 1929 633 eiectansynattt
1957 563 2026 617 de

440 644 631 709 Toltia,
662 641 952 695 tbeoricant
976 653 1039 692 ex
1066 636 1201 704 Heli,
1234 633 1799 709 actttacletrt_cx_Pattlo,
1855 633 2025 701 poeni-

441 704 663 769 tentiatn
717 710 1074 780 lacrymosam
1126 722 1197 761 ex
1250 706 1412 760 Maria
1464 704 1790 780 μειζόνως,
1842 718 2025 780 puram

441 772 931 839 conf-ssionem'ex
988 778 1214 847 latrone,
1264 774 1575 847 martyrium
1618 774 1687 828 de
1728 772 2035 842 Stephano,

448 853 752 921 largitatem
774 850 845 902 de
870 846 1182 921 Laurentio.

516 912 568 975 6'.
613 920 688 974 De
709 919 945 983 superbia
966 929 1013 969 et
1039 916 1254 970 invidia.
1288 914 1428 968 Duas
1452 927 1576 969 esse
1628 912 1840 967 radices
1868 913 2030 982 pesti-

448 992 592 1048 feras
612 1002 664 1045 et
689 988 998 1043 mortiferas
1022 985 1271 1042 omnibus
1297 984 1617 1047 viventibus,
1640 983 1861 1037 dubium
1921 999 2026 1037 non

443 1072 548 1119 est.
585 1064 626 1116 Α
658 1058 851 1132 quibus
880 1056 1055 1132 omnis
1066 1056 1341 1132 iniquitas,
1370 1062 1425 1132 et
1450 1052 1608 1132 ἀοι
1639 1054 1813 1132 omnis
1837 1053 2029 1121 impie-

446 1141 554 1196 tas,
584 1138 641 1185 et
667 1124 843 1184 omnis
867 1124 1166 1192 calamitas,
1199 1134 1252 1179 et
1272 1124 1448 1178 omnis
1471 1124 1760 1196 crudelitas
1778 1165 1804 1196 ,Α
1822 1132 1871 1176 et
1905 1138 2035 1175 om-

446 1194 867 1269 ttis‘tempestas,
909 1207 965 1253 et
993 1197 1167 1269 omnis
1212 1196 1385 1269 dolor,
1438 1202 1495 1247 et
1535 1194 1711 1269 omnis
1758 1194 1929 1269 plaga,
1978 1202 2035 1246 et

445 1272 629 1326 omnis
653 1261 830 1338 poena,
856 1261 916 1338 et
942 1261 1115 1338 omnis
1141 1261 1380 1331 morbus,
1425 1272 1479 1338 et
1504 1262 1681 1317 omnis
1710 1262 2029 1338 mortalitas,

450 1352 508 1397 et
540 1331 715 1395 omnis
745 1336 1040 1401 tribulatio,
1070 1346 1124 1389 et
1156 1349 1314 1389 omne
1337 1334 1555 1396 malum,
1601 1331 1955 1401 quodcunque
1980 1343 2033 1387 et

450 1412 504 1466 itt
534 1413 692 1473 cmlo,
710 1419 764 1463 et
785 1409 835 1463 itt
878 1415 1040 1471 terra,
1070 1414 1126 1461 et
1148 1407 1200 1459 in
1237 1404 1444 1459 inferno
1465 1403 1745 1464 inveniris,
1775 1411 1829 1456 et
1847 1402 2032 1457 sentiri

451 1488 648 1550 potest.
681 1489 815 1550 ortae
843 1485 989 1550 sunt,
1018 1490 1123 1550 una
1141 1474 1291 1550 radix
1315 1473 1835 1550 vocatursuperbia,
1861 1473 2033 1550 altera

449 1541 753 1620 appellatur
775 1541 995 1620 invidia.
1025 1546 1156 1620 Quis
1183 1546 1324 1598 enim
1355 1544 1423 1598 de
1450 1542 1785 1620 sapientibus
1806 1551 1860 1597 et
1878 1541 2033 1620 Scri-

451 1612 638 1690 pttiras
657 1616 1076 1690 intelligentibus
1101 1615 1307 1690 ignorat
1330 1613 1630 1690 superbiam
1662 1626 1785 1667 esse
1803 1612 2034 1666 radicem

449 1685 507 1746 et
564 1685 1071 1760 reginamotnnium
1103 1685 1692 1760 malorum-Scriptura
1704 1692 2034 1760 ‘attestante,

451 1770 507 1815 et
529 1752 776 1814 dicEnte:
804 1757 1019 1810 Initium
1044 1757 1211 1809 omnis
1235 1753 1425 1826 peccati
1451 1754 1685 1826 superbia
1702 1753 1726 1806 ?
1742 1752 1840 1805 Per
1868 1754 2032 1826 ipsam

452 1830 593 1885 enim
618 1828 864 1899 primitus
893 1825 1198 1899 angelorum
1217 1822 1460 1899 princeps
1484 1838 1579 1899 per
1603 1822 1787 1899 Dettm,
1814 1822 2034 1899 qtti_Lu_-

454 1904 586 1955 ciler
612 1892 737 1952 tunc
758 1892 1062 1961 vocabatur,
1091 1906 1145 1950 et
1170 1896 1318 1960 quasi
1347 1894 1673 1957 signaculum
1696 1893 1787 1946 Dei
1820 1892 1925 1946 vivi
1958 1893 2035 1945 vi-

456 1974 704 2032 debatur,
732 1969 803 2021 de
831 1968 1022 2020 throno
1044 1964 1325 2026 Altissitui,
1355 1973 1408 2019 et
1429 1964 1496 2018 de
1512 1962 1793 2017 altitudine
1814 1962 1959 2027 C(Bli,
1982 1971 2037 2017 et

456 2041 524 2093 de
543 2041 632 2092 illa
647 2050 835 2105 magna
859 2050 914 2090 et
939 2044 1121 2089 sancta
1151 2035 1386 2105 civitate.
1415 2048 1532 2102 qua
1549 2034 1920 2105 vocaturvisto
1942 2050 2036 2103 pa-

457 2111 555 2171 cis,
586 2110 637 2163 itt
667 2103 767 2177 qua
795 2120 919 2161 sunt
948 2120 1136 2160 novem
1159 2104 1378 2177 ordines
1405 2103 1744 2177 angelorum,
1776 2103 1891 2177 ipse
1914 2118 2034 2157 cutn

456 2181 667 2234 decima
688 2173 1009 2247 angelorum
1044 2187 1191 2240 parte
1220 2177 1272 2228 in
1301 2174 1491 2247 inferni
1523 2183 1738 2247 tartara
1770 2173 2039 2247 profectus

457 2258 560 2304 est.
593 2243 1007 2303 Utaut'crudele
1049 2255 1103 2299 et
1130 2254 1236 2299 tam
1278 2246 1473 2299 malum
1522 2243 1862 2298 incredibile!
1925 2243 2041 2312 ipse

457 2321 778 2374 durissimus
799 2319 961 2370 draco
987 2317 1068 2369 sui
1096 2316 1377 2384 deceptor,
1424 2323 1482 2369 et
1534 2314 1723 2384 mortis
1769 2314 2035 2379 inventor,

458 2390 515 2445 itt
543 2389 658 2457 ipsa
687 2404 780 2443 sua
809 2388 1015 2441 invenit
1044 2383 1367 2454 projectione
1381 2384 1564 2457 mortis
1580 2383 1819 2457 omnium
1844 2400 2039 2439 secun-

457 2453 582 2516 mm
603 2460 857 2523 radicem,
887 2472 1004 2522 qua:
1031 2453 1329 2525 appellatur
1353 2454 1573 2508 invidia.
1605 2453 1696 2508 Sic
1716 2455 1857 2525 enim
1885 2469 2040 2525 sacra

465 2532 739 2599 Scriptura
770 2530 871 2582 ait:
908 2523 1113 2579 Invidia
1160 2524 1354 2599 diaboli
1385 2542 1522 2599 mors
1551 2524 1760 2599 intravit
1788 2524 1840 2577 iu
1869 2523 2041 2599 orbem

462 2594 734 2657 terrarum.
770 2598 878 2652 Hoc
903 2612 1031 2665 ergo
1053 2596 1211 2650 modo
1236 2595 1589 2661 perinvidiam
1619 2594 1843 2662 primum
1872 2595 2040 2648 intra-

464 2676 542 2725 vit
559 2682 854 2739 peccatum,
878 2676 932 2721 et
967 2684 1056 2734 per
1088 2675 1362 2734 peccatum
1393 2665 1821 2739 rnorsgoriginent
1850 2669 2039 2739 traxit,

463 2742 519 2797 id
548 2733 653 2803 est,
690 2733 1029 2807 suggesttotte
1058 2733 1236 2804 iniqua
1276 2735 1633 2807 crudelissimi
1671 2733 1878 2807 inimici
1926 2745 2042 2789 o.ta

464 2813 584 2866 fuit.
617 2802 688 2863 Ex
716 2802 892 2878 intona
916 2802 1256 2878 suggestione
1275 2820 1440 2878 prava
1468 2804 1721 2878 cogitatio
1753 2802 1894 2878 intus
1916 2819 2039 2878 eru-

464 2884 562 2952 pit,
590 2896 635 2952 p_
653 2894 749 2931 ava
774 2874 952 2952 autem
976 2874 1226 2943 cogitttio
1254 2876 1661 2952 delectationem
1690 2874 1918 2952 peperit,
1950 2875 2045 2929 de-

462 2944 675 3006 lecta—tio
694 2949 1123 3011 consensionem,
1145 2947 1425 3000 consensio
1445 2945 1731 3013 actionem,
1763 2944 1901 2998 actio
1921 2960 2046 2999 con-

462 3020 820 3083 suetudinem,
836 3018 1170 3072 consuetudo
1191 3019 1588 3079 necessitatem,
1606 3015 1899 3069 necessitas
1931 3030 2045 3068 ma-

464 3094 569 3145 lam
600 3100 851 3153 mortem,
886 3090 1024 3139 mala
1060 3099 1202 3139 mors
1252 3087 1628 3154 perditionem.
1680 3084 2042 3153 Suggestiotte

465 3163 646 3230 itaque
673 3158 870 3213 diaboli
900 3171 992 3230 per
1039 3167 1337 3230 serpentem
1369 3157 1478 3210 Eva
1504 3156 1731 3230 seducm
1758 3167 1858 3218 est,
1889 3170 1938 3208 et
1970 3157 2049 3211 sic

465 3226 675 3300 palmus
723 3230 879 3300 homo
911 3226 1076 3279 Adam
1106 3241 1201 3293 per
1231 3229 1393 3281 Evam
1426 3226 1678 3300 seductus
1725 3237 2049 3296 praeceptum

463 3297 735 3356 Creatoris
750 3299 829 3352 sui
853 3305 1401 3367 transgressusestmt
1425 3299 1475 3350 in
1496 3297 1607 3367 ipsa
1627 3302 2051 3366 transgressione

468 3372 707 3425 laborem
755 3374 814 3422 et
861 3366 1084 3421 mortem
1117 3369 1338 3435 invenit,
1372 3376 1429 3422 et
1474 3366 1663 3420 semini
1688 3383 1786 3419 suo
1837 3378 1952 3434 post
1994 3383 2054 3421 se

465 3442 583 3508 ipsa
616 3439 914 3508 dereliquit.
942 3441 1014 3491 lie
1046 3454 1151 3507 quo
1182 3438 1364 3492 labore
1393 3446 1447 3491 et
1476 3445 1647 3508 morte
1693 3437 1940 3508 s'cDeas
1985 3437 2054 3491 ad

467 3505 637 3567 Adam
666 3505 832 3563 dixit:
860 3506 923 3562 lu
951 3505 1139 3562 sudore
1160 3511 1331 3561 vultus
1380 3507 1454 3559 tui
1484 3505 1816 3558 manducabis
1874 3522 2055 3573 partem

465 3590 644 3644 tuum;
668 3590 724 3635 et
749 3581 940 3633 iterum
970 3580 1045 3631 ait
1074 3594 1087 3631 :
1123 3576 1281 3630 Terra
1308 3593 1391 3642 es,
1420 3586 1465 3629 et
1492 3580 1546 3629 in
1596 3586 1783 3630 terram
1813 3576 1930 3630 ibis.
1990 3578 2056 3631 Et

470 3652 747 3719 Scriptura
782 3652 882 3704 hoc
918 3650 1195 3702 affirmans
1239 3649 1315 3701 ait
1350 3664 1362 3698 :
1414 3646 1752 3719 Sicatmmors
1799 3650 1851 3700 in
1892 3647 2057 3719 Adam

466 3717 707 3784 dnta'est,
736 3722 809 3773 ita
829 3719 1173 3773 dominabitur
1194 3718 1244 3771 in
1274 3719 1506 3771 omnibus
1538 3717 1659 3782 ﬁliis
1686 3718 1817 3788 ejus.
1852 3718 2057 3773 Labore

468 3806 596 3860 ergo
616 3834 631 3857 ,
654 3801 708 3846 et
738 3799 933 3852 morte,
960 3798 1013 3842 et
1037 3790 1274 3853 miseria,
1307 3797 1362 3843 et
1390 3790 1758 3860 corruptione,
1790 3796 1849 3843 et
1891 3789 2059 3843 ma'e~

467 3858 707 3916 dictione
738 3861 925 3915 iuvent
947 3874 1002 3925 s,
1034 3872 1086 3913 et
1115 3862 1235 3914 aliis
1282 3858 1760 3914 innumerabilibus
1789 3860 2059 3927 progeniei

467 3947 581 3987 suae
610 3932 902 3992 derelictis,
930 3934 1041 3995 ipse
1070 3944 1191 3984 cum
1224 3930 1431 3984 semine
1457 3934 1507 3983 itt
1540 3926 1772 3983 tenebris
1796 3926 2060 3983 etcrucia-

471 4004 615 4055 tibus
645 4018 673 4052 a
701 4004 788 4055 die
816 4001 1003 4054 mortis
1024 4016 1134 4055 sum
1155 4002 1206 4054 in
1227 4002 1393 4069 prima
1409 4009 1568 4054 aetate
1594 4000 1773 4053 mundi
1806 4014 1971 4066 usque
1992 3999 2057 4055 ad

472 4073 920 4128 resurrectioitem
952 4071 1148 4125 Christi
1179 4071 1427 4126 de:entus
1458 4080 1559 4124 est.

544 4140 596 4200 Ἰ,
645 4143 781 4195 υιι.ιε
810 4147 922 4194 vias
943 4143 1066 4195 vita
1097 4151 1150 4195 et
1172 4145 1357 4194 mortis
1385 4143 1435 4195 iu
1467 4141 1570 4195 hoc
1597 4140 1795 4194 saecolo
1816 4154 1938 4195 esse
1964 4140 2060 4196 du-

473 4213 621 4268 bium
655 4228 759 4265 non
790 4222 890 4277 est,
926 4226 1026 4265 una
1051 4226 1144 4279 per
1172 4225 1330 4279 quam
1365 4211 1589 4265 feliciter
1621 4222 1847 4280 pergunt
1868 4214 2059 4277 sancti,

469 4286 639 4338 altera
665 4297 761 4353 per
788 4297 944 4349 quam
978 4290 1289 4353 peccatores
1313 4295 1373 4353 se
1401 4282 1548 4353 ipsos
1569 4282 1817 4349 perdunt,
1849 4281 1918 4336 de
1943 4288 2063 4352 qui-

472 4355 573 4408 bus
604 4355 701 4405 viis
749 4352 801 4405 itt
853 4366 1023 4419 prmo
1074 4351 1280 4420 psalmo
1328 4351 1561 4421 Spiritus
1591 4364 1807 4406 sanctus
1855 4355 1932 4405 sic
1958 4351 2061 4408 att:

473 4422 632 4477 Novit
660 4422 907 4476 Dominus
936 4423 1063 4474 viam
1085 4425 1352 4490 iustorum,
1374 4433 1420 4477 et
1439 4425 1534 4476 iter
1562 4424 1832 4492 impiorum
1863 4424 2062 4491 peribit.

2077 3128 2125 3192 C

2131 489 2349 543 luxuria»
2369 489 2665 555 immunda;
2696 490 2783 543 via
2811 496 3118 543 sanctorum
3150 486 3417 544 sobrietas
3444 486 3705 556 formosa,

2130 559 2211 612 via
2235 568 2571 629 peccatorum
2598 560 2828 613 ebrietas
2855 560 3153 627 erapulosa;
3174 560 3252 629 via
3277 568 3579 613 Sanctorum
3612 562 3716 615 lar—

2129 628 2266 698 gitas
2291 630 2472 693 dandi,
2518 630 2600 682 via
2654 640 2989 696 peccatorum
3042 628 3260 683 avaritia
3305 629 3573 693 servandi;
3627 634 3711 684 via

2130 708 2434 754 sanctorum
2467 699 2799 753 taciturnitas
2850 699 3070 759 silendi,
3099 700 3183 752 via
3234 706 3570 765 peccatorum
3630 701 3714 756 ιυ-

2131 769 2371 839 quacitas
2404 771 2681 839 vapulandi
2714 770 2859 839 (sic);
2882 771 2975 823 via.
2995 780 3301 823 sanctorum
3329 784 3722 824 commemora-

2135 838 2208 910 tio
2238 838 2384 910 boni,
2418 838 2499 893 via
2533 838 2869 910 peccaturum
2897 840 3097 894 oblivio
3128 841 3247 904 Dei;
3293 839 3378 910 via
3406 850 3716 896 sanctorum

2136 908 2294 964 lectio
2315 907 2637 975 sancta,'via
2689 917 3026 975 peccatorum
3069 907 3418 962 marmoratio
3460 925 3719 977 praesum-

2137 980 2307 1046 ptiosa
2331 980 2471 1049 (sic);
2498 983 2579 1034 via
2605 991 2909 1034 sanctorum
2934 979 3135 1048 justitia
3158 990 3211 1032 et
3239 978 3457 1044 veritas,
3480 980 3565 1033 via
3598 997 3722 1047 pec-

2135 1059 2376 1103 catorum
2406 1050 2742 1104 mendacium
2765 1059 2817 1104 et
2851 1051 3099 1117 pravitas;
3131 1049 3211 1103 via
3243 1059 3552 1103 sanctorum
3584 1065 3719 1106 con-

2136 1119 2315 1173 cordia
2350 1120 2517 1187 pacis,
2547 1119 2631 1175 via
2663 1132 2997 1188 peccatorum
3029 1118 3291 1174 discordia
3344 1119 3721 1178 dissensionis:

2139 1189 2225 1240 via
2256 1200 2566 1243 sanctorum
2596 1191 2647 1243 itt
2681 1191 2931 1244 omnibus
2959 1191 3157 1259 gratias
3187 1204 3367 1258 agere,
3396 1190 3479 1243 via
3530 1206 3722 1255 pecca-

2139 1267 2312 1311 torum
2342 1272 2555 1326 sempcr
2580 1260 2881 1327 despicere;
2918 1262 3005 1313 via
3037 1270 3341 1315 sanctorum
3367 1260 3514 1314 zelus
3540 1262 3712 1314 bonus

2140 1328 2191 1381 in
2238 1342 2421 1399 amore
2453 1330 2567 1393 Dei,
2592 1331 2675 1382 via
2718 1338 3053 1399 peccatorum
3096 1332 3242 1384 zelus
3275 1332 3445 1384 malus
3491 1341 3543 1384 et
3572 1346 3721 1385 amor

2140 1397 2343 1464 mundi;
2377 1400 2458 1452 via
2487 1397 2794 1453 sanctorum
2830 1402 3144 1453 monstratio
3173 1402 3335 1461 bona.
3366 1401 3448 1453 via
3472 1410 3723 1467 peccato-

2138 1483 2256 1521 rttm
2286 1470 2521 1523 ostensio
2570 1469 2730 1535 mala;
2777 1470 2857 1523 via
2898 1481 3203 1523 sanctorum
3255 1470 3615 1525 thesaurizare
3665 1472 3721 1523 itt

2140 1538 2298 1602 coelo,
2329 1540 2413 1591 via
2445 1549 2785 1608 peccatorum
2829 1538 3112 1593 absconsio
3142 1538 3194 1593 itt
3226 1540 3355 1604 imo;
3386 1539 3469 1592 via
3513 1548 3725 1593 sancto-

2144 1623 2259 1660 ruttt
2291 1610 2560 1663 humilitas
2580 1608 2801 1675 Christi,
2836 1609 2919 1663 via
2954 1622 3292 1677 peccatorum
3325 1610 3576 1675 superbia
3604 1609 3721 1664 dia-

2143 1676 2369 1743 boli;via
2384 1687 2689 1733 sanctorum
2720 1695 2868 1733 amor
2895 1676 3017 1734 vita:
3048 1679 3258 1747 futurm,
3284 1681 3367 1732 via
3386 1692 3723 1744 peccatorum

2070 1776 2113 1836 Β
2144 1762 2294 1831 amor
2317 1751 2438 1836 vita:
2470 1750 2741 1836 peritura);
2776 1752 2961 1836 inuna
2992 1750 3196 1836 tollitur
3233 1748 3372 1836 quod
3425 1750 3511 1804 lttc
3552 1750 3728 1818 diligi-

2144 1830 2245 1879 tur,
2276 1818 2327 1872 in
2355 1820 2521 1872 altera
2546 1820 2685 1888 quod
2717 1829 2926 1873 amatur
2948 1836 3158 1885 Semper
3185 1820 3426 1873 habetur.

2210 1887 2263 1941 8.
2291 1888 2432 1942 Duos
2460 1887 2620 1944 etiam
2647 1888 2882 1945 infernos
2912 1890 2962 1944 in
2994 1890 3279 1955 Scripturis
3303 1890 3525 1957 legimus
3549 1906 3563 1943 :
3590 1905 3728 1944 unus

2139 1957 2195 2012 in
2223 1966 2385 2025 terra,
2420 1959 2608 2028 inquo
2660 1960 2952 2029 probantur
3002 1959 3196 2025 sancti,
3240 1960 3376 2013 alius
3404 1961 3503 2014 sub
3555 1970 3720 2025 terra,

2140 2029 2191 2082 in
2209 2043 2314 2096 quo
2338 2030 2656 2085 damnantur
2680 2031 2952 2085 daemones
2976 2042 3028 2085 et
3050 2032 3224 2094 itnpti:
3256 2031 3355 2084 etsi
3381 2046 3488 2085 uno
3511 2030 3728 2085 nomine

2140 2100 2395 2153 nominati
2428 2110 2574 2164 sunt,
2605 2101 2827 2155 multum
2858 2102 2996 2156 inter
3032 2117 3091 2155 se
3120 2100 3345 2165 distant;
3370 2102 3421 2154 in
3447 2116 3550 2155 uno
3578 2117 3733 2155 nam-

2140 2183 2246 2239 que
2274 2169 2427 2224 labor
2456 2177 2509 2240 et
2532 2172 2766 2240 requies,
2811 2172 2863 2225 in
2887 2173 3059 2226 altero
3090 2186 3304 2240 semper
3355 2172 3589 2232 miseria,
3641 2170 3727 2225 cui

2142 2238 2247 2293 non
2275 2247 2357 2294 est
2381 2238 2518 2294 linis.
2548 2238 2621 2296 ln‘
2636 2240 2847 2296 inferno
2870 2253 3178 2298 sanctorum
3208 2238 3548 2310 compuncdo
3581 2243 3725 2294 saltt-

2143 2310 2292 2382 taris,
2324 2310 2375 2363 in
2429 2310 2640 2365 inferno
2671 2322 3007 2382 peccatOt-utn
3041 2313 3308 2367 cruciatus
3360 2313 3609 2380 pmnalis;
3664 2312 3733 2366 in

2144 2379 2356 2434 inferno
2384 2379 2692 2435 sanctorum
2728 2382 3038 2452 poenitentia
3069 2397 3217 2445 vera,
3273 2382 3326 2435 in
3360 2379 3569 2436 inferno
3600 2396 3726 2449 pec-

2143 2459 2384 2505 catorum
2412 2453 2725 2519 pmuitentia
2750 2468 2892 2519 sera;
2922 2454 2971 2507 in
2994 2452 3204 2507 inferno
3232 2460 3537 2506 sanctorum
3570 2453 3730 2507 abre-

2145 2520 2331 2591 missio
2363 2527 2469 2589 pia,
2504 2524 2555 2576 in
2592 2522 2805 2577 inferno
2836 2535 3177 2591 peccatorum
3224 2523 3500 2577 damnatio
3538 2523 3726 2591 justa;

2148 2590 2447 2662 inittlerno
2477 2602 2783 2648 sanctorum
2818 2590 3060 2662 probatio
3092 2609 3214 2649 cum
3239 2590 3726 2659 consolatione,itt

2149 2659 2360 2731 inferno
2392 2672 2731 2729 peccatorum
2766 2659 2922 2731 prima
2947 2666 3064 2718 sine
3091 2664 3488 2718 intermissione
3515 2679 3529 2727 ;
3562 2663 3615 2717 in
3648 2663 3730 2716 in-

2147 2730 2299 2785 ferno
2327 2740 2636 2788 sanctorum
2665 2730 2911 2800 afﬂictio,
2931 2744 2984 2789 et
3014 2733 3257 2799 reiectio,
3289 2733 3339 2787 in
3366 2733 3576 2787 inferno
3607 2748 3732 2800 pec-

2145 2810 2386 2855 catorum
2415 2816 2630 2874 semper
2655 2805 2947 2870 cruciatio;
2967 2805 3018 2859 itt
3044 2804 3253 2858 inferno
3274 2816 3581 2874 sanctorum
3604 2818 3729 2871 spes

2146 2874 2384 2943 muneris
2410 2873 2723 2942 accipiendi,
2756 2875 2808 2928 itt
2838 2875 3043 2930 inferno
3066 2884 3405 2943 peccatorum
3430 2873 3734 2943 desperatio

2147 2956 2323 3012 patore
2354 2942 2601 2998 ﬁnienda:
2628 2948 2714 3010 ;in
2740 2945 2948 3000 inferno
2971 2954 3281 3000 sanctorum
3307 2945 3545 2999 suavitas
3565 2942 3727 3012 jugis,

2150 3015 2203 3065 itt
2236 3011 2450 3067 inferno
2481 3025 2818 3083 peccatorum
2841 3016 3071 3085 gravitas
3089 3015 3419 3081 sustinendi;
3442 3015 3494 3070 in
3520 3011 3733 3069 inferno

2154 3093 2465 3155 sanctorum
2500 3088 2659 3139 timor
2686 3085 2999 3141 olfeusioois
3023 3127 3037 3151 ,
3067 3086 3119 3140 in
3154 3085 3361 3141 inferno
3392 3094 3731 3155 peccatorum

2156 3153 2387 3207 vindicta
2419 3155 2964 3226 transgressionisﬂn
2989 3158 3194 3210 inferno
3217 3153 3525 3211 sanctorum
3559 3156 3730 3221 labor,

2151 3231 2206 3278 et
2236 3226 2470 3293 requies,
2525 3226 2577 3280 in
2633 3228 2839 3281 inferno
2896 3237 3235 3296 peccatorum
3290 3228 3485 3294 injuria
3517 3242 3732 3295 semper

2152 3296 2419 3362 poenalis;
2468 3298 2519 3350 in
2558 3296 2768 3352 inferno
2807 3307 3112 3352 sanctorum
3164 3297 3398 3351 visitatio
3428 3297 3648 3362 infirmi,
3678 3299 3730 3351 in

2154 3365 2365 3418 inferno
2393 3375 2731 3432 peccatorum
2779 3368 2983 3421 oblivio
3030 3368 3353 3421 Vtsitationis
3384 3367 3485 3430 ;-iu
3519 3368 3731 3421 inferno

2153 3445 2463 3506 sanctorum
2513 3435 2670 3491 ﬂetus
2729 3437 3097 3504 pmttitentium
3121 3477 3135 3500 ,
3163 3436 3214 3490 in
3245 3436 3455 3491 inferno
3487 3447 3732 3506 peccato-

2155 3519 2276 3558 rum
2309 3503 2562 3575 lacrymre
2590 3515 2644 3560 et
2674 3503 2875 3562 stridor
2896 3508 3173 3569 dentium;
3202 3508 3253 3561 itt
3280 3503 3500 3562 inferno
3517 3516 3732 3563 sancto-

2156 3588 2275 3629 rum
2301 3589 2405 3629 nox
2428 3574 2481 3646 et
2505 3574 2641 3642 dies,
2674 3576 2725 3631 in
2759 3578 2970 3634 inferno
2999 3587 3338 3646 peccatorum
3368 3580 3606 3633 tenebrae
3634 3593 3729 3633 ex~

2157 3645 2421 3717 teriores;
2455 3645 2507 3700 in
2549 3646 2758 3702 inferno
2796 3645 3101 3704 sanctorum
3148 3649 3441 3717 probantur
3482 3649 3604 3702 boni
3630 3689 3646 3715 ,
3682 3650 3733 3701 in

2159 3712 2369 3770 inferno
2428 3731 2763 3785 peccatorum
2816 3722 3104 3786 puniuntur
3149 3712 3336 3786 pravi;
3408 3719 3461 3772 in
3524 3712 3733 3773 inferno

2160 3794 2467 3859 sanctorum
2490 3787 2628 3859 ignis
2651 3789 2860 3846 videtur
2886 3802 2939 3845 et
2967 3790 3255 3854 ministrat,
3292 3789 3344 3843 itt
3375 3788 3584 3845 inferno
3612 3805 3736 3857 pec-

2158 3864 2399 3910 catorum
2431 3857 2657 3913 habetur
2700 3870 2754 3914 et
2801 3862 3034 3926 cruciat;
3087 3862 3138 3914 itt
3190 3860 3399 3915 inferno
3426 3872 3731 3914 sanctorum

2160 3926 2469 3999 custodiunt
2495 3928 2703 3999 angeli,
2737 3931 2789 3984 in
2814 3928 3023 3985 inferno
3063 3939 3397 3999 peccatorum
3429 3931 3737 3987 cruciantur

2160 3997 2490 4069 adversarii;
2520 3997 2814 4054 itt'inl'erno
2863 3997 3169 4055 sanctorum
3203 4001 3370 4068 gratia
3393 4041 3409 4065 ,
3438 4001 3737 4069 benignitas

2162 4075 2218 4139 et
2248 4068 2612 4124 misericordia
2633 4113 2649 4137 ,
2691 4070 2743 4124 in
2777 4072 2985 4125 inferno
3019 4080 3358 4139 peccatorum
3389 4068 3734 4136 amaritudo,

2166 4138 2243 4191 ira
2270 4151 2323 4194 et
2350 4139 2678 4209 indignatio,
2707 4141 2760 4195 in
2792 4138 3031 4195 inferno
3059 4150 3367 4196 sanctorum
3416 4141 3738 4210 adjuvantur

2165 4212 2355 4280 sancti,
2385 4210 2435 4263 in
2465 4210 2674 4265 inferno
2718 4221 3055 4280 peceatorttm
3102 4213 3424 4266 damnantur
3465 4215 3742 4268 damnones

2167 4279 2393 4354 etitnpii
2420 4296 2437 4346 ;
2479 4282 2557 4354 _iu_
2588 4279 2799 4336 inferno
2845 4293 3152 4337 sanctorum
3199 4282 3362 4354 “03
3393 4283 3516 4337 boni
3540 4294 3593 4338 et
3616 4283 3740 4342 mali

2168 4349 2280 4422 (sic)
2308 4391 2321 4413 ,
2368 4351 2422 4405 itt
2477 4350 2687 4406 inferno
2720 4362 3058 4422 peccatorum
3093 4349 3475 4409 nilt.l_lt'at'tetur
3502 4356 3656 4418 boni;
3689 4357 3740 4407 itt

2172 4418 2381 4475 inferno
2412 4437 2694 4490 pravmutn
2720 4418 2828 4477 non
2860 4436 2942 4479 est
2974 4424 3095 4479 ﬁnis
3122 4426 3404 4489 malorum,
3455 4425 3506 4475 itt
3532 4422 3740 4480 infetno

478 4494 569 4548 Via
582 4494 887 4565 sanctorum
909 4493 962 4544 υ.
987 4485 1161 4565 minus
1184 4495 1317 4561 ipse,
1339 4485 1475 4547 sicut
1499 4493 1612 4558 ipse
1632 4485 1794 4547 dixit:
1822 4485 1931 4562 Ego
1953 4510 2065 4546 sum
2100 4485 2149 4546 D
2172 4485 2477 4565 sanctorum
2508 4509 2633 4562 spes
2656 4503 2737 4548 est
2768 4497 2917 4565 regni
2944 4498 3228 4565 caelorum.

472 4566 577 4629 via,
604 4575 652 4617 et
678 4564 881 4625 veritas,
906 4572 952 4615 et
974 4564 1098 4627 vita;
1131 4564 1212 4615 via
1228 4574 1403 4617 autent
1454 4572 1789 4631 peccatorum
1833 4568 2066 4619 teucbr:e

474 4645 615 4689 mort
637 4649 685 4699 s,
717 4643 774 4686 ut
804 4635 855 4687 itt
885 4633 1098 4687 Psalmo
1114 4635 1336 4700 legitur:
1370 4632 1490 4687 Fiat
1511 4635 1592 4686 via
1621 4634 1849 4699 illorum,
1875 4633 1925 4687 id
1958 4646 2061 4701 est,

474 4718 818 4774 peccatorum.
846 4707 1080 4768 tenebrae,
1104 4710 1149 4755 et
1173 4704 1441 4756 lubricum.
1482 4704 1573 4758 Via
1598 4714 1901 4757 sanctorum
1934 4704 2066 4759 ﬁdes

472 4776 759 4838 catholica,
787 4775 868 4827 tia
894 4782 1225 4840 peceatorutn
1252 4775 1532 4828 ittlidelttas
1553 4789 1733 4841 prava;
1763 4775 1845 4828 via
1865 4783 2068 4829 sancto-

473 4861 594 4900 rum
622 4858 747 4913 spes
779 4853 946 4913 recta,
977 4846 1057 4895 via
1088 4854 1423 4911 peccatorum
1456 4845 1601 4897 arida
1631 4842 1953 4913 desperatio;
1980 4846 2065 4900 via

476 4911 788 4969 sanctorum
816 4911 1052 4967 charitas
1086 4916 1342 4982 perfecta,
1376 4913 1459 4967 via
1493 4911 1832 4983 pecca'orutn
1866 4916 2062 4985 iniqui-

476 4996 561 5038 tas
590 4986 798 5048 udiosa;
827 4986 911 5038 via
941 4993 1246 5039 sanctorum
1276 4986 1546 5054 diligentia
1581 4989 1796 5051 mentis,
1829 4985 1908 5038 via
1943 5001 2065 5051 pec-

479 5067 718 5110 catorum
744 5055 1059 5123 negligentia
1083 5056 1281 5121 cordis;
1308 5058 1391 5108 via
1424 5064 1727 5110 sanctorum
1762 5059 1917 5109 timor
1944 5055 2060 5120 Dei,

477 5128 926 5194 via’peccatorum
957 5134 1307 5193 transgressm
1339 5128 1568 5180 mandati
1597 5143 1610 5191 ;
1644 5128 1724 5178 via
1755 5136 2059 5180 sanctorum

480 5200 727 5249 voluntas
780 5196 942 5258 bona,
994 5197 1073 5247 via
1105 5206 1443 5261 peccaturum
1474 5197 1737 5264 cupiditas
1766 5198 1924 5260 ntala;
1979 5198 2061 5250 via

479 5277 787 5320 sanctorum
813 5266 984 5319 oratio
1014 5266 1248 5331 assidua,
1270 5269 1354 5320 via
1402 5278 1737 5333 peccatorum
1770 5268 2061 5323 verbositas

480 5339 641 5401 ntala;
674 5335 756 5388 via
772 5349 1081 5407 sanctorum
1109 5334 1267 5407 402
1320 5336 1586 5390 confessio
1630 5336 1947 5405 fragilitatis,
1979 5341 2060 5392 via

481 5416 821 5477 peetatorum
852 5405 1123 5477 excusatio
1145 5405 1455 5476 inﬁnitatis;
1487 5410 1566 5459 via
1600 5419 1903 5460 sanctorum
1934 5412 2060 5462 strtt-

483 5475 696 5546 'plicitas
722 5488 875 5540 pura,
900 5475 980 5528 via
1014 5485 1349 5542 peccatorum
1401 5479 1701 5532 obscuritas
1755 5478 2056 5544 tenebrosa;

488 5545 578 5599 via
593 5553 899 5599 Sanctorum
923 5545 1171 5612 patientia
1228 5547 1454 5611 stabilis,
1502 5550 1583 5600 via
1620 5558 1952 5615 peccatorum
1982 5549 2061 5602 itt-

487 5616 755 5670 stabilitas
787 5618 1129 5680 temporalis;
1164 5616 1244 5670 via
1274 5626 1581 5673 sanctorum
1614 5620 1884 5672 humilitas
1916 5633 2057 5685 vera,

487 5688 571 5741 via
606 5693 941 5754 peccatorum
967 5686 1127 5739 elatio
1154 5688 1446 5755 inquinata;
1492 5690 1575 5741 via
1602 5698 1908 5742 sanctorum
1939 5693 2060 5745 abs-

484 5758 704 5815 tinentia
732 5764 1040 5829 temperata,
1076 5756 1155 5811 via
1180 5767 1516 5827 peccatorum
1549 5758 1794 5816 nimietas
1831 5758 2058 5825 dissolu-

2240 4566 2293 4616 9.
2328 4562 2402 4616 De
2450 4565 2705 4618 ebrietate.
2742 4562 2881 4620 Duas
2917 4581 3003 4620 res
3050 4563 3258 4634 reperi,
3291 4574 3344 4617 et
3389 4578 3496 4617 eas.
3519 4566 3739 4619 multum

2170 4637 2289 4685 novi
2318 4636 2366 4686 iu
2402 4635 2631 4688 humana
2661 4637 2854 4691 misera
2882 4636 2986 4689 vita
3011 4639 3235 4688 multum
3271 4635 3369 4687 sibi
3400 4635 3696 4688 contrarias
3724 4654 3738 4689 :

2168 4718 2271 4757 una
2309 4714 2529 4758 vocatur
2556 4707 2808 4769 ebrietas,
2842 4707 3011 4760 altera
3042 4706 3336 4773 appellatur
3362 4705 3647 4764 sobrietas,
3675 4706 3744 4760 de

2166 4789 2389 4844 quarum
2414 4776 2791 4829 contrarietate
2816 4791 2979 4845 pauca
3013 4776 3242 4830 breviter
3263 4776 3434 4829 dicam
3466 4793 3477 4827 :
3510 4776 3743 4831 ebrietas

2167 4846 2296 4899 satis
2321 4846 2521 4899 inutilis
2541 4857 2645 4906 est,
2676 4846 2891 4914 indigna
2917 4861 3003 4901 res
3034 4845 3085 4899 in
3118 4847 3267 4907 viris,
3296 4848 3558 4915 impudica
3584 4847 3635 4899 iu
3669 4850 3743 4901 fe-

2168 4916 2761 4986 minisrcontumeliosa
2795 4919 2846 4971 iu
2878 4916 3067 4983 servis,
3108 4917 3545 4986 reprehensibilis
3572 4919 3622 4970 in
3653 4931 3743 4971 sa-

2166 4983 2473 5057 cerdotibus
2498 5027 2511 5051 ,
2543 4986 2851 5055 dignitatem
2885 4989 3059 5057 perdit
3105 4988 3157 5041 in
3173 4983 3423 5056 regibus,
3465 4990 3743 5042 veritatem

2165 5056 2495 5109 obliviscitur
2526 5057 2575 5109 in
2605 5056 2897 5124 iudicibus,
2927 5058 3347 5112 misericordiam
3379 5059 3522 5112 delet
3567 5058 3619 5110 itt
3658 5059 3744 5112 di-

2165 5128 2380 5189 vitibus,
2411 5126 2581 5180 malos
2610 5142 2789 5183 mores
2821 5141 3003 5195 mutat,
3038 5130 3305 5181 hominem
3333 5138 3498 5183 totum
3527 5138 3747 5183 contur-

2165 5197 2274 5259 bat,
2304 5196 2610 5251 inimicitias
2633 5209 2916 5264 memorat,
2947 5200 3123 5254 ctedes
3161 5210 3215 5253 et
3264 5199 3447 5253 clades
3469 5201 3702 5254 concitat
3726 5237 3740 5262 ,

2166 5267 2439 5336 patricidia
2486 5273 2623 5323 inter
2671 5280 2919 5335 parentes
2972 5278 3267 5338 praeparat,
3300 5271 3448 5323 rixas
3477 5273 3704 5324 suscitat

2163 5353 2324 5409 sanos
2350 5347 2591 5392 amentes
2624 5338 2775 5404 facit,
2819 5341 3086 5409 sapientes
3116 5343 3305 5394 stultos
3349 5341 3505 5404 facit,
3535 5343 3746 5395 sobrios

2165 5408 2464 5461 ittsensatos
2492 5410 2685 5474 reddit,
2712 5408 3247 5475 ablttit’memoriam,
3267 5411 3481 5466 desecat
3504 5426 3745 5478 sensum,

2165 5478 2385 5547 negligit
2408 5491 2666 5542 mentem,
2700 5480 2976 5536 confundit
3018 5483 3349 5535 intellectum
3379 5523 3393 5546 ,
3429 5482 3663 5536 concitat
3689 5482 3751 5535 Ii-

2164 5549 2425 5622 bidtnetn,
2461 5551 2695 5622 implicat
2726 5566 3052 5618 sermonem,
3087 5554 3380 5620 corrumpit
3405 5554 3742 5622 sanguinem,

2166 5619 2324 5673 violat
2360 5618 2553 5686 visum,
2584 5621 2814 5683 obdurat
2843 5638 3001 5678 aures
3021 5663 3034 5684 ,
3068 5618 3318 5691 strepit’at
3344 5618 3540 5687 risum',
3570 5624 3749 5679 turbat
3820 5641 3823 5649 ’

2164 5693 2393 5759 viscera,
2422 5691 2619 5746 clamat
2647 5694 2950 5758 inhoneste,
2981 5708 3088 5747 non
3122 5691 3352 5759 loquitur
3379 5703 3546 5759 recte,
3572 5695 3749 5749 itumi-

2164 5762 2253 5817 dat
2284 5758 2406 5814 [νει
2427 5760 2716 5835 ltutncctat]
2743 5763 3043 5831 cerebrum,
3075 5758 3269 5833 ﬂagitat
3301 5778 3570 5836 somnum,
3596 5764 3750 5820 debi-
