4180 6178
554 256 690 316 19.99

1302 265 1393 318 AD
1430 268 1487 321 S.
1535 264 1782 319 [SIDORI
1825 259 2267 317 IIISPALENSIS
2309 265 2536 325 ΟΡΕῐὶΑ
2580 272 3025 332 APPENDICES.

3678 279 3813 336 £500

553 389 668 442 litat
699 384 956 446 membra,
990 382 1506 455 impeditmysteria,
1538 381 1704 436 siccat
1730 381 1928 450 gulam,
1957 383 2119 438 dissi-
2151 389 2198 444 Α
2226 397 2285 438 se
2307 386 2459 450 punit
2480 395 2623 455 quod
2656 388 2794 444 maie
2819 391 3105 446 commisit.
3131 391 3297 447 Servo
3332 392 3426 449 Dei
3458 402 3603 450 tanta
3626 413 3811 455 recor-

550 468 642 527 pat
671 456 975 515 medullam,
1004 453 1262 527 promittit
1289 466 1531 520 vespere,
1577 463 1628 506 et
1662 454 1915 507 mentitur
1945 469 2119 527 mane,

496 534 506 553 '
549 522 783 583 maculat
812 539 1004 592 corpus
1030 535 1080 577 et
1109 522 1337 576 animam
1362 564 1377 587 ,
1431 530 1486 576 et
1535 536 1748 576 omnem
1800 526 2124 580 exterminat

482 655 509 672 ,Ι

553 607 828 721 εδιῗὸῗωύε
857 664 1139 716 sobrietate.
1177 663 1448 717 Sobrietas
1472 677 1598 715 vero
1625 663 1676 716 in
1708 664 1954 716 omnilms
1981 665 2124 719 utilis

552 746 668 799 est;
714 737 848 790 bona
882 744 962 787 est
990 736 1039 787 in
1068 736 1205 787 cmlo
1240 735 1370 786 etin
1404 744 1562 795 terra,
1597 733 1731 785 bona
1763 743 1847 787 est
1869 733 1920 786 in
1947 735 2029 785 via
2056 736 2125 787 si-

552 808 658 862 mul
690 816 739 861 et
772 807 823 859 in
855 806 1017 858 uatria
1042 845 1055 865 ,
1098 805 1335 858 continet
1357 805 1628 873 juvenem,
1663 803 1885 856 honorat
1914 820 2119 870 senem,

556 877 784 945 longevit
811 877 928 941 (sic)
957 876 1139 933 vitam,
1192 876 1321 926 ditat
1358 874 1657 937 hmredem,
1706 874 1952 945 fecundat
2000 890 2125 942 prn-

551 951 679 1009 lem,
721 957 876 1015 auget
908 948 1199 1008 honorem,
1257 945 1484 1005 dignitas
1525 955 1600 1015 est
1638 945 1687 997 in
1718 944 1866 1015 viris,
1918 945 2124 1015 pudici-

554 1017 626 1070 tia
671 1018 721 1069 in
756 1013 987 1079 feminis,
1020 1017 1186 1083 gratia
1229 1016 1280 1068 in
1312 1015 1503 1073 servis,
1527 1013 1689 1068 decor
1717 1025 1766 1068 et
1800 1014 1913 1067 laus
1958 1014 2011 1066 in
2042 1029 2125 1066 sa-

550 1086 879 1146 cerdotibus,
921 1088 1083 1149 gloria
1114 1094 1167 1139 et
1196 1087 1413 1137 victoria
1465 1085 1514 1136 in
1560 1084 1812 1147 regibus;
1844 1086 2123 1137 verit-item

551 1158 790 1210 ostendit
820 1159 869 1210 in
900 1157 1097 1221 judice,
1133 1155 1436 1219 patientiam
1466 1155 1516 1208 in
1549 1168 1800 1221 paupere,
1829 1154 2122 1223 largitatem

552 1228 605 1281 in
633 1227 835 1289 divite,
896 1228 1062 1281 bonos
1107 1240 1283 1279 mores
1327 1226 1603 1287 admovet,
1648 1224 1921 1277 hominem
1956 1234 2122 1278 totum

551 1308 856 1359 conservat,
890 1298 1146 1351 amicitias
1177 1298 1422 1357 innovat,
1456 1296 1598 1348 rixas
1642 1293 1887 1373 mitigat,
1919 1293 2126 1349 discor-

552 1370 739 1423 dantes
769 1371 1075 1423 Coneorilat.
1129 1382 1285 1419 sanos
1331 1373 1582 1428 serenat,
1630 1370 1901 1430 sapientes
1932 1374 2119 1431 ornat,

553 1439 771 1490 stultum
796 1439 990 1504 erudit,
1022 1437 1256 1491 cobriom
1282 1434 1539 1496 custodit,
1572 1433 1764 1488 retinet
1786 1436 2123 1499 memoriam,

559 1508 822 1561 illuminat
871 1510 1063 1565 eorda.
1114 1506 1346 1560 sincerat
1376 1512 1641 1565 mentem,
1691 1512 1866 1557 acutat
1916 1506 2122 1558 intelle-

554 1587 721 1637 ctum,
755 1579 948 1631 bilarat
981 1578 1189 1635 faciem,
1216 1576 1455 1629 continet
1485 1574 1707 1634 vultum,
1740 1576 2035 1627 contemnit
2059 1574 2122 1628 li-

556 1647 807 1712 bidinem,
839 1656 1051 1713 supcrat
1081 1647 1286 1705 vitium,
1339 1659 1497 1697 aures
1532 1647 1719 1710 aperit,
1750 1655 2009 1697 exonerat
2036 1661 2125 1701 ce-

554 1718 791 1780 rebrmu,
822 1728 959 1771 tacet
992 1725 1252 1784 tempore,
1282 1714 1514 1779 loquitur
1544 1722 1686 1767 recte
1710 1755 1725 1773 ,
1763 1725 1912 1767 curat
1941 1730 2120 1782 venas,

555 1786 840 1841 confirmat
869 1788 1204 1857 sanguinem.
1232 1787 1415 1849 irrigat
1444 1798 1587 1845 ossa,
1623 1785 1785 1857 nutrit
1814 1786 2122 1846 medullam.

556 1858 776 1911 roborat
805 1855 1063 1916 membra,
1096 1856 1286 1909 fruitur
1312 1870 1524 1919 somno,
1553 1855 1721 1919 aperit
1741 1855 1937 1919 visum,
1971 1858 2133 1923 repri-

554 1928 646 1979 mit
679 1928 863 1989 risum,
895 1928 1121 1980 o~tendit
1159 1927 1408 1996 mysteria
1429 1940 1537 1996 per
1568 1940 1730 1989 pauca
1764 1925 1946 1985 verba,
1981 1942 2131 1981 rarus

555 2010 826 2063 sermone,
859 1997 1029 2052 fidi-lis
1053 1995 1242 2063 opere;
1277 1995 1496 2049 mundat
1525 2010 1718 2063 corpus
1748 1996 1905 2049 simul
1937 2004 1990 2048 et
2012 1997 2128 2051 ani-

555 2081 720 2131 mam,
747 2079 799 2121 et
830 2084 1041 2122 omnem
1071 2068 1300 2120 custodit
1327 2067 1568 2119 salutem.

627 2139 714 2193 ll.
755 2138 833 2191 De
854 2156 978 2208 pace
1006 2147 1049 2191 et
1081 2138 1356 2190 discordia.
1390 2136 1528 2208 Duas
1558 2134 1686 2188 alias
1720 2135 1823 2188 vidi
1849 2137 2126 2201 veraciter,

555 2224 673 2278 quae
695 2207 919 2263 multum
946 2211 1085 2262 inter
1105 2223 1163 2261 se
1188 2208 1389 2260 distant
1417 2207 1539 2270 sibi,
1569 2220 1787 2278 quarum
1814 2220 1917 2278 una
1948 2208 1991 2259 si
2015 2209 2128 2261 sola

552 2277 849 2345 regnasset,
883 2289 936 2332 et
978 2280 1074 2331 alia
1106 2288 1403 2345 opportune
1428 2292 1529 2328 non
1553 2277 1805 2335 venisset,
1836 2277 2008 2330 nullus
2037 2279 2131 2330 bo-

555 2348 753 2402 minum
789 2349 1013 2403 feliciter
1034 2348 1275 2410 vixisset;
1299 2348 1365 2401 de
1395 2346 1587 2413 quibus
1610 2362 1772 2410 pauca
1789 2346 1967 2400 dicere
1984 2349 2126 2412 volo,

550 2420 672 2483 quia
701 2421 765 2473 ad
797 2419 895 2473 alia
927 2418 1118 2474 festino
1159 2419 1336 2471 modo.
1376 2417 1644 2470 Discordia
1677 2426 1894 2469 vocatur
1919 2432 2041 2482 una,
2076 2429 2131 2472 et

555 2506 653 2554 pax
705 2502 923 2543 vocatur
954 2490 1139 2543 altera.
1196 2488 1468 2543 Discordia
1519 2490 1738 2539 multum
1770 2486 2023 2551 timenda,
2075 2500 2130 2542 et

552 2561 697 2613 omni
731 2560 1033 2613 Christiano
1067 2559 1217 2612 valde
1264 2558 1533 2624 fugienda,
1564 2572 1680 2623 qua:
1728 2557 1839 2611 hzce
1870 2558 1992 2610 facit
2025 2559 2130 2613 :de

554 2630 674 2685 filiis
709 2631 799 2684 Dei
837 2631 972 2683 filios
999 2629 1223 2690 diaboli,
1257 2630 1322 2683 de
1349 2629 1534 2680 amicis
1567 2626 1827 2690 inimicos,
1862 2628 1927 2681 de
1952 2627 2131 2681 fratri-

551 2699 653 2752 bus
682 2702 1047 2765 adversarios;
1100 2714 1164 2752 οι
1196 2714 1296 2766 qua
1331 2697 1653 2757 susurratio,
1706 2698 1945 2764 querela,
1980 2697 2129 2752 furor

554 2779 608 2822 et
638 2771 737 2833 ira,
764 2770 1145 2835 controversia,
1180 2778 1231 2822 et
1262 2768 1617 2831 mendacium,
1646 2767 2034 2834 juramentum,
2076 2779 2129 2823 et

549 2839 867 2909 perjurium,
921 2840 1100 2901 ltcsio.
1152 2837 1587 2909 etiscandalum,
1639 2838 1796 2909 dolus
1826 2846 1877 2890 et
1897 2838 2127 2909 invidia,

550 2907 689 2963 livor
718 2920 770 2965 et
802 2910 1165 2963 homicidium.
1216 2907 1354 2962 Nihil
1389 2907 1528 2961 aliud
1579 2916 1662 2961 est
1692 2907 1987 2972 discordia,
2022 2911 2125 2964 nisi

548 2980 817 3045 separatio
848 2982 1010 3049 pacis,
1039 2989 1091 3035 et
1122 2980 1381 3041 disruptio
1424 2978 1664 3038 unitatis,
1692 2978 1967 3049 disciplina
2015 2981 2129 3031 dia-

547 3050 681 3113 boli,
712 3052 795 3104 via
826 3047 1037 3114 mortis,
1090 3049 1315 3116 perditio
1360 3051 1501 3110 vitm,
1527 3047 1819 3101 contractio
1850 3049 2128 3103 mandato-

545 3134 690 3188 rum,
734 3122 957 3174 mutatio
997 3134 1188 3175 seusus
1213 3161 1228 3185 ,
1261 3118 1522 3186 dispersio
1564 3119 1864 3172 intellectus
1891 3162 1905 3183 ,
1938 3120 2129 3174 domus

549 3190 771 3251 diaboli,
830 3191 994 3261 404
1043 3192 1229 3244 semita
1265 3189 1486 3261 inferni,
1530 3192 1876 3261 exspectatio
1937 3204 2132 3257 pretim,

547 3262 794 3328 expulsio
819 3258 1181 3330 itidiilgentim,
1211 3260 1487 3330 subversio
1513 3258 1830 3330 disciplinae.
1859 3261 2135 3325 despeclio

550 3331 871 3393 charitatis,
906 3329 1217 3399 suppressio
1269 3329 1605 3391 humilitatis,
1660 3330 1882 3381 motatio
1932 3330 2131 3395 animi,

549 3402 887 3456 conturbatio
921 3402 1283 3455 membrorum
1311 3439 1325 3463 ,
1360 3400 1558 3454 malum
1606 3399 1819 3464 lethale,
1868 3415 2132 3454 venenum

548 3472 847 3541 serpentis,
883 3486 1093 3525 morsus
1120 3470 1346 3539 viperm,
1403 3470 1558 3541 flatus
1582 3468 1862 3541 basilisci,
1900 3473 2133 3541 ioniitus

548 3538 747 3608 reguli,
779 3542 1049 3595 conclusio
1080 3543 1251 3611 regni,
1286 3539 1492 3609 apertio
1515 3538 1733 3606 inferni,
1764 3539 1974 3593 inimica
2008 3539 2125 3609 Dei,

543 3612 713 3666 amica
745 3612 962 3666 diaboli.

618 3682 708 3737 12.
752 3683 853 3736 Pax
888 3696 1013 3735 vero
1044 3697 1149 3736 nou
1191 3683 1266 3735 sic
1296 3681 1443 3749 agit,
1497 3679 1615 3749 quia
1649 3678 1812 3733 Deum
1850 3679 1899 3733 h-
1924 3682 2053 3735 mini
2081 3691 2134 3738 et

523 3753 819 3821 ,bomiuem
874 3752 986 3807 Deo
1037 3752 1336 3822 proximum
1381 3752 1545 3813 facit;
1577 3749 1699 3804 ideo
1744 3766 1841 3822 pax
1890 3766 2012 3805 vera
2054 3764 2132 3807 te-

547 3822 721 3879 nenda
755 3832 855 3889 est,
892 3831 944 3877 et
974 3820 1222 3876 omnibus
1271 3821 1590 3876 Christianis
1635 3820 1795 3873 corde
1825 3830 1877 3874 et
1908 3837 2132 3890 corpore

547 3894 920 3947 conservanda
957 3904 1060 3947 est.
1096 3894 1274 3946 Dulcis
1304 3907 1527 3960 namque
1552 3900 1607 3946 et
1641 3890 1800 3944 nimis
1822 3892 1978 3946 valde
2009 3893 2134 3947 dili-

546 3966 720 4032 genda
755 3965 872 4017 talis
917 3966 1193 4029 magistra,
1226 3977 1344 4031 qua:
1386 3963 1510 4015 facit
1542 3961 1815 4032 miracula
1849 3964 2036 4024 multa,
2077 3974 2132 4019 et

551 4031 795 4088 miranda
818 4044 896 4088 est
922 4049 1039 4103 qua:
1064 4034 1182 4087 fat-it
1218 4035 1284 4086 de
1309 4032 1431 4086 filiis
1453 4031 1648 4103 diaboli
1684 4032 1819 4086 filios
1844 4032 1955 4093 Dei,
1988 4041 2042 4086 et
2063 4033 2131 4089 de

546 4102 782 4160 inimicis
811 4102 1034 4164 amicos,
1067 4107 1133 4157 de
1172 4104 1495 4157 adversariis
1515 4102 1740 4166 'fratres,
1768 4103 1834 4156 de
1857 4105 2129 4158 extraneis

548 4174 901 4244 propinquos,
933 4175 998 4228 de
1025 4175 1212 4227 alienis
1240 4172 1603 4238 domesticos;
1630 4186 1693 4225 ex
1718 4188 1818 4239 qua
1843 4174 2129 4227 sinceritas

546 4253 603 4296 et
653 4245 989 4313 simplicitas.
1041 4244 1302 4314 mitigatio
1331 4254 1397 4314 et
1425 4244 1647 4303 lenitas.
1683 4244 2037 4296 mansuetudo
2077 4254 2130 4298 et

546 4312 902 4386 indulgentia,
930 4312 1181 4381 planities
1207 4323 1262 4386 et
1294 4313 1543 4386 veritas,
1567 4315 1988 4386 taciturnitaset
2013 4314 2129 4386 jus-

546 4386 683 4443 titia.
728 4383 987 4437 stabilitas
1036 4391 1088 4435 et
1137 4382 1428 4449 patientia,
1474 4383 1694 4437 dilectio
1723 4392 1778 4437 et
1826 4382 2128 4452 lu1i0(sic),

2226 455 2517 532 ditioesse
2529 459 2713 532 Adebet
2727 463 2960 532 peccati,
2987 473 3044 515 ut
3072 476 3135 516 ea
3163 478 3281 530 qua!
3307 466 3476 531 gessit
3506 482 3719 532 semper
3741 472 3814 524 la-

2226 526 2424 595 crymis
2453 527 2667 581 deﬂeat.
2694 530 2834 605 l‘libil
2872 526 3247 605 autemhpejus
3290 526 3448 601 quam
3486 526 3697 605 culpam
3722 555 3812 594 co-

2228 609 2510 669 gnoscere,
2542 613 2639 651 nec
2678 598 2914 666 deﬂere;
2957 598 3221 669 duplicem
3248 598 3391 657 enim
3424 598 3623 661 habere
3647 609 3811 665 debet

2229 666 2409 745 fletum
2464 667 2514 745 in
2564 670 2872 745 pugnitentia
2902 666 3077 745 omnis
3108 686 3373 745 peccator,
3416 676 3532 730 sive
3562 679 3685 745 quia
3720 696 3813 743 per

2229 736 2603 817 negligentiam
2631 739 2826 792 bonum
2854 755 2957 817 non
2984 736 3195 817 fcerit,
3219 757 3312 817 seu
3344 736 3462 811 quia
3496 736 3693 801 malum
3719 736 3816 817 per

2228 804 2501 882 audaciam
2535 810 2941 882 perpetraverit.
2973 812 3122 876 Quod
3155 813 3299 867 enim
3330 804 3571 882 oportuit
3600 804 3815 871 non'fe~

2226 876 2297 956 cit
2321 884 2423 956 ;_et
2450 876 2592 956 quod
2624 893 2786 956 agere
2814 883 3205 956 non_oportuit.
3230 882 3282 935 id
3306 876 3493 951 gessit.
3520 886 3610 940 ltle
3643 891 3815 956 pri-ni-

2228 946 2443 1016 tenjiam
2470 946 2629 1014 digne
2667 946 2797 1016 agit,
2844 951 2933 1016 qui
2987 946 3196 1005 reatum
3243 946 3397 1007 suum
3450 946 3815 1013 satisfactione

2230 1014 2461 1080 legitima
2515 1014 2733 1086 plangit,
2777 1014 3184 1075 eondemnando
3213 1023 3422 1078 scilicet
3464 1040 3527 1078 ac
3568 1026 3815 1082 deﬂendo

2228 1098 2361 1163 quze_
2382 1087 3116 1163 gessit,_tantoprofundius,
3148 1101 3347 1163 quanto
3374 1096 3582 1149 exstitit
3620 1098 3669 1150 in
3693 1114 3815 1163 pec-

2228 1153 2412 1235 cando.
2427 1157 2726 1222 proclivior.
2756 1153 2938 1237 Magna
2962 1160 3102 1215 enim
3124 1153 3206 1237 est
3235 1161 3405 1237 virtus
3432 1153 3813 1237 lacrymarum,

2227 1238 2347 1292 qua:
2369 1230 2486 1279 sine
2516 1242 2645 1303 voce
2669 1237 2728 1303 et
2748 1230 3029 1303 verborum
3062 1230 3240 1303 sonitu
3268 1230 3562 1299 impetrant
3580 1240 3811 1303 veniam,

2228 1308 2384 1361 quam
2419 1310 2515 1377 pro
2541 1297 2712 1377 culpis
2741 1299 3030 1364 postulant.
3066 1301 3269 1377 Petrus
3289 1297 3516 1377 namque
3548 1297 3813 1377 lacrymas

2229 1365 2489 1445 prorupit,
2513 1367 2645 1420 nihil
2678 1382 2808 1445 voce
2840 1379 3090 1445 precatus
3119 1379 3219 1445 est.
3254 1365 3477 1445 Invenio
3502 1377 3648 1430 enim
3664 1365 3809 1445 quod

2230 1432 2456 1515 fleverit,
2495 1453 2616 1515 non
2651 1439 2908 1515 ‘invenio
2946 1441 3070 1507 quid
3112 1440 3358 1515 dixerit;_
3387 1442 3654 1515 lacrymas
3690 1432 3814 1515 'ejus

2230 1503 2827 1584 legousatisfactionem
2859 1503 2976 1584 ejus
2999 1525 3106 1584 non
3158 1512 3294 1584 lego.
3329 1503 3674 1584 Recte'plane
3717 1503 3811 1571 ὗε-

2231 1575 2555 1651 Irus-ﬂevit,
2585 1579 2719 1651 quia
2751 1575 2900 1645 quod
2920 1580 3105 1635 deﬂeri
3135 1575 3270 1634 solét
3316 1592 3492 1649 potest
3519 1575 3810 1651 excusari;

2232 1644 2371 1718 quod
2404 1644 2616 1699 defendi
2650 1644 2978 1715 nonpOIeSt,
3013 1651 3156 1703 ablui
3191 1644 3385 1718 potest.
3426 1654 3625 1709 Lavant
3670 1644 3810 1711 enim

2160 1739 2206 1797 Β
2234 1713 2484 1797 lacryma:
2525 1713 2795 1770 delictum
2842 1722 2981 1797 quod
3026 1713 3325 1797 pttdor'est
3364 1739 3497 1797 voce
3532 1727 3812 1793 confiteri;

2234 1784 2482 1854 lacrymre
2514 1801 2642 1853 ergo
2666 1784 3003 1844 verecundia:
3028 1784 3331 1845 consulunt
3362 1796 3412 1845 in
3438 1794 3615 1848 flendo
3640 1807 3697 1851 et
3720 1784 3810 1849 sa:

2234 1854 2353 1916 ltiti,
2402 1872 2504 1908 non
2536 1859 2859 1934 erubescunt
2888 1860 3246 1934 impetrando,
3283 1870 3339 1916 et
3361 1864 3650 1933 impetrant
3672 1868 3811 1934 quod

2234 1934 2375 1996 recte
2408 1926 2673 1996 postulant
2703 1929 2753 1981 in
2774 1931 3031 1996 rogando.

2304 1994 2390 2072 μ.
2436 1995 2728 2072 Lacrymte,
2768 1994 3194 2072 inquamttaeite
3237 2004 3633 2071 quodammodo
3687 2023 3810 2072 pro.

2231 2065 2446 2143 cedunt,
2478 2065 2686 2120 veniam
2712 2065 2975 2143 postulant
2997 2071 3158 2143 405
3187 2086 3233 2126 et
3256 2065 3566 2139 "merentur;
3597 2065 3811 2131 causam

2235 2150 2337 2186 non
2364 2137 2551 2217 dicunt
2576 2180 2589 2201 ,
2638 2137 3149 2217 et_misericordian't
3177 2155 3470 2212 sequuntur
3495 2162 3509 2198 :
3542 2137 3814 2217 lacryma-

2234 2220 2353 2286 rum
2390 2210 2569 2272 utique
2593 2210 2861 2286 _utiliores
2893 2222 3018 2286 sunt
3071 2210 3440 2286 preces'qttam
3474 2210 3809 2286 sermonum,

2232 2278 2355 2355 quia
2386 2292 2563 2355 sermo
2678 2281 2943 2355 precando
2976 2278 3196 2355 fortasse
3224 2284 3394 2346 fallit,
3421 2286 3667 2355 lacryma:
3694 2278 3812 2340 om;

2234 2345 2361 2397 nino
2402 2363 2506 2399 non
2541 2349 2750 2402 fallunt.
2795 2352 2982 2405 Sermo
3014 2354 3158 2406 enim
3201 2345 3466 2407 interdum
3501 2345 3605 2408 non
3644 2366 3808 2412 totum

2235 2416 2434 2490 profert
2461 2419 2750 2486 negotium,
2778 2422 3024 2487 lacrvmze
3046 2438 3259 2487 semper
3282 2425 3512 2490 produnt
3539 2427 3808 2481 allectum.

2232 2487 2275 2539 Ο
2307 2487 2575 2555 larrymai,
2609 2504 2764 2555 quam
2789 2491 3001 2564 dulces,
3032 2510 3188 2559 quam
3217 2487 3399 2555 fortes,
3428 2511 3585 2564 quam
3619 2499 3813 2564 pretio-

2232 2569 2326 2634 sae,
2352 2572 2519 2634 quant
2538 2574 2727 2634 suaves
2748 2561 2876 2614 estis
2897 2563 2948 2614 in
2981 2564 3231 2634 uberibus
3256 2561 3813 2634 ntatris'ptenit'entim?

2233 2626 2384 2702 §icut
2436 2629 2576 2702 enim
2628 2629 2709 2696 pia
2760 2644 2933 2686 mater
2965 2633 3234 2687 ministrat
3264 2636 3328 2688 de
3357 2626 3572 2702 pectore
3606 2638 3688 2691 lac
3734 2640 3812 2690 in-

2236 2698 2384 2760 fanti,
2417 2700 2494 2751 sic
2527 2701 2608 2762 pia
2642 2702 2948 2765 paenitentia
2979 2704 3045 2757 de
3075 2705 3253 2757 cordis
3275 2698 3693 2770 compunctioiie
3739 2708 3811 2760 la—

2231 2782 2445 2836 cryuias
2475 2771 2699 2835 porrigit
2729 2774 3032 2837 pt‘eiiitenti.
3065 2774 3230 2827 Mater
3262 2776 3423 2827 lactat
3454 2777 3731 2835 infantem.
3758 2789 3813 2832 ut

2231 2849 2456 2900 crescat,
2496 2841 2800 2903 poenitentia
2828 2843 3085 2910 lacrymat
3108 2844 3474 2910 pmuiteutcm,
3504 2857 3557 2899 ut
3589 2850 3810 2902 revivis-

2232 2916 2544 2987 cnt;_tnatcr
2584 2921 2735 2987 pptat
2764 2912 3059 2987 infantiuut
3110 2915 3212 2987 vita
3247 2925 3557 2979 veterescat,
3606 2917 3802 2987 [pinni-

2232 2976 2420 3047 tentia]
2454 2979 2758 3045 pmnitenti.
2792 2992 2847 3033 ut
2876 2984 3020 3035 milio
3053 2986 3191 3035 malo
3217 2996 3481 3037 SGIIC>C3L
3509 2976 3667 3039 Mater
3699 3003 3807 3041 non

2238 3050 2857 3123 omnibusoptativilant
2885 3093 2900 3115 ,
2934 3055 3248 3121 paenitentia
3278 3057 3524 3109 omnibus
3552 3067 3698 3123 optat
3721 3073 3806 3110 sa-

2240 3117 2425 3172 lutent.
2465 3120 2508 3173 0
2542 3122 2871 3185 paenitentia,
2926 3117 3114 3191 inagna
3162 3132 3287 3176 sunt
3318 3127 3477 3179 ubera
3527 3117 3637 3189 tua,
3689 3129 3806 3180 vino

2239 3190 2665 3263 compunctionis
2692 3191 2869 3255 plena,
2902 3190 3094 3260 quibus
3126 3209 3245 3247 reos
3267 3209 3503 3257 recreas,
3528 3196 3703 3263 lapsos
3725 3213 3806 3251 re-

2243 3257 2413 3329 levas,
2442 3261 2704 3325 fugientes
2735 3257 2977 3328 revocas,
3011 3263 3312 3317 confractos
3340 3257 3643 3329 confirmas,
3670 3282 3807 3320 mor-

2240 3327 2393 3402 bidos
2436 3330 2699 3402 mandas,
2750 3331 2989 3398 leprosos
3047 3334 3223 3392 lavas.
3275 3335 3513 3389 infirmos
3567 3327 3806 3402 roboras,

2239 3400 2419 3453 tristes
2452 3400 2719 3467 laetificas,
2769 3405 3114 3470 desperantes
3143 3404 3413 3458 confortas
3439 3446 3453 3469 ,
3502 3400 3806 3461 vulneratos

2236 3480 2417 3536 sanas,
2453 3471 2716 3544 laceratos
2752 3472 2909 3538 ligas,
2955 3474 3201 3540 perditos
3221 3490 3460 3542 reparas,
3496 3476 3545 3529 in
3579 3485 3809 3544 peccatis

2239 3548 2475 3613 mortuos
2506 3543 2755 3613 suscitas.
2785 3544 2830 3596 0
2883 3545 3225 3611 poenitentia!
3257 3544 3380 3613 quid
3410 3543 3588 3599 dicam
3626 3548 3691 3602 de
3712 3548 3809 3600 te?

2237 3607 2451 3664 laudare
2492 3611 2634 3665 enim
2667 3627 2770 3665 non
2804 3607 2956 3667 valeo
3002 3626 3057 3667 ut
3095 3615 3247 3677 volo,
3273 3607 3403 3682 'quia
3431 3618 3712 3682 pretiosior
3748 3633 3808 3672 es

2235 3694 2367 3751 auro
2396 3683 2615 3751 obryzo.
2652 3682 2755 3737 Per
2785 3691 2837 3737 te
2882 3686 3023 3738 enim
3072 3699 3216 3738 mors
3254 3687 3566 3750 destituitur,
3604 3699 3659 3739 et
3697 3688 3809 3740 dia-

2235 3748 2389 3804 bolus
2419 3748 2660 3823 fugatur;
2696 3768 2789 3820 per
2819 3763 2869 3809 te
2900 3756 3003 3808 vita
3034 3755 3322 3819 invenitur,
3370 3766 3423 3808 et
3446 3748 3587 3811 Deus
3617 3759 3810 3823 reperi-

2237 3829 2360 3894 tur;
2390 3836 2483 3887 per
2517 3833 2567 3877 te
2598 3822 2840 3877 infernus
2877 3826 3160 3891 clauditur,
3193 3836 3247 3880 et
3276 3841 3495 3894 regnum
3520 3822 3808 3881 invenitur.

2235 3889 2330 3967 ille
2360 3894 2536 3967 itaque
2572 3889 3183 3967 pmnitentlamdignam
3227 3889 3363 3967 agit:
3383 3902 3469 3963 qui
3514 3898 3592 3950 sic
3624 3909 3808 3964 pl”th-

2235 3962 2332 4030 rita
2360 3962 2622 4030 deplorat,
2659 3973 2715 4018 ut
2748 3964 2919 4017 futura
2953 3962 3144 4019 iterum
3177 3962 3285 4020 non
3309 3962 3587 4028 admittat;
3621 3962 3809 4022 vulnus

2232 4029 2374 4107 enim
2404 4029 2648 4107 iteratum
2675 4034 2877 4107 tardius
2904 4045 3140 4089 sanatur.
3172 4036 3383 4091 lteratio
3415 4038 3616 4104 peccati
3649 4052 3809 4107 grate

2234 4102 2463 4173 malum,
2516 4105 2651 4157 sicut
2704 4104 2923 4158 morbus
2969 4119 3130 4173 super
3162 4102 3810 4173 morbum’veniatfsicut

2232 4171 2403 4226 imber
2428 4188 2585 4241 super
2615 4174 2842 4227 imbrem
2858 4171 3111 4247 occurrat
3138 4193 3153 4241 ;
3188 4192 3308 4229 nam
3337 4179 3424 4245 qui
3456 4171 3657 4247 plangit
3690 4192 3812 4245 pec-

2232 4251 2443 4315 catum,
2486 4252 2541 4297 et
2570 4246 2758 4297 iterum
2806 4245 3040 4299 admittit
3087 4257 3397 4313 peccatum,
3440 4245 3660 4315 quasi'si
3691 4248 3811 4314 quis

2232 4310 2371 4365 lavet
2422 4314 2638 4387 laterem
2672 4316 2918 4387 crudum,
2950 4310 3114 4383 quem
3157 4327 3359 4384 qnanto
3385 4310 3571 4387 magis
3599 4310 3809 4379 laverit,

2233 4390 2380 4436 tanto
2420 4383 2649 4454 amplius
2679 4386 2848 4437 lutum
2889 4386 3036 4440 facit.
3065 4383 3249 4440 Nullus
3282 4390 3458 4454 itaque
3486 4383 3553 4441 de
3589 4388 3679 4440 Dei
3712 4388 3809 4440 bo-

546 4456 802 4509 auxillum
835 4461 887 4506 et
915 4453 1141 4508 curatio.
1179 4452 1316 4507 Nihil
1358 4453 1503 4523 aliud
1533 4462 1617 4523 est
1647 4467 1767 4520 pax,
1803 4452 1903 4504 nisi
1937 4452 2126 4523 domus
2159 4469 2203 4523 ο
2234 4454 2399 4507 nitate
2425 4453 2670 4520 dubitet,
2717 4456 2891 4508 nullus
2913 4456 2981 4510 de
3014 4458 3103 4509 llei
3138 4452 3499 4511 misericordia
3533 4459 3807 4523 desperet.

546 4524 671 4587 Dei;
698 4527 773 4577 sic
794 4524 934 4577 enim
959 4524 1073 4593 ipse
1108 4526 1243 4576 licus
1273 4523 1408 4577 dixit
1445 4521 1722 4589 discipulis
1744 4523 1853 4593 suis
1887 4539 1899 4573 :
1934 4520 2124 4576 Pacem

545 4612 705 4649 meam
726 4596 792 4648 do
820 4592 989 4656 vobis,
1010 4610 1184 4661 puocm
1216 4596 1443 4662 relinquo
1466 4592 1625 4645 vobis.
1658 4592 1791 4657 Qui-l
1824 4593 1963 4646 aliud
1999 4608 2121 4661 pax,

544 4665 647 4719 nisi
692 4666 1057 4733 prOpinquilas
1083 4664 1200 4725 Dei,
1231 4667 1397 4735 gratia
1430 4663 1546 4723 Dei,
1578 4673 1632 4716 et
1668 4662 1973 4735 coniunctio
2005 4665 2119 4729 Dei,

545 4736 790 4789 valetudo
839 4749 1029 4788 sensus
1054 4776 1070 4799 ,
1117 4736 1259 4788 acies
1299 4736 1598 4790 intellectus
1620 4775 1635 4800 ,
1667 4735 1855 4786 domus
1899 4734 2013 4800 Dei,
2038 4749 2125 4789 se-

544 4807 670 4858 mita
694 4805 860 4873 regni,
893 4807 1233 4873 prauuiorum
1274 4805 1628 4874 exspectatio,
1653 4873 1656 4874 ν
1680 4803 1963 4870 diligentia:
2006 4805 2120 4857 col-

545 4873 778 4940 lectatio,
812 4876 955 4943 rigor
980 4875 1295 4944 disciplima,
1328 4873 1583 4945 perfectio
1613 4873 1914 4933 charitatis,
1945 4875 2123 4927 circu-

546 4946 628 4999 lus
681 4944 1020 5010 humilitatis,
1062 4948 1281 5013 clypeus
1331 4946 1749 5014 tranquillitatis,
1796 4945 2121 4998 continentia

545 5016 895 5083 principatus,
920 5016 1282 5070 membrorum
1315 5018 1573 5069 serenitas
1596 5015 1617 5066 ?
1640 5015 1684 5068 0
1706 5017 1746 5066 si
1780 5030 1863 5067 me
1888 5016 2124 5069 licuisset

543 5085 703 5154 plene
729 5097 781 5140 et
820 5086 977 5153 plane
1002 5100 1180 5153 pacem
1214 5086 1593 5153 pronuntiare!
1627 5086 1817 5137 multas
1841 5083 2005 5139 lineas
2031 5087 2123 5140 de-

543 5155 635 5210 bui
687 5156 865 5223 digitis
905 5158 1176 5218 serihere;
1210 5165 1424 5219 superat
1466 5159 1605 5209 enim
1637 5170 1847 5207 omnem
1882 5170 2121 5209 sensum.

543 5224 708 5297 Cujus
730 5228 908 5297 vitalis
931 5228 1154 5280 dolendo
1182 5227 1435 5297 melliﬂua
1464 5228 1669 5297 apertio
1694 5227 1873 5297 regni,
1906 5228 2122 5278 conclu-

544 5294 637 5350 sio.
667 5294 878 5358 inferni.
914 5296 1081 5351 amica
1119 5297 1230 5357 Dei,
1272 5296 1482 5349 inimica
1530 5296 1748 5354 diaboli,
1787 5296 2012 5347 felicitas
2042 5306 2125 5349 e~t

544 5368 596 5421 iu
629 5369 734 5420 vita
766 5368 1038 5432 prmsenti,
1080 5368 1327 5433 gaudium
1363 5375 1416 5418 et
1446 5366 1625 5418 laetitia
1657 5366 1706 5418 in
1742 5365 1845 5417 vita
1880 5366 2122 5433 pcr'uni.

620 5436 709 5492 15,
755 5438 971 5491 Duobus
1031 5438 1203 5489 modis
1233 5452 1359 5490 vera
1410 5436 1717 5505 paenitentia
1748 5436 2120 5502 dignoscitur:

546 5507 751 5575 primus
781 5509 972 5560 modus
1000 5519 1077 5558 est
1112 5508 1397 5560 commissa
1438 5507 1782 5562 devotissime
1810 5515 1862 5558 et
1894 5507 2126 5573 largissi—

549 5576 650 5631 mis
683 5580 928 5646 lacrymis
951 5578 1148 5630 deﬂere
1168 5619 1184 5639 ,
1213 5586 1268 5631 et
1299 5576 1583 5646 pmuitere.
1617 5577 1895 5629 Secttndus
1940 5579 2127 5631 modus

546 5656 631 5714 est
681 5645 918 5698 deﬂenda
974 5657 1029 5699 et
1074 5650 1375 5714 [lfPtliielltla
1430 5652 1619 5700 iterum
1674 5661 1779 5698 non
1826 5647 2125 5700 admittere.

552 5713 866 5771 Pmnitentia
899 5718 1039 5770 dicta
1070 5729 1151 5771 cst
1196 5720 1342 5791 quasi
1385 5719 1702 5789 puuitcntia,
1733 5717 1853 5787 quia
1887 5718 2043 5772 homo
2077 5719 2126 5772 in

2233 4523 2438 4575 vi-uiam
2479 4526 2643 4596 come
2667 4536 2891 4596 quaerat,
2922 4536 2975 4578 et
3008 4528 3248 4596 recipiet.
3284 4528 3522 4596 Corpore
3551 4539 3605 4582 et
3635 4538 3812 4580 incute

2232 4597 2509 4666 timuiteat,
2533 4604 2583 4648 et
2612 4594 2775 4647 Deum
2807 4595 2874 4649 ad
2904 4595 3320 4651 misericordiam
3352 4594 3622 4666 provocet.
3651 4597 3811 4649 David

2233 4672 2351 4731 pi-st
2379 4664 2587 4729 culpam
2622 4666 2882 4733 psalmum
2915 4669 3169 4728 cantavit,
3206 4679 3259 4723 et
3300 4664 3520 4735 regnum
3556 4686 3659 4721 non
3689 4683 3807 4733 per-

2229 4734 2381 4806 didit,
2411 4743 2465 4788 et
2496 4736 2703 4788 veniam
2736 4736 2963 4789 invenit.
2989 4738 3259 4792 Manasses
3292 4734 3381 4792 rei
3414 4739 3608 4806 impius
3628 4752 3807 4790 coram

2231 4804 2456 4876 l_)omino
2487 4806 2741 4876 ilevit,_et
2794 4807 2894 4860 sibi
2941 4819 2995 4861 et
3046 4809 3246 4876 populo
3276 4824 3457 4876 pacem
3492 4804 3805 4875 acquisivit.

2232 4874 2490 4929 Zacbteus
2520 4876 2571 4929 iu
2602 4874 2848 4929 arborem
2901 4874 3171 4943 ascendit,
3224 4874 3289 4933 et
3322 4881 3548 4932 Sttltlletll
3583 4874 3804 4930 invenit.

2232 4945 2395 4998 Maria
2424 4944 2764 5014 lacrytnavit,
2799 4955 2853 4999 et
2889 4949 3099 5001 veniam
3148 4953 3377 5010 meruit;
3410 4949 3599 5002 Petrus
3627 4962 3808 5000 amare

2232 5016 2399 5078 flevit,
2430 5027 2482 5069 et
2508 5022 2731 5082 gratiam
2769 5032 2872 5070 non
2894 5019 3141 5085 perdidit,
3169 5030 3224 5073 et
3252 5022 3454 5074 veniam
3480 5020 3803 5083 impetravit.

2232 5086 2392 5140 Latro
2418 5088 2467 5139 in
2499 5101 2602 5139 uno
2624 5100 2871 5140 sermone
2900 5104 3020 5141 cum
3048 5090 3263 5142 Cltri~l0
3297 5090 3596 5157 paradisum
3641 5090 3805 5141 intra.

2230 5159 2325 5211 vit.
2360 5156 2628 5225 Longinus
2671 5159 2849 5211 lancea
2881 5158 3020 5211 latus
3050 5160 3341 5213 Salvaturis
3372 5160 3599 5226 aperuit,
3625 5170 3677 5211 et
3702 5173 3804 5209 non

2233 5236 2435 5281 tantum
2468 5228 2675 5279 Veniam
2710 5228 2910 5280 invenit
2933 5269 2948 5292 ,
2981 5231 3076 5282 sed
3108 5233 3446 5296 episcopatus
3478 5232 3731 5282 honorem
3753 5236 3809 5280 et

2231 5298 2466 5367 martyrii
2499 5299 2721 5363 gloriam
2751 5309 2801 5350 et
2830 5313 3082 5352 coronam
3109 5301 3303 5352 habere
3328 5303 3540 5354 meruit.

2304 5368 2390 5421 15.
2441 5369 2656 5421 Duobus
2706 5368 2968 5421 mandatis
3026 5379 3131 5423 tota
3185 5370 3267 5423 let
3315 5372 3528 5438 pendet,
3577 5378 3632 5423 et
3685 5383 3782 5435 pro

2236 5438 2439 5509 phvtm,
2485 5439 2535 5491 id
2565 5448 2665 5499 est,
2700 5438 2913 5491 dilectio
2947 5440 3038 5493 Dei
3093 5450 3214 5492 tots
3244 5442 3441 5493 viribus
3485 5441 3726 5507 corporis
3753 5448 3806 5491 et

2235 5508 2449 5571 animm,
2493 5517 2544 5561 ct
2572 5508 2785 5561 dtlectie
2818 5512 3041 5577 proximi
3090 5511 3233 5563 sicut
3276 5511 3645 5578 semetipsum.
3680 5511 3815 5559 lino-

2238 5581 2336 5631 bns
2366 5579 2536 5630 modis
2564 5580 2821 5643 creditur,
2878 5580 2927 5631 id
2956 5590 3060 5642 est,
3093 5580 3329 5649 perfecta
3364 5582 3469 5635 lide
3494 5592 3547 5634 et
3577 5580 3807 5647 perfecta

2236 5652 2567 5713 rtpct'aliutm.
2623 5650 2836 5702 nutibus
2889 5651 3060 5705 modis
3108 5666 3239 5704 crux
3294 5660 3566 5719 portatur,
3603 5652 3650 5702 id
3707 5660 3806 5707 est,

2239 5734 2358 5775 cum
2395 5734 2483 5791 per
2516 5719 2890 5774 abstinentiam
2930 5720 3159 5777 afﬁcitur
3183 5736 3396 5791 curpth,
3427 5732 3515 5774 aut
3546 5736 3642 5791 per
3668 5734 3817 5773 con-
