4104 6184
408 212 539 267 1501

1104 206 1394 267 ΑΡΡΕΝΒ.
1438 205 1599 263 XXII.
1640 235 1709 246 —
1746 202 2034 260 GLOSSE
2070 202 2135 258 IN
2176 203 2453 262 SACRAM
2490 200 2945 261 SCRIPTUBAM.

3529 208 3659 263 150%

400 322 705 391 passionem
737 318 1500 391 proximiafllirgituranimus.
1558 318 1774 373 Duobus
1801 316 1977 371 modis
2003 316 2051 374 Α
2080 329 2134 391 et
2163 319 2288 375 boni
2321 320 2389 374 de
2431 320 2583 374 malis
2613 320 2878 391 oriuntur.
2938 317 3060 373 Mali
3088 316 3155 391 de
3180 319 3355 388 bonis,
3387 320 3658 379 dazmones

400 388 600 448 locutio
649 391 825 444 divina
857 389 1225 458 distinguitur,
1256 388 1306 441 id
1353 396 1466 450 est,
1498 398 1589 441 aut
1634 402 1728 454 per
1775 397 1975 458 semet-

401 463 574 530 ipsum
605 460 862 514 Dominus
901 457 1156 526 loquitur,
1187 468 1279 513 aut
1307 473 1403 528 per
1430 468 1731 512 creaturam
1770 457 1978 526 angeli-

400 547 518 587 eam
548 531 707 584 verba
740 530 1056 584 formantur.

473 600 560 655 16.
595 601 709 654 Duo
740 601 792 653 in
821 600 921 654 hac
949 599 1055 652 vita
1087 606 1211 652 sunt
1238 612 1434 668 genera
1470 596 1735 664 justorum
1762 611 1777 650 :
1812 611 1976 668 unum

402 672 649 727 videlicet
677 670 813 724 bene
837 670 1148 731 viventium,
1173 666 1265 722 sed
1297 667 1441 720 nulla
1462 667 1801 731 docentium;
1829 666 1976 720 aliud

402 757 528 796 vero
578 749 722 794 recte
768 738 1084 801 viventium,
1131 746 1186 792 et
1228 738 1415 792 eadem
1466 745 1609 789 recta
1647 735 1973 790 docentium.

402 811 617 865 Duobus
648 809 823 863 modis
855 808 1133 874 percussio
1159 808 1337 861 divina
1370 806 1700 873 intelligitur,
1721 807 1771 859 id
1788 815 1891 869 est,
1922 806 1976 860 in

400 881 592 935 bonam
633 878 798 949 406
850 889 1097 944 partem,
1154 892 1260 946 qua
1312 876 1640 949 percutimur
1678 890 1863 949 carne,
1922 885 1977 929 ut

396 944 965 1006 emendetntir'anima
996 959 1050 1003 et
1081 944 1289 1009 mente;
1316 944 1527 1009 altera,
1578 960 1681 1013 qua
1730 944 1977 999 vulnera-

400 1035 521 1075 mur
566 1018 896 1074 conscientia
947 1033 1011 1073 ex
1058 1017 1353 1079 charitate,
1382 1024 1440 1068 tit
1479 1015 1643 1069 Deum
1696 1014 1976 1071 ardentius

397 1090 703 1159 diligamus,
750 1088 962 1159 Duobus
993 1088 1167 1159 modis
1197 1087 1335 1159 Deus
1368 1086 1587 1159 respicit
1618 1086 1670 1137 in
1690 1084 1973 1159 homines,

405 1160 458 1213 id
486 1153 591 1223 Est,
622 1158 705 1212 vel
735 1157 800 1211 ad
832 1158 1059 1223 veniam,
1091 1157 1171 1212 vel
1199 1160 1263 1209 ad
1290 1155 1572 1208 vindictam
1600 1170 1613 1206 :
1638 1153 1703 1207 ad
1740 1156 1972 1219 veniam,

399 1229 540 1283 sicut
569 1230 803 1291 respexit
833 1227 1083 1294 Petrum;
1116 1228 1180 1280 ad
1211 1226 1523 1290 vindictam,
1550 1225 1688 1279 sicut
1715 1224 1767 1278 in
1801 1223 1976 1280 Sodo-

396 1313 538 1352 matn
567 1308 624 1351 et
652 1296 1031 1352 Gomorrham.

471 1368 561 1421 17.
594 1368 707 1420 Duo
738 1367 972 1420 latrones
1022 1380 1143 1420 cum
1169 1363 1383 1419 Christo
1434 1364 1674 1419 cruciﬁxi
1724 1373 1887 1433 sunt,
1920 1366 1973 1421 id

394 1445 499 1500 est,
535 1436 740 1489 Dismas
787 1452 817 1489 a
847 1434 1074 1499 dextris,
1108 1435 1299 1490 Gestas
1347 1449 1377 1487 a
1407 1434 1662 1489 sinistris.
1710 1434 1825 1489 Alia
1873 1451 1972 1489 no-

397 1506 538 1559 mina
571 1504 839 1559 latronum
864 1505 1135 1559 Chacham
1164 1513 1217 1558 et
1244 1503 1501 1559 Chamna.
1535 1504 1675 1559 Duas
1702 1505 1844 1559 tilias
1874 1505 1973 1560 Lot

396 1574 603 1639 habuit,
630 1573 770 1629 filius
801 1574 981 1629 fratris
1011 1574 1265 1637 Ahralue,
1295 1588 1519 1640 quarum
1551 1590 1654 1628 una
1684 1575 1975 1630 vocabatur

2078 389 2147 443 de
2176 390 2411 457 angelis;
2461 392 2581 445 boni
2609 390 2678 443 de
2722 390 2897 455 malis,
2939 390 3109 443 sancti
3136 392 3203 443 de
3234 392 3497 458 gentibus.
3531 394 3655 449 Mali

2077 459 2148 515 de
2174 460 2347 517 bonis.
2376 460 2563 515 lsmael
2606 460 2674 514 de
2714 461 3008 521 Abraham,
3039 460 3191 513 Moab
3238 473 3293 514 et
3333 462 3561 515 Ammon
3590 466 3658 518 de

2080 528 2213 593 Lot;
2263 528 2385 582 boni
2420 532 2486 584 de
2516 532 2687 593 malis,
2715 531 2982 583 Abraham
3010 530 3078 583 de
3104 530 3395 593 Chaldaeis.
3430 532 3547 586 Mali
3589 534 3657 587 de

2079 600 2251 662 bonis,
2284 600 2487 653 llathan
2532 610 2586 655 et
2614 592 2812 654 Abiron
2855 600 2921 652 de
2952 599 3109 661 Levi,
3141 592 3316 668 Ophtti
3348 612 3400 653 et
3432 603 3657 657 Phinees

2077 668 2147 723 de
2180 669 2315 723 lleli.
2366 670 2494 723 Boni
2527 672 2593 725 de
2621 670 2799 734 malis,
2834 668 2972 723 Ruth
3001 683 3063 723 ac
3094 670 3248 723 Moab
3294 682 3345 723 et
3398 672 3543 726 ltaab
3590 674 3658 727 de

2078 738 2349 807 Chanaan.
2394 740 2515 793 Mali
2566 738 2635 793 de
2672 739 2847 801 bonis,
2896 739 3035 807 quod
3079 751 3204 794 ante
3248 739 3403 795 debui
3453 742 3657 805 dicere,

2075 806 2209 877 Cain
2246 810 2314 863 de
2349 810 2541 875 Adam,
2585 817 2642 863 et
2686 810 2750 861 de
2780 809 2893 863 Noe
2918 806 3121 862 Citam.
3178 810 3359 865 Bonus
3398 811 3464 863 de
3495 815 3652 877 malo,

2077 876 2344 931 Junathan
2375 880 2442 932 de
2469 878 2615 933 Saul.
2646 878 2809 933 Malus
2834 878 2901 933 de
2932 879 3094 944 bono,
3118 878 3349 933 Absalon
3375 881 3442 934 de
3466 876 3651 935 David.

2076 947 2209 1013 Quid
2235 948 2385 1016 plura
2416 948 2629 1003 dicam?
2662 948 2753 1004 Sic
2783 949 2924 1003 enim
2956 950 3056 1003 erit
3084 964 3249 1017 usque
3276 952 3326 1003 in
3358 951 3539 1013 linem,
3600 964 3652 1005 et

2076 1017 2145 1071 de
2183 1018 2342 1072 bonis
2376 1019 2531 1081 mali,
2563 1032 2616 1072 et
2644 1019 2711 1073 de
2743 1020 2895 1073 malis
2927 1018 3085 1083 boui;
3117 1034 3237 1072 cum
3280 1030 3456 1073 autem
3491 1036 3651 1074 vene-

2076 1088 2167 1159 rit,
2190 1088 2454 1159 quisolus
2474 1088 2753 1159 bonusgest
2783 1089 2950 1143 bonos
2978 1104 3007 1159 a
3037 1087 3189 1159 malis
3217 1091 3539 1159 segregabit.

2148 1158 2233 1210 l9.
2268 1156 2409 1212 Duos
2436 1158 2576 1211 viros
2605 1157 2777 1213 adhuc
2804 1158 2952 1211 vivos
2982 1158 3236 1222 legimus;
3274 1156 3367 1214 sed
3402 1161 3487 1213 ubi
3517 1168 3640 1213 sunt

2076 1223 2182 1279 vivi
2220 1236 2273 1280 et
2317 1226 2637 1299 absconditi,
2691 1229 2977 1299 nescimus.
3014 1228 3160 1299 Unus
3190 1230 3257 1283 ab
3287 1230 3449 1282 Adam
3481 1234 3649 1299 septi-

2074 1309 2214 1361 mus,
2259 1306 2333 1367 et,
2360 1296 2543 1350 Enoch
2599 1298 2922 1361 nominatus,
2977 1298 3111 1351 alter
3161 1314 3289 1351 vero
3335 1299 3504 1367 Elius,
3546 1296 3647 1366 ἰιιιί

2076 1380 2245 1436 usque
2271 1366 2336 1418 ad
2369 1367 2561 1420 celum
2580 1368 2646 1436 in
2674 1380 2834 1420 curru
2864 1368 3021 1435 igneo
3051 1375 3133 1420 est
3162 1377 3376 1434 raptus;
3418 1366 3495 1421 de
3514 1370 3652 1436 duo-

2077 1435 2176 1517 bus
2200 1435 2432 1489 breviter
2474 1435 2731 1502 diximus,
2778 1445 2952 1491 tamen
2983 1438 3135 1499 satis,
3168 1438 3290 1505 quia
3320 1439 3384 1491 ad
3414 1449 3521 1491 tres
3567 1435 3650 1491 fe-

2075 1515 2359 1560 sttnamus.
2452 1530 2457 1533 ‘
2564 1517 2573 1526 ”
2690 1530 2703 1542 ⁶

2143 1573 2234 1628 2t).
2268 1574 2392 1628 Tres
2432 1589 2659 1641 persona:
2688 1571 2990 1639 Trinitatis,
3034 1575 3087 1628 itt
3136 1589 3239 1628 una
3287 1584 3550 1643 pote-tate
3597 1585 3652 1629 et

394 1644 753 1725 Adaeli,‘qute
804 1645 1009 1725 peperit
1043 1644 1390 1725 patri-filium
1447 1648 1665 1698 nomine
1695 1645 1870 1725 Moab,
1890 1645 1972 1725 de
2006 1666 2049 1725 Β
2077 1645 2376 1725 majestate,
2410 1645 2802 1725 l‘ater,‘l{‘_ili_us
2846 1652 2901 1698 et
2951 1644 3183 1725 Spiritus
3232 1655 3485 1725 sanctus,
3534 1660 3652 1725 qua:

396 1729 504 1782 quo
532 1714 776 1770 Moabitae
800 1714 904 1768 orti
948 1723 1095 1769 sunt.
1124 1714 1307 1768 Altera
1356 1728 1503 1777 vero,
1534 1729 1653 1781 qua:
1680 1715 1971 1769 vocabatur

396 1783 607 1846 Moacb,
634 1800 752 1849 qua:
778 1793 832 1838 et
860 1784 1107 1853 similiter
1138 1785 1274 1853 patri
1308 1798 1407 1837 suo
1437 1784 1643 1851 peperit
1674 1784 1837 1839 tilium
1869 1800 1969 1839 no-

393 1855 537 1908 mine
569 1855 817 1918 Ammon,
851 1852 920 1909 de
948 1869 1054 1920 quo
1082 1852 1406 1908 Ammonius:
1452 1854 1719 1907 exierunt.
1769 1854 1835 1908 Hi
1864 1857 1970 1908 duo

395 1924 489 1976 lilii
524 1940 629 1977 non
657 1924 774 1977 sine
800 1925 956 1992 culpa
983 1924 1089 1983 uati
1112 1932 1257 1986 sunt,
1285 1924 1409 1991 quia
1436 1930 1586 1991 pater
1617 1924 1753 1978 filias
1779 1938 1971 1978 uxores

396 1992 601 2057 habuit,
647 2004 701 2047 et
732 1992 832 2047 hoc
866 2008 972 2047 non
1018 1995 1287 2055 voluntas,
1334 1993 1427 2046 sed
1472 1993 1703 2047 ebrietas
1730 1992 1885 2059 fecit;
1917 2003 1971 2049 et

394 2063 466 2116 ita
493 2066 648 2131 culpa
682 2064 818 2117 miro
848 2064 1007 2117 modo
1037 2075 1119 2118 est
1149 2064 1305 2128 facta,
1342 2073 1398 2117 ut
1430 2073 1577 2130 pater
1608 2064 1743 2118 tilias
1775 2079 1970 2119 uxores

397 2132 639 2199 haberet,
672 2143 726 2187 et
769 2148 985 2188 sorores
1012 2143 1212 2187 matres
1242 2132 1499 2187 fratribus
1546 2132 1698 2187 factae
1739 2144 1883 2198 sunt,
1915 2144 1971 2188 et

396 2202 489 2256 lilii
518 2204 777 2258 matribus
809 2203 999 2259 fratres
1044 2204 1278 2270 luerunt,
1309 2206 1429 2271 quia
1460 2204 1526 2256 de
1554 2204 1762 2257 semine
1805 2207 1969 2273 patris

394 2274 517 2326 lii-:2
548 2285 687 2327 nata:
714 2284 858 2339 sunt,
888 2285 942 2327 et
984 2276 1051 2327 de
1077 2276 1282 2328 semine
1332 2274 1520 2327 iterum
1552 2274 1718 2340 patris
1749 2274 1801 2328 in
1834 2275 1970 2328 filia-

393 2344 493 2396 Lus
525 2344 614 2397 lilii
645 2354 771 2396 sunt
800 2342 1099 2411 procreati;
1144 2353 1198 2396 et
1235 2344 1355 2398 ideo
1384 2344 1499 2397 haec
1532 2344 1813 2414 progenies
1858 2360 1968 2397 ma-

391 2427 547 2479 gnam
575 2414 1004 2467 maledictionem
1031 2414 1245 2475 meruit,
1278 2429 1397 2483 qua:
1426 2428 1590 2480 usque
1615 2416 1681 2467 ad
1708 2414 1967 2468 decimam

392 2486 792 2548 generationem
822 2484 874 2537 in
906 2485 1203 2537 Ecclesiam
1240 2485 1329 2539 Dei
1360 2498 1466 2537 non
1511 2484 1748 2536 intravit.
1797 2485 1858 2536 Et
1892 2493 1968 2537 ta-

391 2566 515 2605 men
546 2551 683 2607 Rutlt
709 2554 985 2609 Moabitida
1019 2554 1155 2608 bona
1185 2554 1377 2608 femina
1418 2553 1532 2619 fuit,
1566 2570 1682 2620 qua:
1714 2554 1763 2605 in
1794 2568 1968 2621 gene-

389 2622 649 2677 rationem
686 2624 885 2677 Christi
921 2634 1125 2691 partem
1160 2624 1358 2678 habere
1388 2625 1603 2677 meruit.
1658 2624 1773 2689 lpsa
1804 2624 1965 2691 enim

390 2701 565 2760 mater
603 2694 687 2746 avi
732 2694 895 2747 David
924 2690 1073 2756 fuit;
1109 2694 1272 2746 David
1322 2710 1554 2760 namque
1606 2694 1743 2746 illius
1787 2690 1964 2757 Jusse,

388 2758 542 2832 ,lesse
594 2762 729 2817 ﬂlzus
758 2764 953 2830 Obeth,
1001 2764 1171 2819 Obetlt
1202 2766 1345 2817 filius
1377 2758 1533 2827 Booz,
1568 2772 1621 2817 et
1652 2774 1823 2817 mater
1849 2763 1968 2832 ejus

386 2827 551 2885 lluth.
579 2832 724 2887 Avus
749 2837 891 2888 enim
920 2827 1069 2902 pater
1100 2837 1263 2900 patris
1289 2841 1390 2887 cst.

460 2902 545 2955 18.
579 2902 723 2957 Duos
757 2904 894 2957 ﬁlios
928 2905 1071 2956 Isaae
1120 2904 1324 2968 habuit,
1373 2917 1509 2955 unus
1543 2902 1655 2955 Deo
1684 2901 1966 2969 reprobus,

385 2978 441 3023 et
468 2972 601 3026 alter
632 2975 835 3027 electus
890 2974 1003 3025 fuit.
1038 2972 1127 3026 Sic
1156 2975 1295 3026 enini
1326 2972 1601 3038 Scriptura
1650 2972 1725 3025 ait
1754 2988 1768 3023 :
1802 2970 1965 3024 Jacob

385 3040 567 3106 dilexi,
598 3051 646 3093 et
672 3042 813 3109 Esau
840 3044 958 3095 odio
984 3041 1174 3105 habui;
1218 3050 1271 3096 et
1318 3042 1418 3095 hoc
1466 3056 1571 3094 non
1619 3042 1733 3095 sine
1780 3057 1962 3107 causa,

386 3113 510 3176 quia
541 3110 700 3164 ambo
731 3111 822 3164 lilii
855 3112 978 3166 boni
1009 3112 1193 3178 patris,
1222 3120 1276 3164 et
1317 3112 1475 3165 ambo
1502 3112 1693 3164 uterini
1725 3114 1778 3165 itt
1812 3122 1965 3166 utero

387 3179 547 3249 bona:
575 3181 782 3244 matris,
812 3191 867 3235 et
897 3192 1071 3235 tamen
1118 3184 1319 3235 electus
1366 3183 1725 3249 supplantavit
1778 3196 1965 3249 repro-

384 3246 511 3319 bum
540 3249 592 3302 in
620 3261 775 3304 utero
820 3253 1025 3315 matris,
1073 3260 1128 3304 et
1176 3246 1524 3319 primogenita
1575 3253 1624 3304 ei
1685 3246 1878 3316 rapuit,
1909 3260 1966 3305 et

386 3317 817 3375 benedictionem
866 3324 1064 3387 patris;
1097 3317 1189 3374 sed
1234 3317 1481 3375 ideo—hoc
1511 3320 1675 3373 voluit
1705 3321 1842 3375 Deus
1868 3322 1961 3384 ita,

382 3389 504 3454 quia
535 3404 723 3444 omnes
760 3390 920 3446 eleCti
946 3390 1014 3444 de
1040 3391 1205 3445 Jacob
1232 3400 1358 3444 sunt
1402 3393 1527 3455 orti,
1557 3399 1611 3443 et
1662 3392 1727 3443 de
1756 3392 1963 3444 semine

385 3456 527 3531 ejus,
562 3468 634 3531 et_
648 3468 823 3531 tamen
868 3460 1156 3531 reprohnm
1184 3476 1289 3514 non
1317 3460 1603 3528 dereliquit
1647 3460 1809 3525 Deus,
1837 3461 1961 3531 quia

383 3524 483 3599 ξρι)
517 3537 583 3599 Δει
611 3528 704 3583 Dei
752 3524 962 3596 servus,
1011 3542 1064 3584 et
1097 3546 1184 3584 rex
1216 3541 1364 3583 ortus
1394 3542 1474 3584 cst
1500 3524 1561 3583 ex
1595 3544 1792 3599 genere
1820 3524 1957 3595 ejus.

385 3594 449 3649 Et
479 3596 600 3653 ideo
631 3603 734 3654 hoc
762 3594 998 3655 breviter
1026 3602 1339 3664 memoravi,
1372 3601 1493 3669 quia
1527 3594 1653 3653 mali
1683 3601 1751 3654 de
1781 3594 1959 3664 bonis,

2076 1722 2185 1768 tres
2200 1725 2455 1783 personae
2484 1714 2623 1781 apud
2655 1714 2911 1783 Hebrteos
2942 1716 3019 1768 sic
3047 1725 3306 1768 vocantur
3330 1716 3492 1777 Abba,
3524 1714 3649 1779 Ben,

2074 1782 2246 1838 Ruba.
2293 1784 2449 1853 Apud
2480 1800 2605 1837 vero
2636 1783 2853 1838 Graecos
2886 1782 3061 1847 Pater,
3088 1783 3213 1845 Bar,
3243 1789 3512 1852 quomodo
3552 1800 3650 1837 au-

2074 1862 2177 1924 tem
2211 1856 2345 1908 Graii
2366 1853 2574 1924 e407
2601 1855 2830 1920 Spiritus
2856 1854 3071 1917 dicitur,
3104 1854 3276 1907 adhuc
3308 1869 3411 1906 non
3444 1855 3645 1907 inveni.

2072 1922 2151 1976 llli
2200 1935 2376 1978 tamen
2428 1922 2786 1993 d.ctintageos
2833 1925 2972 1989 quod
2997 1924 3181 1977 Latine
3226 1936 3380 1977 sonat
3411 1932 3649 1977 sanctus.

2072 1994 2211 2048 Abba
2242 2004 2408 2060 pater,
2438 1993 2545 2047 Ben
2573 1993 2734 2058 filius,
2764 1994 2909 2047 (iuba
2933 1994 3158 2061 Spiritus
3198 2003 3433 2046 sanctus.
3491 1994 3646 2046 Pater

2074 2071 2248 2119 tamen
2293 2062 2536 2118 Graecum
2583 2072 2685 2127 est,
2734 2074 2789 2118 et
2830 2063 3017 2117 Latine
3057 2071 3211 2116 sonat
3256 2067 3487 2131 genitor.
3538 2062 3645 2115 Bur

2074 2132 2279 2197 Graece,
2316 2135 2454 2187 (ilius
2499 2133 2705 2188 Latine.
2735 2135 2967 2187 Trinitas
2990 2134 3170 2198 itaque
3201 2133 3395 2186 dicitur
3429 2144 3646 2199 propter

2074 2217 2419 2271 personarum
2450 2204 2837 2267 diversitatem,
2882 2203 3059 2257 unitas
3092 2218 3217 2255 vero
3248 2212 3465 2269 propter
3495 2205 3642 2256 inse-

2074 2276 2363 2341 parabilem
2414 2275 2629 2327 deitatis
2682 2273 3056 2327 substantiam.
3112 2273 3269 2326 Pater
3316 2273 3528 2335 dicitur,
3590 2286 3651 2325 eo

2070 2345 2211 2412 quod
2257 2344 2447 2397 habeat
2490 2343 2711 2408 Filium,
2758 2353 2813 2396 et
2859 2346 3030 2397 omnis
3076 2344 3388 2411 paternilas,
3431 2357 3550 2409 qua:
3595 2342 3646 2394 in

2071 2415 2230 2478 caelo,
2262 2424 2312 2467 et
2343 2415 2391 2467 iu
2427 2425 2565 2468 terra
2595 2424 2696 2473 est,
2730 2413 2781 2465 itt
2808 2428 2872 2467 eo
2902 2422 2956 2466 et
2983 2428 3046 2465 ex
3077 2428 3143 2467 eo
3174 2415 3501 2465 nominatur.
3555 2412 3647 2464 Fi-

2072 2483 2172 2536 lius
2212 2485 2427 2546 dicitur,
2462 2500 2527 2536 eo
2564 2482 2703 2550 quod
2750 2485 2940 2537 habeat
2974 2483 3208 2543 Patrem.
3238 2483 3471 2547 Spiritus
3520 2496 3647 2535 vero

2071 2565 2403 2617 sanctus,’eo
2432 2554 2572 2621 quod
2603 2570 2631 2605 ει
2661 2553 2813 2606 Ρ.ιιι·ε
2839 2564 2891 2605 et
2921 2552 3053 2606 Filio
3099 2553 3358 2619 procedit.
3394 2553 3535 2621 Deus
3566 2551 3647 2603 dio

2070 2623 2209 2675 citur
2254 2620 2470 2690 promer
2517 2630 2867 2689 potestatem,
2898 2632 2952 2676 et
2982 2622 3357 2685 dilectionem;
3393 2620 3647 2689 Dominus

2070 2692 2264 2746 dicitur
2294 2704 2511 2761 propter
2555 2692 3012 2757 dominationem;
3056 2692 3398 2759 omnipotens
3428 2691 3647 2759 dicitur,

2070 2763 2191 2830 quia
2208 2764 2385 2815 omnia
2415 2764 2709 2831 potest,cni
2729 2762 2857 2814 nihil
2883 2762 3208 2829 impossibile
3238 2770 3341 2815 est.
3365 2761 3484 2813 Etsi
3512 2762 3647 2812 Deus

2070 2834 2410 2900 omnipotens
2460 2841 2562 2894 est,
2606 2833 2731 2898 quid
2781 2841 2863 2885 est
2904 2833 3041 2899 quod
3076 2846 3180 2885 noa
3215 2832 3425 2898 potest?
3457 2831 3510 2883 Id
3542 2841 3648 2892 εει,

2071 2916 2177 2955 ιιοιι
2224 2912 2399 2969 petest
2440 2902 2579 2966 falli,
2611 2916 2715 2953 non
2746 2911 2921 2969 potest
2958 2903 3123 2963 mori,
3159 2916 3263 2954 non
3304 2910 3477 2969 potest
3518 2914 3648 2967 pee—

2073 2985 2220 3026 care.
2266 2972 2367 3025 Per
2409 2971 2618 3025 Patrem
2654 2970 2897 3035 viv.mus,
2930 2986 3205 3025 movemur
3230 2980 3285 3024 et
3309 2986 3523 3034 sumus;
3558 2984 3650 3035 per

2074 3040 2263 3095 Filium
2300 3042 2583 3104 rationem,
2619 3053 2667 3093 et
2704 3042 3004 3106 scientiam,
3036 3050 3091 3095 et
3125 3041 3457 3095 intellectum
3487 3041 3649 3092 habt:-

2070 3125 2224 3176 mus;
2279 3128 2371 3176 per
2396 3114 2653 3181 Spiritum
2693 3125 2937 3163 sanetum
2992 3113 3147 3164 donis
3202 3112 3352 3164 bonis
3395 3112 3647 3163 omnibus

2071 3181 2419 3235 illustrantur.
2470 3182 2663 3233 Tribus
2711 3182 2885 3233 modis
2939 3181 3076 3235 Deus
3129 3181 3346 3242 dicitur,
3424 3181 3475 3233 id
3529 3190 3645 3240 est.

2069 3252 2445 3315 essetttialiter,
2479 3263 2533 3302 tit
2566 3250 2763 3303 Paulus
2789 3250 2919 3302 dicit
2951 3266 2965 3300 :
3004 3250 3103 3315 Qui
3148 3259 3220 3302 est
3260 3251 3547 3302 benedictus
3595 3250 3647 3300 iit

2069 3322 2278 3373 sarcula.
2310 3320 2691 3388 Nuucupative,
2724 3330 2779 3371 ut
2816 3321 3067 3388 Dominus
3095 3319 3263 3388 Moysi
3291 3320 3420 3371 dicit
3457 3335 3469 3369 :
3515 3319 3650 3388 Con-

2067 3390 2213 3442 stitui
2246 3400 2293 3441 te
2336 3389 2389 3442 in
2430 3388 2593 3441 Deum
2622 3386 2926 3441 Pharaonis.
2979 3387 3155 3451 False,
3186 3386 3251 3440 ιιι
3288 3388 3524 3442 dieitur:
3565 3386 3646 3438 llit'

2069 3460 2157 3528 qui
2189 3474 2289 3512 non
2321 3461 2545 3527 fecerunt
2579 3459 2756 3511 rwlum
2780 3468 2825 3528 et
2849 3470 3035 3511 terram
3060 3467 3286 3528 pereant.
3317 3460 3449 3512 'l'res
3478 3473 3565 3510 res
3594 3455 3649 3509 in

2073 3529 2333 3596 principio
2363 3530 2560 3582 cretvit
2589 3528 2747 3597 Deus,
2780 3527 2830 3581 id
2861 3537 2962 3593 est,
2995 3530 3235 3597 angelos,
3267 3540 3321 3583 et
3346 3566 3357 3580 .
3387 3567 3402 3582 .
3430 3566 3444 3580 .
3478 3538 3533 3582 et
3563 3527 3647 3580 itt-

2071 3600 2293 3653 iormem
2329 3602 2625 3653 materiam.
2660 3596 2880 3667 (Desunt
2912 3598 3065 3667 alia.)

1506 3870 2110 3953 APPENDIX
2186 3869 2491 3951 XXII.

1398 4011 1686 4067 GLOSSXE
1730 4011 1791 4065 ΙΝ
1832 4009 2111 4065 SACRAM
2155 4006 2622 4063 SCRIPTURAM.

1400 4158 1407 4167 -
1481 4128 1560 4182 Ea:
1588 4128 1772 4183 Codice
1800 4126 1954 4181 reteri
1990 4127 2008 4179 ι
2040 4123 2252 4177 arcltivit'
2285 4120 2542 4175 Vaiicani.

1024 4241 1337 4295 GENESIS.

448 4357 574 4412 ευ».
606 4370 643 4411 1.
677 4356 904 4418 Spiritus
932 4354 1024 4424 Dei
1055 4356 1328 4424 ferebatur.
1365 4352 1699 4407 Providentia
1731 4352 1964 4424 qualiter

380 4437 570 4482 (unt-ta
616 4434 871 4481 creasset.
927 4422 1063 4477 Fiat
1099 4425 1204 4478 Ius.
1258 4425 1371 4492 Ipsa
1423 4434 1504 4477 est
1535 4440 1650 4491 quae
1684 4434 1867 4490 postea
1911 4423 1958 4475 iu

382 4514 502 4550 vasa
551 4498 695 4561 εαξη,
749 4497 849 4549 Ιιοε
897 4505 1017 4557 est,
1074 4496 1271 4557 sidera,
1306 4493 1725 4548 diffundebatur.
1794 4492 1956 4546 Dixit.

379 4567 482 4621 i’er
525 4568 746 4623 verbum
796 4580 950 4619 suum
1004 4566 1145 4617 fecit.
1196 4563 1371 4616 Mane.
1424 4563 1636 4616 initium
1668 4571 1955 4616 creaturm.

393 4638 624 4706 Vespere.
682 4636 829 4691 Finis
873 4634 1157 4706 ejusdem.
1191 4632 1498 4706 Imaginem,
1549 4632 1955 4706 similitudinem.

380 4702 565 4775 imago
595 4708 786 4760 eminet
835 4706 886 4759 in
908 4702 1115 4774 ispiritu
1148 4702 1408 4767 hominis;
1454 4702 1751 4758 similitudo
1780 4705 1833 4756 in
1866 4703 1963 4756 bo-

379 4779 464 4832 nis
493 4777 771 4845 Operibus.

452 4880 509 4920 ll.
560 4863 824 4920 Patrarat.
884 4862 1206 4917 Perfecerat.
1258 4860 1588 4915 Paradisum.
1635 4861 1747 4915 Duo
1793 4868 1953 4915 sunt:

380 4951 544 4990 tinum
571 4946 860 4989 terrenum.
893 4934 977 4985 tibi
1010 4934 1173 4986 Adam
1217 4931 1332 4996 fuit,
1364 4935 1588 4985 alterum
1621 4932 1943 4985 caelestium.

375 5006 602 5077 Liguutu
647 5006 781 5070 vita,
823 5005 1017 5073 lignum
1044 5004 1284 5057 scientiis.
1337 5001 1393 5055 lu
1424 5002 1664 5056 custodia
1698 5003 1946 5069 precepti

452 5141 703 5197 Desssns.
734 5172 801 5181 —
831 5141 957 5195 CAP.
999 5156 1061 5211 t._
1078 5140 1151 5211 De
1184 5141 1263 5193 bis
1293 5140 1481 5211 glossis
1520 5141 1739 5193 consule
1779 5138 1948 5211 isido-

381 5212 551 5274 riana,
580 5228 701 5279 cap.
730 5212 819 5278 65,
852 5225 997 5263 num.
1031 5208 1100 5261 58
1126 5220 1179 5263 ει
1208 5208 1355 5278 seqq.
1384 5211 1569 5278 Incipit
1591 5211 1771 5264 Code-x
1807 5228 1819 5263 :
1855 5208 1951 5263 Dei

381 5282 666 5351 ferebatur;
702 5283 923 5335 fortass».
952 5280 1144 5333 deinde
1172 5280 1452 5349 legendum
1482 5281 1749 5346 providens
1779 5280 1949 5347 quali-

378 5353 786 5415 titer.Scriptum
816 5359 929 5405 erat
950 5366 1145 5418 creasse
1170 5364 1262 5417 pro
1285 5361 1517 5404 creasset.
1557 5351 1949 5418 lnterpunctutn

378 5432 487 5476 erat
520 5420 717 5472 verbum
741 5437 904 5474 suum.
938 5417 1083 5473 Fecit
1110 5435 1273 5472 mane.

452 5506 508 5544 lt.
530 5490 581 5543 Ιιι
614 5489 829 5557 Vulgata
855 5503 931 5542 est
958 5491 1267 5558 plantavemt
1300 5506 1392 5556 pro
1420 5500 1672 5559 patrarat.
1706 5488 1949 5542 Fortasse

379 5559 659 5629 legendum
688 5576 817 5611 unus
837 5562 1265 5613 terrenus...aller
1285 5559 1730 5613 cwlestrls.Glo:sm
1758 5559 1948 5627 [gnum

379 5633 536 5699 vita,
590 5640 717 5693 etc.,
760 5642 979 5698 possent
1028 5631 1180 5686 aliter
1227 5632 1489 5695 ordinari,
1540 5645 1634 5685 seu
1691 5630 1944 5697 transjici.

1997 4242 2043 4303 ι)
2071 4238 2292 4287 εεὶειιῑιιι
2329 4241 2445 4285 erat
2473 4231 2617 4285 bini.
2658 4232 2799 4303 ﬁliani
2843 4243 2892 4287 et
2924 4236 3067 4288 mali.
3118 4236 3174 4290 In
3225 4240 3645 4293 transcrcssiono

2069 4304 2288 4374 scientia
2322 4310 2438 4355 erat
2466 4302 2933 4374 mali.__Bit_tellium.
2968 4304 3023 4357 In
3049 4306 3241 4361 arbore
3270 4307 3558 4374 colligitur,
3591 4319 3645 4359 et

2069 4384 2152 4427 est
2202 4373 2545 4439 pigmentum.
2600 4371 2789 4427 Evilat.
2848 4376 2960 4429 Hoc
3005 4384 3085 4429 est
3132 4371 3421 4444 proprium'
3449 4391 3641 4429 nomen

2070 4452 2247 4498 terrau

2141 4530 2213 4566 ιιι.
2254 4511 2590 4566 Perizomata.
2657 4513 2978 4567 Femoralia.
3038 4512 3359 4568 Versatilem.
3420 4515 3640 4568 Vibran-

2070 4593 2200 4638 tem.
2238 4582 2510 4636 Versatilis
2538 4583 2732 4637 dicitur
2759 4598 2853 4650 pro
2884 4598 2978 4647 eo,
3021 4583 3160 4651 quod
3193 4585 3511 4654 quandoque
3553 4602 3641 4640 ve-

2069 4656 2238 4708 nisset
2268 4662 2481 4720 tempus-
2508 4662 2561 4704 ttt
2588 4657 2747 4705 etiam
2778 4654 3039 4706 removeri
3071 4654 3349 4720 potuisset.

2137 4724 2301 4793 408
2350 4738 2420 4775 tv.
2465 4721 2716 4793 Concidit.
2769 4722 2991 4775 Mutavit
3036 4724 3268 4778 colorem
3319 4724 3495 4777 vultus
3538 4726 3645 4777 sui.

2069 4791 2183 4850 Sin:
2215 4791 2281 4848 Si
2305 4810 2407 4845 non
2439 4793 2533 4845 sic.
2562 4791 2835 4845 Maledicta
2866 4800 3001 4844 terra
3032 4794 3083 4845 in
3123 4794 3361 4859 operibus
3395 4795 3512 4847 tuis.
3550 4794 3642 4846 llic

2068 4881 2171 4917 nm
2204 4878 2365 4929 opera
2393 4860 2623 4923 t‘ttiCddi,
2653 4862 2743 4914 sed
2783 4874 2993 4927 peccata
3042 4865 3310 4927 ettpritnit.
3367 4864 3530 4917 Num.
3557 4864 3646 4915 Di-

2061 4937 2160 4988 cis.
2193 4934 2355 4986 Eden.
2403 4931 2668 5000 Sacratiss
2698 4946 2838 4983 mum
2868 4933 3038 4999 ipsum
3070 4935 3298 5000 paradisi
3333 4934 3505 4987 locmn
3556 4936 3638 4985 in-

2061 5012 2399 5071 terpretatur.
2429 4999 2613 5053 Porro.
2652 5000 2928 5055 Videlicet.
3073 4999 3080 5000 ί
3242 5044 3293 5083 λ

2060 5141 2281 5207 Vulgata
2330 5138 2487 5195 habet
2514 5139 2791 5203 bdellium;
2838 5136 2930 5191 sed
2964 5136 3121 5207 apud,
3154 5135 3442 5207 scriptorcs
3470 5136 3634 5188 medii

2058 5204 2452 5277 :rvi'reperitur
2480 5210 2765 5263 bideltt‘um.
2819 5208 2971 5261 Prius
3013 5205 3133 5277 lieri
3168 5204 3387 5258 deberet
3433 5208 3633 5277 mentio

2063 5270 2323 5343 lli-uilai/t,
2352 5292 2407 5332 ut
2438 5291 2519 5334 est
2551 5285 2599 5333 in
2628 5280 2870 5347 Vulgata,
2900 5292 2994 5331 seu
3021 5275 3206 5336 Evilat,
3240 5289 3395 5342 quam
3430 5270 3629 5347 bdellii.

2134 5363 2205 5400 tv.
2251 5351 2303 5402 In
2338 5350 2582 5417 Vulgata,
2630 5346 2932 5402 maledictus
2960 5347 3061 5398 eris
3094 5360 3245 5414 super
3286 5353 3497 5417 terram,
3526 5346 3626 5398 nisi

2057 5417 2092 5472 lt
2113 5435 2171 5469 ne
2204 5421 2360 5472 verba
2391 5415 2461 5473 ei
2487 5435 2602 5487 cap.
2634 5434 2687 5471 ιιι
2716 5419 2815 5470 huc
2847 5417 3255 5487 translatasint,
3286 5415 3371 5467 ubi
3410 5415 3625 5487 Vulgata

2059 5489 2236 5555 habet,
2282 5504 2421 5544 vers.
2457 5489 2519 5542 17
2553 5484 2566 5541 Ξ
2617 5488 2891 5541 Maledicta
2930 5497 3065 5539 terra
3110 5486 3162 5535 in
3196 5500 3344 5555 opere
3381 5501 3494 5538 suo.
3545 5484 3628 5538 Ex

2057 5574 2193 5612 vers.
2226 5553 2259 5613 9
2291 5575 2408 5629 cap.
2446 5575 2499 5613 tv
2528 5560 2817 5613 desumitur
2850 5572 2993 5621 nam,
3025 5554 3229 5609 scilicet
3271 5553 3411 5608 Nam
3438 5563 3629 5619 castas,

2055 5639 2155 5681 εις.
