4180 6178
348 340 485 396 1517

1040 325 1331 384 APPEND.
1374 321 1539 380 XXII.
1572 351 1641 362 —
1679 319 1969 378 CLOSSA'S
2009 320 2074 377 lN
2110 320 2382 378 SACRAM
2429 317 2891 376 SCRIPTURMI.

3470 319 3609 374 l3l8

345 451 493 513 dine,
525 446 607 503 vel
636 459 733 515 pro
761 443 893 499 recti
919 439 1268 515 dispositione
1296 436 1553 515 succedit.
1581 433 1645 515 in
1668 433 1922 515 carmelo.
1954 439 2002 496 Λ
2033 434 2179 488 Intra
2222 444 2288 515 te.
2341 434 2395 487 lu
2442 433 2539 515 ista
2568 441 2732 510 parte.
2768 429 2831 515 St
2869 430 3375 515 surrexit-donatum.
3401 431 3612 515 idcirco

346 504 621 575 Carmelus
638 504 835 569 'Grzcce
864 522 916 566 et
942 504 1132 563 Latine
1163 508 1378 570 dicitur,
1413 504 1668 575 llebraice
1709 504 1924 559 Carme.

353 574 463 643 ttuo
491 599 699 641 montes
730 594 852 637 sunt
881 580 970 651 qui
1001 580 1100 651 hoc
1134 574 1738 651 nominehappellautur,
1771 588 1926 637 unus,

352 661 401 712 in
435 675 538 727 quo
578 656 673 727 fuit
703 643 1139 727 Nabalfmaritus
1181 643 1467 727 A_b_igsilis,
1496 643 1562 724 ad
1594 645 1798 724 plagam
1839 658 1932 724 au-

349 717 601 791 stralem;
630 725 763 778 alter
789 717 1352 792 juxtaAPtolemaidem
1385 717 1513 792 mari
1548 717 1849 792 imminens,
1872 717 1932 792 in

351 816 398 851 ιιι
424 814 457 851 o
488 784 627 850 tilias
654 784 908 862 praplieta
939 788 1090 862 ﬂexis
1114 788 1337 855 genibus
1367 784 1576 862 pluvias
1608 784 1928 862 impetravit.

355 865 577 919 Fornice
623 854 997 932 triumphalem,
1049 854 1360 932 Camerattt,
1417 856 1497 932 vel
1547 868 1753 932 arcum‘
1788 854 1933 932 volu-

355 948 485 989 tum.
519 936 739 988 Siccine.
777 922 875 987 'Sic
910 928 1091 985 etiam.
1144 926 1211 979 Et
1250 941 1349 977 non
1387 924 1507 976 vidit
1540 922 1753 977 Samuel
1799 923 1935 974 ultra

357 1008 509 1061 Saul.
538 1004 667 1070 Quia
714 1000 932 1056 Samuel
980 1013 1086 1052 nou
1116 996 1255 1050 venit
1285 994 1350 1048 ad
1395 994 1542 1058 Saul,
1572 1007 1669 1047 nec
1702 992 1936 1046 visitavit

355 1090 475 1130 eum
507 1084 681 1125 antea.

430 1159 538 1199 xvt.
584 1139 931 1209 Sanctiﬁcavit
982 1135 1109 1201 Isai,
1153 1146 1199 1189 et
1237 1134 1370 1201 filios
1399 1130 1690 1209 ejus._Quia
1719 1129 1934 1209 Samuel

359 1222 611 1281 prmcept
675 1222 732 1265 ut
766 1200 1030 1281 'lavarcntA
1064 1221 1126 1281 se
1164 1200 1332 1281 aqua,
1407 1200 1462 1257 et
1504 1202 1844 1281 abstinerent
1870 1200 1938 1253 ab

359 1270 631 1335 nitoribus.
662 1280 981 1351 Exagitabal
994 1275 1126 1351 Saul
1145 1275 1355 1351 spiritus
1380 1287 1664 1351 nequam}
1682 1270 1934 1351 .Dotnino.

362 1354 414 1406 Ιιι
446 1366 662 1406 terram.
692 1342 915 1412 Spiritus
945 1347 1037 1400 Dei
1083 1346 1264 1397 malus.
1292 1344 1571 1410 Quomodo
1603 1342 1714 1400 Dei.
1744 1342 1789 1412 si
1828 1356 1939 1393 ma-

363 1424 445 1474 lus
476 1421 622 1475 erat?
647 1410 767 1488 quia
799 1428 985 1488 cuncta
1012 1416 1236 1488 Domino
1265 1425 1490 1488 auctore
1508 1411 1713 1478 prolata
1742 1410 1939 1488 divina:

362 1499 489 1544 ειιιιι
533 1481 974 1560 subditaditioui.
1009 1486 1150 1560 Ergo
1180 1485 1291 1560 ipse
1318 1481 1581 1547 diabolus,
1604 1482 1940 1560 nonhqualis

363 1574 505 1613 nunc
534 1569 632 1626 est,
666 1558 759 1612 sed
791 1559 957 1611 bonus
986 1573 1014 1609 a
1046 1550 1269 1608 Domino
1298 1559 1615 1626 creatus,_et
1654 1565 1682 1602 a
1717 1550 1940 1626 Dom_ino

362 1643 575 1697 semper
620 1620 717 1697 pro
760 1629 1121 1697 omnipotente
1159 1632 1421 1697 potestate
1444 1621 1737 1697 “subjectus
1768 1662 1795 1697 ,ὴ
1836 1620 1939 1673 Do-

365 1691 497 1751 mini
522 1691 654 1751 eral.
676 1691 927 1750 Scientem
948 1696 1161 1765 psallere
1190 1691 1561 1765 cithara.Quia
1594 1691 1832 1765 naturale
1860 1702 1942 1765 est

2029 504 2295 565 surrexit,
2342 517 2408 556 ne
2458 503 2639 556 Abner
2684 501 2835 569 juxta
2884 502 3018 555 latus
3047 503 3186 555 aliud
3234 503 3371 562 regis
3401 505 3449 556 in
3480 504 3610 559 sede

2034 576 2195 626 David
2228 572 2460 638 sederet,
2490 573 2582 627 sed
2614 582 2669 623 ut
2699 581 2981 639 appareret
3010 587 3170 624 vacua
3212 573 3380 625 sessio
3424 575 3610 629 David.

2036 643 2251 697 Obnise.
2294 643 2521 705 intente,
2575 642 2833 709 subjecte.
2868 639 3035 694 Filius
3075 644 3318 695 mulieris.
3361 644 3616 699 Subaudi-

2034 725 2121 767 tur
2151 730 2164 765 :
2199 714 2314 765 Non
2353 727 2411 765 es
2452 713 2591 765 titius
2629 726 2798 774 incus,
2826 712 2919 765 sed
2949 712 3205 767 adulterae
3249 713 3454 778 matris,
3483 715 3609 769 dum

2033 784 2208 853 diligis
2234 782 2704 853 inimicumtuum.

2034 922 2066 977 d
2106 850 2213 906 xxi.
2267 850 2393 905 Post
2442 852 2627 922 ephod.
2678 850 2835 906 Juxta
2883 851 3080 920 epliod.
3134 851 3464 922 Epilenticos.
3517 853 3618 908 Ca-

2074 937 2218 976 ocos.

2074 937 2218 976 “COS.

2105 1008 2233 1045 xxn.
2259 991 2324 1045 In
2353 991 2600 1060 angustiis
2628 991 2905 1045 constituit.
2930 990 3026 1057 Qui
3059 993 3275 1047 exsules
3308 992 3521 1047 luerunt
3553 994 3619 1050 de

2035 1062 2155 1115 aliis
2183 1062 2450 1129 gentibus.
2481 1060 2649 1113 Pressi
2689 1076 2788 1115 tere
2816 1060 3006 1113 alieno.
3037 1063 3278 1126 Tribu'o,
3310 1064 3450 1130 quod
3481 1065 3614 1117 alie-

2039 1134 2119 1186 nis
2145 1133 2433 1185 debebant.
2470 1130 2533 1183 In
2562 1132 2817 1197 prasidio,
2846 1130 2897 1184 in
2931 1134 3047 1185 loro
3077 1133 3299 1196 munito,
3329 1149 3484 1199 quem
3525 1137 3619 1185 lia-

2037 1201 2148 1254 buil
2183 1202 2272 1253 ibi.
2311 1200 2454 1253 Venit
2477 1202 2527 1270 in
2558 1204 2744 1253 saltum
2778 1200 2960 1263 ﬂaret,
2994 1203 3044 1254 in
3070 1219 3271 1255 nemore
3308 1206 3445 1270 quod
3470 1214 3540 1256 est
3570 1205 3621 1257 in

2041 1271 2226 1324 Ilama.
2260 1273 2457 1325 Nemus
2502 1269 2596 1322 luit
2629 1273 2677 1321 in
2705 1275 2917 1323 excelso
2950 1272 3065 1324 loco
3095 1272 3258 1324 urbis.
3293 1269 3434 1325 Nam
3474 1274 3624 1328 ltodie

2039 1343 2162 1411 ccepi
2219 1359 2312 1408 pro
2352 1357 2408 1394 eo
2446 1343 2711 1393 consulere
2755 1337 2954 1393 Deum?
2990 1342 3121 1405 Quia
3158 1342 3432 1395 in'tnicum
3476 1353 3625 1398 tuum

2039 1427 2159 1466 eum
2189 1426 2317 1464 SCIU.

2111 1496 2261 1537 xxttt.
2313 1482 2378 1535 Et
2426 1480 2497 1533 ait
2549 1478 2753 1531 David:
2782 1475 2999 1530 Domine
3030 1477 3165 1532 Deus
3201 1480 3384 1534 lsracl.
3431 1482 3495 1536 Ut
3524 1481 3625 1536 sibi

2044 1563 2225 1619 postea
2256 1550 2600 1618 responderet
2635 1565 2727 1615 per
2753 1548 2913 1618 [‘25
2944 1550 3277 1604 sacerdotem
3314 1569 3327 1602 :
3359 1549 3423 1603 In
3454 1562 3625 1604 monte

2045 1637 2223 1691 Opaca,
2254 1623 2307 1674 in
2348 1621 2475 1674 colle
2511 1619 2772 1672 Hachilla.
2803 1623 2921 1671 i‘tltl
2952 1619 3021 1672 ibi
3063 1620 3219 1691 collis
3248 1631 3302 1673 et
3347 1622 3493 1675 locus
3532 1637 3624 1675 ex-

2044 1690 2175 1745 celsi
2207 1692 2258 1744 in
2290 1692 2524 1753 civitate,
2549 1705 2665 1758 qua:
2693 1696 2777 1743 est
2802 1690 2987 1741 civitas
3010 1690 3072 1739 ad
3106 1690 3378 1744 dexteram
3405 1691 3628 1753 deserti,

365 1776 596 1842 mentem
628 1769 793 1835 ipsam
826 1781 919 1834 per
948 1758 1085 1819 lianc
1113 1774 1280 1817 artem
1310 1762 1535 1830 mitigari
1568 1775 1726 1830 posse
1767 1762 1818 1815 in
1846 1760 1930 1814 ad-
1977 1783 2021 1842 Β
2047 1762 2111 1842 ad
2135 1762 2410 1816 meridiem
2440 1762 2610 1816 tribus
2634 1759 2789 1813 Juda.
2812 1758 2946 1827 Ziplt
2968 1768 3014 1811 et
3045 1758 3225 1815 Moon.
3248 1762 3386 1815 Loca
3418 1760 3628 1817 deserta

366 1849 661 1891 lllll'ali0lle.

442 1920 575 1959 xvu.
607 1904 797 1960 Socotlt
836 1914 883 1959 et
907 1903 1125 1957 Aseclia.
1158 1902 1271 1955 Duo
1308 1900 1439 1955 loca.
1476 1898 1539 1953 In
1573 1900 1759 1969 ﬁnibus
1787 1897 1946 1954 Dom-

368 1977 508 2029 inim.
558 1976 759 2030 Nomen
790 1976 1038 2028 civitatis.
1093 1972 1332 2043 Spurius.
1382 1971 1716 2043 immundus.
1752 1970 1943 2043 Cossis.

366 2047 495 2111 Qum
525 2055 605 2099 est
630 2048 799 2113 galea.
834 2042 1013 2096 Lorica
1034 2038 1337 2113 squamam.
1378 2040 1655 2113 Catcnata.
1686 2038 1751 2093 In
1790 2042 1947 2113 cruri-

368 2110 481 2169 bus.
527 2115 581 2168 In
612 2110 755 2167 tibiis
784 2128 990 2167 ocreas.
1022 2112 1335 2181 Phalangas.
1379 2110 1627 2179 Agmina,
1656 2112 1943 2165 exercitus.

367 2184 564 2237 Aiebat.
592 2186 823 2237 Dicebat.
856 2181 994 2250 Ephi
1015 2186 1252 2251 polentte.
1283 2181 1431 2234 lianc
1460 2184 1945 2251 mensuratntrium

368 2254 670 2319 modiorum
711 2252 893 2307 farinae
940 2250 1357 2306 delicatissimas.
1393 2250 1675 2319 Qulspiam.
1718 2250 1941 2319 Aliquis.

370 2317 617 2391 Nunquid
643 2340 742 2377 non
771 2324 1070 2391 verbumest
1093 2326 1117 2375 Ρ
1143 2320 1385 2389 Nunquid
1420 2336 1523 2373 non
1550 2318 1704 2386 jussit
1742 2317 1833 2373 nte
1859 2336 1948 2391 pa-

370 2403 453 2447 ter
501 2388 650 2447 ineus
698 2394 909 2446 venire?
960 2388 1387 2460 Limpidissimas.
1418 2391 1835 2460 sincerissimos.
1876 2388 1951 2460 De

368 2472 606 2515 torrente.
639 2462 925 2524 Torrentes
953 2458 1179 2515 dicimus
1225 2462 1367 2512 rivos
1396 2459 1485 2527 qui
1516 2458 1667 2526 aquis
1708 2459 1949 2512 hiemali-

370 2532 467 2601 bus
510 2532 854 2601 colliguntur,
888 2541 942 2585 et
974 2528 1305 2601 ναῖε-424
1355 2540 1593 2601 tempore
1627 2537 1947 2601 torrescunt.

370 2597 660 2654 Fundamf
692 2601 1060 2655 Fundibulam.
1111 2597 1359 2651 EcJeSia.
1404 2598 1696 2651 Advocatio
1749 2597 1946 2665 populi.

370 2670 445 2723 De
470 2688 569 2740 qua
607 2673 765 2737 stirpe
807 2671 1079 2723 descendit.
1116 2670 1218 2723 Pio
1256 2669 1470 2740 invidia,
1517 2666 1666 2734 quasi
1707 2670 1950 2724 nesciens

370 2738 731 2809 interrogavit,
759 2742 871 2794 sive
902 2744 956 2793 ut
987 2742 1277 2806 vestigaret
1315 2738 1600 2807 cogitatum
1630 2748 1949 2791 exterarum

369 2811 439 2863 de
468 2826 554 2863 eo.
585 2811 645 2864 Si
678 2812 810 2864 novi.
840 2812 951 2863 Non
983 2810 1127 2862 novi.

444 2894 588 2949 xvtu.
627 2877 794 2943 Usque
837 2882 902 2931 ad
944 2881 1191 2949 gladium,
1216 2889 1483 2949 etiarcum,
1518 2888 1562 2929 et
1590 2875 1830 2949 balteum.
1862 2875 1951 2930 Illa

370 2947 617 3002 similiter
663 2950 825 3003 dedit.
874 2947 955 3001 In
984 2951 1165 3003 sistris.
1222 2948 1283 3001 lli
1325 2962 1491 3015 genus
1542 2947 1756 2999 musica:
1797 2950 1948 3000 artis.

372 3016 779 3073 PcrcussitSaul
808 3020 967 3083 mille,
986 3027 1033 3070 et
1066 3017 1227 3069 David
1252 3020 1419 3070 dicem
1447 3016 1626 3068 millia.
1659 3017 1709 3067 in
1744 3015 1824 3068 bis
1857 3032 1952 3069 ttu-

373 3087 535 3140 meris
564 3089 676 3141 sola
709 3091 960 3155 perl'ectio
985 3088 1079 3139 luit
1108 3086 1445 3155 requirenda,
1471 3086 1609 3153 quod
1642 3085 1803 3137 David
1836 3102 1947 3137 ma-

370 3156 540 3223 jorem
572 3167 845 3210 exerceret
873 3156 1163 3211 victoriam.
1213 3156 1276 3209 Et
1324 3157 1653 3223 pl'Opllt’labal
1694 3156 1743 3206 in
1785 3158 1948 3208 medio

374 3226 555 3278 domus
576 3242 703 3279 suta.
730 3228 998 3280 Insaniens
1020 3227 1346 3294 loquebatur.
1376 3226 1635 3279 Secundo.
1664 3226 1948 3292 PrOSpere.

374 3295 441 3347 In
473 3297 665 3348 duabus
693 3296 839 3348 rebus
864 3313 1016 3365 gener
1045 3313 1200 3351 uicus.
1232 3296 1365 3363 Quia
1399 3296 1654 3364 majorem
1681 3296 1945 3361 promisit,

375 3375 429 3417 et
472 3368 733 3420 minorem
780 3368 941 3429 dedit,
988 3366 1099 3419 sive
1140 3372 1259 3434 quia
1312 3366 1517 3419 Goliam
1550 3367 1855 3427 occidisset,
1896 3375 1953 3419 et

374 3433 809 3488 Pliilistbinorum
842 3437 1042 3488 tulisset
1068 3433 1345 3504 praiputia.

450 3520 567 3558 xix.
624 3504 782 3557 Nisus
834 3522 970 3559 casso
997 3502 1215 3558 vulnere.
1253 3504 1522 3557 Declinato
1564 3503 1800 3557 vulnere.
1846 3502 1950 3558 Sa-

377 3576 578 3627 tellites.
610 3578 969 3643 Apparitorcs,
1007 3576 1243 3628 lictores.
1291 3573 1486 3627 Pellem
1526 3574 1741 3642 pilosam
1768 3590 1952 3643 capra-

374 3659 513 3697 rum.
559 3644 793 3713 Nigratu,
843 3646 965 3714 quia
1014 3645 1191 3710 capilli
1239 3646 1371 3714 nigri
1426 3646 1639 3698 luerunt
1681 3644 1857 3698 Davidi
1899 3653 1955 3699 et

380 3712 716 3780 pulcherrimi
746 3719 795 3767 in
831 3712 1009 3767 habitu
1042 3717 1300 3780 corporis.
1330 3712 1393 3767 In
1427 3714 1649 3767 Nabaiot
1682 3717 1731 3766 in
1758 3716 1950 3767 llunta-

380 3782 485 3834 tlta.
520 3784 573 3836 lu
597 3788 807 3838 excelso
839 3786 903 3835 Ιο‹
923 3798 954 3836 ο
984 3782 1119 3836 illius
1149 3786 1395 3837 civitatis.
1431 3786 1744 3850 Exspoliavit
1784 3802 1836 3838 se
1856 3801 1956 3838 ves-

378 3854 616 3924 stimeutis
663 3856 788 3905 suis.
835 3854 946 3906 lloc
979 3855 1096 3906 ideo
1126 3854 1267 3919 fecit,
1301 3853 1425 3924 quia
1454 3857 1504 3907 in
1533 3858 1734 3909 exstasi
1762 3857 1954 3911 mentis

381 3923 500 3975 luit.
534 3923 737 3974 Nudus.
766 3924 881 3975 Non
912 3924 1029 3990 quia
1061 3926 1279 3977 omnim
1310 3923 1481 3977 nudus
1507 3940 1667 3979 esset.

450 4006 539 4044 xx.
586 3994 735 4057 Quod
782 4004 888 4044 erat
933 3996 985 4044 tu
1028 3992 1214 4048 Roma.
1256 3996 1310 4047 lu
1342 3995 1558 4049 excelso
1587 3996 1704 4050 loco
1734 3998 1853 4048 sita.
1888 3994 1956 4049 Et

378 4062 565 4130 iuravit
596 4077 795 4113 rursum
838 4062 1023 4117 David.
1049 4063 1271 4117 Jonatita
1298 4067 1511 4131 iuravit,
1540 4077 1593 4117 ut
1624 4082 1728 4119 non
1757 4069 1956 4120 celaret

381 4131 566 4205 sibiea
596 4146 712 4199 qua:
739 4132 949 4205 audutret
976 4148 1003 4184 a
1030 4135 1209 4205 saule.
1234 4132 1503 4205 Perendie.
1534 4134 1735 4190 Tertia.
1763 4134 1826 4187 In
1854 4153 1955 4205 quo

383 4200 523 4274 licuit
553 4216 773 4274 operari.
796 4202 888 4274 “Et
935 4204 1202 4274 requirere
1236 4204 1511 4257 Doininum
1543 4222 1556 4257 :
1589 4206 1691 4259 hoc
1728 4200 1957 4274 scriptor

385 4270 625 4344 inseruit.
672 4269 1198 4344 Vindicamu’Sessio
1235 4283 1341 4326 tua.
1372 4275 1447 4327 'l‘u
1481 4278 1568 4344 qui
1600 4269 1955 4330 reddere—de-

379 4337 575 4405 buisti,
623 4355 932 4410 requirens.
974 4340 1149 4395 lelel.
1185 4345 1463 4413 l'toprium
1499 4337 1700 4399 nomen
1742 4346 1953 4414 lapidis.

2048 1832 2279 1885 luerunt.

2120 1918 2263 2026 Ἤν.
2291 1900 2552 1983 ιςιιςαάὀί.
2585 1898 2758 1954 Locus
2779 1898 2977 1954 deserti
3000 1908 3081 1954 est
3111 1913 3275 1969 prope
3301 1900 3471 1969 ripam
3501 1914 3628 1955 ma-

2120 2004 2124 2022 »
2209 1983 2366 2026 Ol‘ilﬂ.

2049 1973 2124 2026 ris
2155 1973 2366 2026 Morlui.

2124 2058 2244 2096 xxv.
2276 2041 2512 2095 Mortuus
2541 2050 2611 2093 est
2637 2037 2873 2095 Samuel.
2905 2037 3015 2091 iloc
3044 2038 3246 2094 addidit
3276 2039 3468 2095 David.
3502 2040 3631 2095 Sola

2050 2115 2288 2179 polentte.
2334 2114 2679 2180 Sata.rgenus
2736 2106 3080 2180 [mensurae];
3135 2110 3393 2180 polenta,_
3433 2112 3623 2165 l'ariua.

2054 2178 2176 2236 Uva
2200 2196 2431 2250 passa...
2464 2178 2782 2235 Ctiricarum.
2816 2178 3066 2250 Fructum
3115 2179 3330 2250 licuum.
3366 2178 3432 2233 In
3481 2181 3629 2250 fasci.

2049 2253 2163 2303 culo
2195 2248 2483 2304 uisentium.
2510 2252 2563 2303 ln
2592 2248 3003 2317 congregatione
3035 2249 3345 2301 viventium.

2122 2337 2262 2374 xxvi.
2295 2322 2548 2373 (Moretur
2572 2320 2901 2381 sacrificium.
2922 2318 3002 2372 Sit
3025 2328 3255 2387 gratuiti,
3281 2318 3435 2387 quasi
3465 2320 3633 2376 sacri~

2052 2391 2250 2444 iiciutn.

2121 2494 2284 2532 xxvtt.
2319 2476 2391 2547 Ili
2416 2477 2533 2547 pagi
2549 2476 2907 2547 habitabantur
2946 2477 2997 2528 in
3029 2487 3167 2529 terra
3210 2477 3507 2546 antiquitus.
3539 2476 3635 2531 Es-

2051 2547 2176 2601 dras
2210 2551 2309 2602 hoc
2335 2546 2495 2604 dixit.
2521 2562 2583 2599 ac
2611 2546 2654 2600 si
2684 2547 2906 2610 diceret,
2934 2562 3040 2600 non
3068 2562 3230 2610 nunc,
3263 2550 3354 2602 sed
3387 2548 3633 2613 aliquau-

2052 2621 2119 2669 do
2152 2618 2203 2671 in
2232 2618 2437 2670 diebus.
2476 2615 2730 2669 Euntibus
2757 2616 2862 2687 Sur
2885 2632 3042 2686 usque
3070 2618 3138 2669 ad
3176 2628 3364 2687 terram
3389 2616 3631 2687 .Egypti.

2053 2687 2340 2754 Pergentes
2385 2702 2477 2751 per
2523 2700 2686 2754 pagos
2724 2686 2845 2739 illos
2895 2688 2994 2739 iter
3053 2688 3299 2755 agebant.
3327 2686 3552 2740 Jeraincl
3581 2698 3634 2742 et

2054 2757 2195 2810 (Seni.
2232 2762 2287 2810 In
2320 2757 2458 2810 tribu
2487 2756 2651 2820 Juda;
2682 2756 2802 2809 ideo
2834 2756 2949 2809 sine
2972 2757 3253 2811 mendacio
3282 2756 3419 2811 dixit
3448 2767 3629 2810 contra

2054 2825 2322 2881 Msridiem
2345 2842 2540 2889 eorum,
2578 2826 2645 2879 ita
2680 2835 2734 2878 ut
2757 2840 2862 2879 non
2895 2834 3108 2896 putaret
3160 2842 3250 2882 rex
3310 2828 3451 2896 quod
3482 2830 3627 2897 genti

2053 2913 2162 2949 sua:
2187 2899 2419 2965 propria:
2451 2907 2689 2951 noceret.

2128 3003 2315 3041 xxvttl.
2352 2986 2564 3040 Samuel
2611 2998 2778 3041 autem
2820 2997 3069 3042 mortuus.
3117 2988 3210 3042 llic
3268 2989 3637 3058 recapitulatio

2056 3068 2157 3113 est.
2189 3058 2370 3127 Magos
2394 3070 2438 3111 et
2470 3058 2724 3111 (ιι-ἔσιθι...
2764 3058 3041 3112 [labentem
3096 3061 3387 3129 pytltonem.
3424 3060 3638 3115 Divina—
3722 3110 3727 3115 .

1982 3123 2026 3183 C
2061 3123 2299 3201 tionemf
2333 3130 2530 3198 pytltou
2584 3129 2859 3201 dicebatur
2912 3130 2999 3201 ille
3042 3123 3264 3199 serpens
3289 3146 3445 3201 quem
3493 3129 3634 3185 Juno

2053 3199 2269 3251 immisit
2327 3204 2391 3250 ad
2448 3198 2869 3266 persequendam
2928 3200 3208 3264 Latonam,
3259 3198 3472 3269 quando
3503 3217 3638 3268 pra:-

2050 3286 2216 3337 guans
2243 3269 2355 3329 iuit,
2388 3269 2518 3322 etin
2581 3270 2708 3320 Delo
2751 3271 2921 3322 insula
2978 3272 3278 3337 Apollinem
3310 3280 3364 3323 et
3415 3271 3635 3337 Dianam

2051 3332 2250 3410 genuit,
2282 3350 2331 3391 et
2353 3345 2529 3410 postea
2560 3338 2759 3389 Latona
2788 3332 3040 3404 pLPCGDii
3065 3339 3292 3405 Apollini
3322 3350 3376 3391 ut
3396 3332 3497 3410 [se]
3521 3342 3638 3394 vin-

2052 3409 2253 3461 dicaret
2283 3409 2332 3459 in
2390 3408 2641 3474 pytlmne,
2674 3410 2761 3473 qui
2814 3409 3250 3476 persequel-ator,
3276 3417 3328 3460 et
3359 3408 3427 3462 ita
3459 3412 3638 3464 evenit

2056 3490 2111 3530 ut
2140 3494 2251 3545 ipse
2283 3477 2608 3531 interfecerit
2641 3482 2930 3545 pyttiouem
2954 3480 3005 3531 in
3034 3480 3169 3547 jugis
3205 3479 3428 3541 Perine;
3462 3490 3515 3532 et
3540 3495 3633 3533 ex-

2053 3550 2276 3601 coriavit
2306 3562 2448 3606 eum,
2481 3558 2531 3600 et
2584 3548 2865 3600 aetliliravit
2899 3551 3147 3616 templum
3181 3550 3231 3601 iu
3265 3549 3390 3601 Delo
3437 3550 3631 3615 insula,

2056 3620 2140 3671 ubi
2175 3623 2284 3682 ipse
2313 3618 2539 3671 nutritus
2589 3628 2697 3681 est;
2726 3618 2863 3670 unde
2893 3630 2945 3671 et
2976 3620 3166 3688 Apollo
3210 3621 3385 3673 ltelius
3435 3618 3635 3685 dictus,

2053 3702 2103 3742 et
2138 3690 2338 3742 corium
2367 3687 2631 3755 serpentis
2660 3690 2836 3754 posuit
2877 3690 2927 3741 in
2960 3687 3181 3755 templo,
3214 3706 3329 3756 qua:
3362 3689 3637 3743 dicebatur

2053 3761 2279 3812 cortina.
2308 3758 2457 3812 Unde
2486 3767 2538 3810 et
2565 3773 2645 3810 co:
2664 3758 2785 3812 tina:
2816 3760 3272 3813 tabernaculorum
3305 3758 3460 3812 dicta:
3485 3772 3631 3820 sunt.

2053 3837 2105 3882 et
2136 3829 2208 3882 ibi
2241 3844 2453 3897 semper
2475 3842 2726 3894 responsa
2758 3837 2864 3880 tam
2890 3830 3001 3896 ipse
3025 3843 3180 3897 quam
3214 3832 3518 3882 :arertlotes
3548 3830 3632 3884 sui

2053 3899 2239 3952 audire
2271 3896 2470 3968 [Forte,
2502 3898 2685 3966 edere]
2738 3896 3099 3962 consaerunt;
3137 3910 3189 3951 et
3245 3900 3550 3952 divinabaut
3582 3902 3636 3953 its

2053 3970 2204 4023 corio
2235 3968 2501 4039 pythoitis.
2535 3968 2680 4023 Unde
2707 3977 2761 4023 et
2817 3970 3077 4038 pytboues
3122 3968 3249 4022 dicti
3278 3980 3403 4023 sunt
3425 3970 3513 4038 qui
3538 3970 3627 4024 di-

2054 4040 2258 4092 vinaut.

2126 4145 2271 4183 xxix.
2301 4128 2367 4182 Et
2395 4139 2467 4182 est
2485 4129 2627 4199 apud
2656 4145 2735 4182 me
2765 4131 2938 4201 multis
2984 4130 3183 4195 diebus,
3210 4132 3286 4184 uel
3336 4133 3505 4201 annis.
3530 4133 3637 4188 Pro

2056 4201 2223 4253 multo
2252 4208 2491 4267 tempore
2522 4206 2621 4254 ltoc
2650 4202 2800 4253 dixit.
2843 4199 2907 4253 In
2938 4202 3161 4254 millibus
3176 4203 3301 4255 suis.
3334 4204 3387 4255 Ιιι
3420 4199 3633 4257 exerci-

2058 4270 2198 4323 tibus
2225 4270 2357 4343 _suis.
2384 4268 2465 4343 In
2491 4271 2663 4323 decem
2721 4270 2946 4324 millibus
2989 4273 3116 4325 suis.
3164 4274 3323 4339 Quasi
3375 4276 3634 4343 majorem

2056 4338 2353 4395 exercitum
2386 4341 2624 4396 haberet.

453 4504 559 4543 xvi.
608 4489 663 4545 in
712 4490 875 4568 malus
917 4500 1042 4568 erat.
1081 4491 1373 4568 Qbscurum
1417 4506 1495 4568 est
1551 4496 1769 4550 vetbutn
1818 4505 1950 4549 erat.
1989 4502 2037 4561 ι)
2070 4496 2341 4568 Ilamatlta.
2388 4496 2512 4551 Post
2552 4474 2753 4551 lictores
2786 4499 2835 4552 in
2870 4500 2965 4553 Ms.
2996 4508 3074 4555 est
3106 4498 3371 4568 quoddam
3416 4498 3639 4553 verbum

379 4557 697 4629 Corruptum
723 4564 880 4635 etiam
911 4569 993 4613 est
1022 4563 1197 4635 iuMs.
1226 4580 1317 4629 pro
1339 4565 1689 4633 omnipotentis
1719 4570 1957 4635 pietatis;

382 4640 436 4682 et
456 4645 577 4704 mox
598 4632 829 4704 naturale
851 4641 923 4683 est
946 4631 1122 4683 mentis
1144 4632 1254 4698 ipsa
1276 4631 1516 4686 mentium
1538 4631 1768 4704 mitigare
1789 4655 1953 4703 posse,

386 4714 490 4754 etc.
539 4698 895 4770 Conjiciebam
933 4712 1005 4755 est
1050 4715 1236 4779 mentes
1276 4706 1413 4779 ipsas
1454 4698 1696 4759 musicum
1724 4698 1956 4779 mitigare

386 4785 550 4836 posse,
584 4780 661 4823 vel
691 4784 885 4822 mutare
915 4787 1060 4838 pone
1086 4774 1135 4822 in
1163 4774 1573 4828 admirationem.

453 4854 580 4892 xvn.
614 4842 667 4893 In
698 4839 914 4908 Vulgata
960 4842 1131 4896 Soclto
1158 4850 1206 4893 ct
1238 4844 1420 4895 Aseca.
1452 4843 1803 4911 Depravatum
1834 4858 1948 4902 erat

384 4907 630 4981 Superius
661 4907 951 4974 immundis,
986 4926 1079 4977 pro
1106 4928 1208 4980 quo
1236 4914 1422 4981 scripsi
1454 4907 1697 4981 Spurius,
1732 4919 1950 4971 immun—

381 4980 499 5042 dus,
532 4987 601 5030 utt
646 4994 767 5032 mox
806 4992 1072 5045 squamam
1103 4998 1194 5049 pro
1222 4980 1413 5047 amata,
1447 4980 1528 5038 vel
1570 4984 1812 5049 hamata;
1843 4991 1951 5039 aie-

382 5049 493 5125 bat,
536 5049 757 5125 dicebat,
808 5065 903 5118 pro
948 5052 1185 5125 agebant,
1227 5054 1499 5117 dicebant;
1539 5068 1591 5109 et
1638 5056 1819 5125 farinte
1857 5073 1951 5125 pro

381 5118 573 5195 farina.
625 5118 843 5195 Vulgata
895 5118 1540 5195 exlitbetglimpidissimos
1596 5118 1810 5195 lapides.
1857 5118 1949 5180 Ἐκ

379 5186 681 5265 conjectura
716 5189 919 5243 restitui
948 5193 1170 5265 cluseris
1207 5186 1427 5262 tempore
1456 5186 1764 5257 torresc'uot,
1789 5213 1883 5265 pro
1911 5208 1957 5251 ct

380 5263 528 5331 certis
555 5268 940 5331 temporescunt.
975 5258 1101 5313 Vide
1134 5258 1387 5328 Etyutol.,
1422 5264 1457 5317 l.
1484 5281 1599 5329 χιιι,
1622 5283 1671 5319 c.
1696 5258 1866 5331 2i,'n.
1899 5268 1951 5321 2.

381 5327 672 5380 Obscurum
702 5341 782 5381 eSt
811 5330 1087 5397 cegitalum
1117 5327 1431 5385 ett-terarum.

458 5410 605 5448 xvtn.
636 5397 961 5474 interpretes
978 5401 1199 5474 secundo
1220 5402 1483 5470 accipiunt
1514 5419 1608 5474 pro
1631 5404 1707 5461 bis
1732 5408 1954 5471 iterum;

378 5472 435 5517 et
460 5478 571 5517 rem
599 5466 689 5542 alii
706 5470 1000 5542 alioAmodo
1026 5472 1310 5537 explicant.

452 5548 562 5587 xix.
606 5533 769 5610 Diblia
811 5537 1032 5593 Gothica
1068 5533 1229 5593 (tanta
1261 5558 1355 5609 pro
1382 5544 1653 5610 Romatlia,
1689 5546 1759 5599 uti
1794 5548 1953 5601 etiam

381 5616 433 5685 ς.
461 5617 571 5685 seq.
609 5603 662 5656 ιιι
694 5606 866 5674 glossa
900 5624 994 5674 pro
1020 5612 1207 5685 pellent
1251 5603 1488 5679 pilosam,
1543 5603 1672 5681 etc.',
1714 5620 1956 5685 qtizedatn

379 5677 554 5754 verba:
581 5686 833 5754 corrupta
882 5680 1357 5754 suti_t,_ut_nigrum
1398 5677 1492 5748 pro
1538 5677 1759 5754 nigram,
1785 5685 1959 5741 Judtri

383 5755 480 5809 pro
508 5742 712 5813 Doridi,
748 5742 802 5801 ut
850 5748 1099 5817 conjicio.
1139 5742 1357 5820 Vulgata
1397 5742 1526 5824 legit
1572 5742 1623 5810 iit
1671 5742 1867 5812 Naiotlt
1907 5759 1961 5812 in

2061 4567 2369 4637 obscurum,
2398 4582 2447 4623 et
2480 4569 2624 4622 illico
2645 4581 2691 4620 et
2721 4572 2961 4637 ligatores
2992 4567 3257 4635 pertinent.

2131 4652 2220 4690 xx.
2258 4636 2496 4705 Vulgata,
2524 4653 2638 4706 qua:
2666 4650 2737 4691 est
2766 4636 2835 4691 fin
2865 4640 3139 4693 (latitat/ta.
3190 4637 3437 4703 ltnplexaé
3465 4647 3517 4691 et
3544 4640 3641 4692 οι».

2061 4722 2232 4786 scura:
2260 4718 2391 4786 sunt
2408 4710 2598 4786 glossa:
2625 4710 2879 4777 perendie,
2908 4718 3012 4762 etc.
3052 4708 3105 4763 lu
3143 4708 3359 4778 Vulgata
3389 4708 3642 4763 scribitur
3668 4765 3673 4786 ι

2058 4776 2186 4830 Esel
2226 4793 2320 4845 pro
2349 4777 2531 4831 Zoltel.
2630 4776 2634 4777 ν
3249 4776 3267 4778 _
3668 4776 3673 4798 ⁵

2128 4863 2240 4902 xxt.
2290 4848 2629 4902 Desideratur
2667 4848 2718 4900 in
2772 4846 2986 4918 Vulgata
3038 4864 3138 4904 vox
3179 4848 3493 4915 cpilcnticos,
3521 4865 3641 4918 quas

2057 4923 2321 4984 reperitur
2346 4918 2504 4972 etiam
2539 4919 2589 4970 in
2620 4919 2811 4984 glbssis
2848 4918 3062 4973 lloberti
3093 4925 3161 4974 de
3201 4921 3460 4972 Sorbona.
3509 4921 3644 4973 Fore

2057 4996 2198 5040 tasse
2228 4989 2454 5055 pertinet
2496 4989 2561 5040 ad
2598 5002 2734 5041 vers.
2766 4986 2840 5041 5:
2873 4991 2951 5041 An
2995 4992 3175 5043 desunt
3228 4990 3371 5042 nobis
3408 4990 3642 5058 furiosi?

2059 5058 2365 5179 [degeéidum
2393 5072 2519 5112 vero
2548 5058 2876 5127 epilcpt‘icos;
2910 5075 3029 5113 naut
3061 5061 3372 5129 epilepsiam
3409 5061 3642 5130 tingebat

2103 5143 2183 5179 avt
2229 5166 2244 5179 .

2103 5143 2244 5180 avra.

2127 5212 2260 5270 xxii.
2294 5196 2532 5266 Vulgata,
2556 5198 2610 5251 in
2634 5199 2889 5269 angustia.
2920 5199 3043 5253 Post
3064 5199 3292 5270 glossam
3317 5200 3458 5254 Num
3488 5201 3642 5253 hodie

2053 5268 2204 5333 crepi,
2233 5276 2361 5332 ete.,
2394 5278 2642 5335 quatuor,
2672 5271 2757 5322 vel
2790 5271 3021 5338 quinque
3052 5268 3201 5325 linea:
3233 5272 3304 5323 ita
3350 5272 3463 5325 lere
3506 5285 3639 5325 cva-

2055 5348 2301 5399 nuerunt,
2333 5348 2386 5389 ut
2413 5350 2693 5391 contextus
2727 5340 2825 5406 legi
2858 5350 3107 5407 nequeat.

2124 5421 2246 5459 xxv.
2274 5407 2521 5474 Supplcvi
2561 5424 2807 5462 mensura:
2828 5422 2947 5479 post
2993 5425 3182 5480 genus.
3233 5409 3506 5464 Praeteritis
3555 5420 3643 5465 est

2055 5475 2230 5545 glossa
2262 5491 2355 5545 pro
2387 5493 2494 5530 uete
2520 5495 2705 5546 posste.

2132 5561 2295 5599 xxvu.
2332 5546 2578 5601 Fortasse
2626 5550 2929 5603 addendum
2976 5551 3027 5604 in
3078 5551 3252 5605 diebus
3308 5553 3641 5619 antiquian

2063 5616 2159 5670 Ms.
2184 5629 2296 5669 erat
2324 5632 2421 5689 que
2444 5619 2605 5689 gentis
2640 5636 2732 5686 pro
2762 5625 2894 5687 quod
2923 5622 3080 5687 genti.

2131 5701 2317 5741 xxvtu.
2344 5687 2502 5765 Forte
2530 5690 2636 5743 hac
2658 5692 3015 5759 recapitulatia
3036 5703 3129 5747 est.
3160 5692 3319 5747 Dccst
3341 5694 3514 5764 glossa
3546 5709 3641 5765 pro

2064 5772 2238 5828 magas
2260 5765 2309 5821 et
2335 5758 2554 5814 ariolus.
