  <div class='ocr_page' id='page_1' title='image "/cluster/home/n/w/nwhite01/storage/ocr_20150623/83/hvd.32044054758875/666.png"; bbox 0 0 4180 6178; ppageno 0'>
   <div class='ocr_carea' id='block_1_1' title="bbox 412 283 539 339">
    <p class='ocr_par' dir='ltr' id='par_1_1' title="bbox 412 283 539 339">
     <span class='ocr_line' id='line_1_1' title="bbox 412 283 539 339; baseline -0.024 0"><span class='ocrx_word' id='word_1_1' title='bbox 412 283 539 339; x_wconf 73' lang='grc'><strong>1521</strong></span> 
     </span>
    </p>
   </div>
   <div class='ocr_carea' id='block_1_2' title="bbox 1202 276 2906 336">
    <p class='ocr_par' dir='ltr' id='par_1_2' title="bbox 1202 276 2906 336">
     <span class='ocr_line' id='line_1_2' title="bbox 1202 276 2906 336; baseline 0.001 -4"><span class='ocrx_word' id='word_1_2' title='bbox 1202 276 1490 334; x_wconf 77' lang='lat' dir='ltr'><strong>APPEND.</strong></span> <span class='ocrx_word' id='word_1_3' title='bbox 1533 277 1719 334; x_wconf 81' lang='lat' dir='ltr'><strong>XXIII.</strong></span> <span class='ocrx_word' id='word_1_4' title='bbox 1757 307 1828 320; x_wconf 90' lang='lat'><strong>—</strong></span> <span class='ocrx_word' id='word_1_5' title='bbox 1869 277 1956 333; x_wconf 79' lang='lat' dir='ltr'><strong>DE</strong></span> <span class='ocrx_word' id='word_1_6' title='bbox 1993 277 2474 335; x_wconf 74' lang='lat' dir='ltr'><strong>PIIOPIIIETATE</strong></span> <span class='ocrx_word' id='word_1_7' title='bbox 2512 277 2906 336; x_wconf 72' lang='lat' dir='ltr'><strong>SEMIONUM.</strong></span> 
     </span>
    </p>
   </div>
   <div class='ocr_carea' id='block_1_3' title="bbox 3525 281 3659 337">
    <p class='ocr_par' dir='ltr' id='par_1_3' title="bbox 3525 281 3659 337">
     <span class='ocr_line' id='line_1_3' title="bbox 3525 281 3659 337; baseline 0.007 -1"><span class='ocrx_word' id='word_1_8' title='bbox 3525 281 3659 337; x_wconf 68' lang='lat'><strong>1&#39;52!</strong></span> 
     </span>
    </p>
   </div>
   <div class='ocr_carea' id='block_1_4' title="bbox 404 391 3653 465">
    <p class='ocr_par' dir='ltr' id='par_1_4' title="bbox 404 391 3653 465">
     <span class='ocr_line' id='line_1_4' title="bbox 404 391 3653 465; baseline -0 -14"><span class='ocrx_word' id='word_1_9' title='bbox 404 400 654 457; x_wconf 78' lang='lat' dir='ltr'><strong>interest,</strong></span> <span class='ocrx_word' id='word_1_10' title='bbox 688 393 826 462; x_wconf 87' lang='lat' dir='ltr'><strong>quod</strong></span> <span class='ocrx_word' id='word_1_11' title='bbox 860 392 1029 446; x_wconf 91' lang='lat' dir='ltr'><strong>famur</strong></span> <span class='ocrx_word' id='word_1_12' title='bbox 1055 392 1401 465; x_wconf 77' lang='lat' dir='ltr'><strong>cumuliquid</strong></span> <span class='ocrx_word' id='word_1_13' title='bbox 1437 394 1664 465; x_wconf 81' lang='lat' dir='ltr'><strong>dicimus</strong></span> <span class='ocrx_word' id='word_1_14' title='bbox 1707 392 1978 465; x_wconf 79' lang='lat' dir='ltr'><strong>facunde;</strong></span> <span class='ocrx_word' id='word_1_15' title='bbox 2013 395 2058 449; x_wconf 79' lang='grc' dir='ltr'>Α</span> <span class='ocrx_word' id='word_1_16' title='bbox 2154 393 2320 464; x_wconf 69' lang='grc'><strong>429</strong></span> <span class='ocrx_word' id='word_1_17' title='bbox 2356 391 2446 465; x_wconf 70' lang='lat'><strong>45.</strong></span> <span class='ocrx_word' id='word_1_18' title='bbox 2480 391 2622 445; x_wconf 89' lang='lat' dir='ltr'><strong>Inter</strong></span> <span class='ocrx_word' id='word_1_19' title='bbox 2643 408 2789 446; x_wconf 86' lang='lat' dir='ltr'><strong>orare</strong></span> <span class='ocrx_word' id='word_1_20' title='bbox 2817 401 2868 465; x_wconf 85' lang='lat' dir='ltr'><strong>et</strong></span> <span class='ocrx_word' id='word_1_21' title='bbox 2894 391 3217 465; x_wconf 73' lang='lat' dir='ltr'><strong>precar.’_l_ioc</strong></span> <span class='ocrx_word' id='word_1_22' title='bbox 3245 391 3484 459; x_wconf 74' lang='lat' dir='ltr'><strong>interest,</strong></span> <span class='ocrx_word' id='word_1_23' title='bbox 3511 404 3653 465; x_wconf 70' lang='lat' dir='ltr'><strong>quod</strong></span> 
     </span>
    </p>
   </div>
   <div class='ocr_carea' id='block_1_5' title="bbox 402 462 1980 533">
    <p class='ocr_par' dir='ltr' id='par_1_5' title="bbox 402 462 1980 533">
     <span class='ocr_line' id='line_1_5' title="bbox 402 462 1980 533; baseline -0.004 -12"><span class='ocrx_word' id='word_1_24' title='bbox 402 468 669 533; x_wconf 83' lang='lat' dir='ltr'><strong>loquimur</strong></span> <span class='ocrx_word' id='word_1_25' title='bbox 701 473 884 517; x_wconf 77' lang='lat' dir='ltr'><strong>natura</strong></span> <span class='ocrx_word' id='word_1_26' title='bbox 911 478 924 526; x_wconf 92' lang='lat'><strong>;</strong></span> <span class='ocrx_word' id='word_1_27' title='bbox 961 462 1384 533; x_wconf 83' lang='lat' dir='ltr'><strong>sermocinamur</strong></span> <span class='ocrx_word' id='word_1_28' title='bbox 1413 464 1626 530; x_wconf 82' lang='lat' dir='ltr'><strong>quando</strong></span> <span class='ocrx_word' id='word_1_29' title='bbox 1654 473 1842 517; x_wconf 88' lang='lat' dir='ltr'><strong>contra</strong></span> <span class='ocrx_word' id='word_1_30' title='bbox 1881 463 1980 516; x_wconf 87' lang='lat' dir='ltr'><strong>ali-</strong></span> 
     </span>
    </p>
   </div>
   <div class='ocr_carea' id='block_1_6' title="bbox 403 532 1796 606">
    <p class='ocr_par' dir='ltr' id='par_1_6' title="bbox 403 532 1796 606">
     <span class='ocr_line' id='line_1_6' title="bbox 403 532 1796 606; baseline -0.001 -19"><span class='ocrx_word' id='word_1_31' title='bbox 403 532 559 606; x_wconf 82' lang='lat' dir='ltr'><strong>quem</strong></span> <span class='ocrx_word' id='word_1_32' title='bbox 592 549 840 606; x_wconf 77' lang='lat' dir='ltr'><strong>sermone</strong></span> <span class='ocrx_word' id='word_1_33' title='bbox 865 532 1236 586; x_wconf 77' lang='lat' dir='ltr'><strong>contendimus</strong></span> <span class='ocrx_word' id='word_1_34' title='bbox 1264 547 1278 594; x_wconf 90' lang='lat'><strong>;</strong></span> <span class='ocrx_word' id='word_1_35' title='bbox 1307 547 1585 606; x_wconf 81' lang='lat' dir='ltr'><strong>narramus</strong></span> <span class='ocrx_word' id='word_1_36' title='bbox 1617 535 1796 606; x_wconf 80' lang='lat' dir='ltr'><strong>docte.</strong></span> 
     </span>
    </p>
   </div>
   <div class='ocr_carea' id='block_1_7' title="bbox 469 603 1975 672">
    <p class='ocr_par' dir='ltr' id='par_1_7' title="bbox 469 603 1975 672">
     <span class='ocr_line' id='line_1_7' title="bbox 469 603 1975 672; baseline -0.003 -13"><span class='ocrx_word' id='word_1_37' title='bbox 469 607 561 659; x_wconf 71' lang='lat'><strong>28.</strong></span> <span class='ocrx_word' id='word_1_38' title='bbox 605 605 746 659; x_wconf 79' lang='lat' dir='ltr'><strong>Inter</strong></span> <span class='ocrx_word' id='word_1_39' title='bbox 774 613 971 665; x_wconf 88' lang='lat' dir='ltr'><strong>tenere,</strong></span> <span class='ocrx_word' id='word_1_40' title='bbox 1000 618 1200 655; x_wconf 89' lang='lat' dir='ltr'><strong>sumere</strong></span> <span class='ocrx_word' id='word_1_41' title='bbox 1228 609 1284 655; x_wconf 89' lang='lat' dir='ltr'><strong>et</strong></span> <span class='ocrx_word' id='word_1_42' title='bbox 1311 603 1540 672; x_wconf 85' lang='lat' dir='ltr'><strong>accipere</strong></span> <span class='ocrx_word' id='word_1_43' title='bbox 1574 605 1673 656; x_wconf 86' lang='lat' dir='ltr'><strong>hoc</strong></span> <span class='ocrx_word' id='word_1_44' title='bbox 1720 603 1975 672; x_wconf 82' lang='lat' dir='ltr'><strong>interest,</strong></span> 
     </span>
    </p>
   </div>
   <div class='ocr_carea' id='block_1_8' title="bbox 402 671 1981 744">
    <p class='ocr_par' dir='ltr' id='par_1_8' title="bbox 402 671 1981 744">
     <span class='ocr_line' id='line_1_8' title="bbox 402 671 1981 744; baseline -0.003 -15"><span class='ocrx_word' id='word_1_45' title='bbox 402 677 540 744; x_wconf 87' lang='lat' dir='ltr'><strong>quod</strong></span> <span class='ocrx_word' id='word_1_46' title='bbox 576 687 818 729; x_wconf 81' lang='lat' dir='ltr'><strong>tenemus</strong></span> <span class='ocrx_word' id='word_1_47' title='bbox 849 687 967 740; x_wconf 68' lang='lat' dir='ltr'><strong>quae</strong></span> <span class='ocrx_word' id='word_1_48' title='bbox 997 673 1199 744; x_wconf 77' lang='lat' dir='ltr'><strong>suntin</strong></span> <span class='ocrx_word' id='word_1_49' title='bbox 1242 671 1430 726; x_wconf 88' lang='lat' dir='ltr'><strong>nostra</strong></span> <span class='ocrx_word' id='word_1_50' title='bbox 1468 681 1769 742; x_wconf 89' lang='lat' dir='ltr'><strong>potestate;</strong></span> <span class='ocrx_word' id='word_1_51' title='bbox 1817 671 1981 727; x_wconf 91' lang='lat' dir='ltr'><strong>sumi-</strong></span> 
     </span>
    </p>
   </div>
   <div class='ocr_carea' id='block_1_9' title="bbox 404 742 1263 815">
    <p class='ocr_par' dir='ltr' id='par_1_9' title="bbox 404 742 1263 815">
     <span class='ocr_line' id='line_1_9' title="bbox 404 742 1263 815; baseline -0.009 -13"><span class='ocrx_word' id='word_1_52' title='bbox 404 742 523 802; x_wconf 79' lang='lat' dir='ltr'><strong>mus</strong></span> <span class='ocrx_word' id='word_1_53' title='bbox 551 747 720 815; x_wconf 87' lang='lat' dir='ltr'><strong>posita</strong></span> <span class='ocrx_word' id='word_1_54' title='bbox 747 761 761 808; x_wconf 89' lang='lat'><strong>;</strong></span> <span class='ocrx_word' id='word_1_55' title='bbox 796 745 1088 815; x_wconf 77' lang='lat' dir='ltr'><strong>accipimus</strong></span> <span class='ocrx_word' id='word_1_56' title='bbox 1117 742 1263 815; x_wconf 71' lang='lat' dir='ltr'><strong>data.</strong></span> 
     </span>
    </p>
   </div>
   <div class='ocr_carea' id='block_1_10' title="bbox 473 811 1982 882">
    <p class='ocr_par' dir='ltr' id='par_1_10' title="bbox 473 811 1982 882">
     <span class='ocr_line' id='line_1_10' title="bbox 473 811 1982 882; baseline -0.003 -13"><span class='ocrx_word' id='word_1_57' title='bbox 473 811 567 869; x_wconf 54' lang='lat'><strong>29:</strong></span> <span class='ocrx_word' id='word_1_58' title='bbox 609 815 750 868; x_wconf 91' lang='lat' dir='ltr'><strong>Inter</strong></span> <span class='ocrx_word' id='word_1_59' title='bbox 775 814 1019 882; x_wconf 77' lang='lat' dir='ltr'><strong>aspicere,</strong></span> <span class='ocrx_word' id='word_1_60' title='bbox 1052 811 1337 879; x_wconf 72' lang='lat' dir='ltr'><strong>suspicere,</strong></span> <span class='ocrx_word' id='word_1_61' title='bbox 1371 811 1638 882; x_wconf 72' lang='lat' dir='ltr'><strong>inspicere,</strong></span> <span class='ocrx_word' id='word_1_62' title='bbox 1673 813 1982 882; x_wconf 80' lang='lat' dir='ltr'><strong>prospicere,</strong></span> 
     </span>
    </p>
   </div>
   <div class='ocr_carea' id='block_1_11' title="bbox 407 882 1985 956">
    <p class='ocr_par' dir='ltr' id='par_1_11' title="bbox 407 882 1985 956">
     <span class='ocr_line' id='line_1_11' title="bbox 407 882 1985 956; baseline -0.002 -17"><span class='ocrx_word' id='word_1_63' title='bbox 407 887 684 956; x_wconf 73' lang='lat' dir='ltr'><strong>despicere,</strong></span> <span class='ocrx_word' id='word_1_64' title='bbox 709 885 932 956; x_wconf 87' lang='lat' dir='ltr'><strong>intueri,</strong></span> <span class='ocrx_word' id='word_1_65' title='bbox 962 882 1162 956; x_wconf 77' lang='lat' dir='ltr'><strong>videre,</strong></span> <span class='ocrx_word' id='word_1_66' title='bbox 1192 892 1422 946; x_wconf 86' lang='lat' dir='ltr'><strong>spectare</strong></span> <span class='ocrx_word' id='word_1_67' title='bbox 1452 894 1503 935; x_wconf 88' lang='lat' dir='ltr'><strong>et</strong></span> <span class='ocrx_word' id='word_1_68' title='bbox 1526 885 1684 956; x_wconf 73' lang='lat' dir='ltr'><strong>visere</strong></span> <span class='ocrx_word' id='word_1_69' title='bbox 1715 884 1816 956; x_wconf 81' lang='lat' dir='ltr'><strong>hoc</strong></span> <span class='ocrx_word' id='word_1_70' title='bbox 1846 883 1985 936; x_wconf 89' lang='lat' dir='ltr'><strong>inte-</strong></span> 
     </span>
    </p>
   </div>
   <div class='ocr_carea' id='block_1_12' title="bbox 409 952 1988 1025">
    <p class='ocr_par' dir='ltr' id='par_1_12' title="bbox 409 952 1988 1025">
     <span class='ocr_line' id='line_1_12' title="bbox 409 952 1988 1025; baseline -0.004 -14"><span class='ocrx_word' id='word_1_71' title='bbox 409 952 550 1020; x_wconf 83' lang='lat' dir='ltr'><strong>rest,</strong></span> <span class='ocrx_word' id='word_1_72' title='bbox 580 952 720 1025; x_wconf 70' lang='lat' dir='ltr'><strong>quod</strong></span> <span class='ocrx_word' id='word_1_73' title='bbox 754 968 850 1006; x_wconf 90' lang='lat' dir='ltr'><strong>nos</strong></span> <span class='ocrx_word' id='word_1_74' title='bbox 879 952 1166 1025; x_wconf 83' lang='lat' dir='ltr'><strong>aspicimus</strong></span> <span class='ocrx_word' id='word_1_75' title='bbox 1196 965 1357 1015; x_wconf 89' lang='lat' dir='ltr'><strong>casu;</strong></span> <span class='ocrx_word' id='word_1_76' title='bbox 1391 952 1713 1025; x_wconf 82' lang='lat' dir='ltr'><strong>suspicimus</strong></span> <span class='ocrx_word' id='word_1_77' title='bbox 1744 953 1797 1006; x_wconf 93' lang='lat' dir='ltr'><strong>in</strong></span> <span class='ocrx_word' id='word_1_78' title='bbox 1829 966 1988 1025; x_wconf 74' lang='lat' dir='ltr'><strong>supe-</strong></span> 
     </span>
    </p>
   </div>
   <div class='ocr_carea' id='block_1_13' title="bbox 408 1021 1991 1093">
    <p class='ocr_par' dir='ltr' id='par_1_13' title="bbox 408 1021 1991 1093">
     <span class='ocr_line' id='line_1_13' title="bbox 408 1021 1991 1093; baseline -0.003 -13"><span class='ocrx_word' id='word_1_79' title='bbox 408 1021 613 1081; x_wconf 80' lang='lat' dir='ltr'><strong>riorem</strong></span> <span class='ocrx_word' id='word_1_80' title='bbox 651 1031 908 1093; x_wconf 64' lang='lat' dir='ltr'><strong>partem,</strong></span> <span class='ocrx_word' id='word_1_81' title='bbox 936 1022 1014 1075; x_wconf 92' lang='lat' dir='ltr'><strong>vel</strong></span> <span class='ocrx_word' id='word_1_82' title='bbox 1055 1035 1411 1093; x_wconf 79' lang='lat' dir='ltr'><strong>veneramur;</strong></span> <span class='ocrx_word' id='word_1_83' title='bbox 1463 1023 1812 1090; x_wconf 86' lang='lat' dir='ltr'><strong>inspicimus,</strong></span> <span class='ocrx_word' id='word_1_84' title='bbox 1850 1021 1991 1093; x_wconf 81' lang='lat' dir='ltr'><strong>judi-</strong></span> 
     </span>
    </p>
   </div>
   <div class='ocr_carea' id='block_1_14' title="bbox 408 1091 1990 1160">
    <p class='ocr_par' dir='ltr' id='par_1_14' title="bbox 408 1091 1990 1160">
     <span class='ocr_line' id='line_1_14' title="bbox 408 1091 1990 1160; baseline -0.003 -11"><span class='ocrx_word' id='word_1_85' title='bbox 408 1096 577 1149; x_wconf 88' lang='lat' dir='ltr'><strong>catnri</strong></span> <span class='ocrx_word' id='word_1_86' title='bbox 609 1112 624 1159; x_wconf 83' lang='lat'><strong>;</strong></span> <span class='ocrx_word' id='word_1_87' title='bbox 655 1091 1038 1160; x_wconf 59' lang='lat' dir='ltr'><strong>prospicimus</strong></span> <span class='ocrx_word' id='word_1_88' title='bbox 1095 1105 1213 1158; x_wconf 67' lang='lat' dir='ltr'><strong>quae</strong></span> <span class='ocrx_word' id='word_1_89' title='bbox 1254 1091 1411 1156; x_wconf 69' lang='lat' dir='ltr'><strong>longe</strong></span> <span class='ocrx_word' id='word_1_90' title='bbox 1455 1100 1616 1156; x_wconf 78' lang='lat' dir='ltr'><strong>sunt;</strong></span> <span class='ocrx_word' id='word_1_91' title='bbox 1661 1091 1990 1156; x_wconf 75' lang='lat' dir='ltr'><strong>deSpICItIlIIS</strong></span> 
     </span>
    </p>
   </div>
   <div class='ocr_carea' id='block_1_15' title="bbox 410 1160 1989 1229">
    <p class='ocr_par' dir='ltr' id='par_1_15' title="bbox 410 1160 1989 1229">
     <span class='ocr_line' id='line_1_15' title="bbox 410 1160 1989 1229; baseline -0.004 -10"><span class='ocrx_word' id='word_1_92' title='bbox 410 1164 720 1219; x_wconf 87' lang='lat' dir='ltr'><strong>inferiorem</strong></span> <span class='ocrx_word' id='word_1_93' title='bbox 753 1171 986 1228; x_wconf 77' lang='lat' dir='ltr'><strong>partem,</strong></span> <span class='ocrx_word' id='word_1_94' title='bbox 1021 1160 1105 1215; x_wconf 83' lang='lat' dir='ltr'><strong>vel</strong></span> <span class='ocrx_word' id='word_1_95' title='bbox 1149 1162 1450 1229; x_wconf 81' lang='lat' dir='ltr'><strong>languidam</strong></span> <span class='ocrx_word' id='word_1_96' title='bbox 1484 1178 1497 1224; x_wconf 93' lang='lat'><strong>;</strong></span> <span class='ocrx_word' id='word_1_97' title='bbox 1552 1162 1820 1216; x_wconf 75' lang='lat' dir='ltr'><strong>intuemur</strong></span> <span class='ocrx_word' id='word_1_98' title='bbox 1867 1174 1989 1215; x_wconf 86' lang='lat' dir='ltr'><strong>cum</strong></span> 
     </span>
    </p>
   </div>
   <div class='ocr_carea' id='block_1_16' title="bbox 410 1231 1680 1300">
    <p class='ocr_par' dir='ltr' id='par_1_16' title="bbox 410 1231 1680 1300">
     <span class='ocr_line' id='line_1_16' title="bbox 410 1231 1680 1300; baseline -0.005 -10"><span class='ocrx_word' id='word_1_99' title='bbox 410 1250 573 1290; x_wconf 88' lang='lat' dir='ltr'><strong>causa</strong></span> <span class='ocrx_word' id='word_1_100' title='bbox 602 1251 617 1300; x_wconf 89' lang='lat'><strong>;</strong></span> <span class='ocrx_word' id='word_1_101' title='bbox 652 1232 894 1286; x_wconf 82' lang='lat' dir='ltr'><strong>videmus</strong></span> <span class='ocrx_word' id='word_1_102' title='bbox 930 1241 1112 1284; x_wconf 88' lang='lat' dir='ltr'><strong>natura</strong></span> <span class='ocrx_word' id='word_1_103' title='bbox 1143 1248 1157 1295; x_wconf 91' lang='lat'><strong>;</strong></span> <span class='ocrx_word' id='word_1_104' title='bbox 1190 1231 1410 1284; x_wconf 82' lang='lat' dir='ltr'><strong>visimus</strong></span> <span class='ocrx_word' id='word_1_105' title='bbox 1437 1240 1680 1298; x_wconf 80' lang='lat' dir='ltr'><strong>experta.</strong></span> 
     </span>
    </p>
   </div>
   <div class='ocr_carea' id='block_1_17' title="bbox 484 1298 1992 1371">
    <p class='ocr_par' dir='ltr' id='par_1_17' title="bbox 484 1298 1992 1371">
     <span class='ocr_line' id='line_1_17' title="bbox 484 1298 1992 1371; baseline -0.002 -14"><span class='ocrx_word' id='word_1_106' title='bbox 484 1305 574 1359; x_wconf 72' lang='lat'><strong>50.</strong></span> <span class='ocrx_word' id='word_1_107' title='bbox 605 1298 757 1358; x_wconf 88' lang='lat' dir='ltr'><strong>Inter</strong></span> <span class='ocrx_word' id='word_1_108' title='bbox 799 1307 1032 1371; x_wconf 10' lang='lat' dir='ltr'><strong>furorem,</strong></span> <span class='ocrx_word' id='word_1_109' title='bbox 1052 1309 1108 1355; x_wconf 86' lang='lat' dir='ltr'><strong>et</strong></span> <span class='ocrx_word' id='word_1_110' title='bbox 1135 1301 1410 1371; x_wconf 76' lang='lat' dir='ltr'><strong>insaniam</strong></span> <span class='ocrx_word' id='word_1_111' title='bbox 1434 1302 1534 1354; x_wconf 85' lang='lat' dir='ltr'><strong>hoc</strong></span> <span class='ocrx_word' id='word_1_112' title='bbox 1565 1301 1817 1365; x_wconf 87' lang='lat' dir='ltr'><strong>interest,</strong></span> <span class='ocrx_word' id='word_1_113' title='bbox 1849 1298 1992 1370; x_wconf 87' lang='lat' dir='ltr'><strong>quod</strong></span> 
     </span>
    </p>
   </div>
   <div class='ocr_carea' id='block_1_18' title="bbox 415 1369 1759 1438">
    <p class='ocr_par' dir='ltr' id='par_1_18' title="bbox 415 1369 1759 1438">
     <span class='ocr_line' id='line_1_18' title="bbox 415 1369 1759 1438; baseline -0.003 -8"><span class='ocrx_word' id='word_1_114' title='bbox 415 1374 564 1430; x_wconf 85' lang='lat' dir='ltr'><strong>furor</strong></span> <span class='ocrx_word' id='word_1_115' title='bbox 596 1369 1070 1438; x_wconf 32' lang='lat' dir='ltr'><strong>vitinm’tempmis</strong></span> <span class='ocrx_word' id='word_1_116' title='bbox 1099 1377 1210 1434; x_wconf 89' lang='lat' dir='ltr'><strong>est;</strong></span> <span class='ocrx_word' id='word_1_117' title='bbox 1241 1369 1448 1424; x_wconf 88' lang='lat' dir='ltr'><strong>insania</strong></span> <span class='ocrx_word' id='word_1_118' title='bbox 1481 1382 1759 1438; x_wconf 86' lang='lat' dir='ltr'><strong>perpetua.</strong></span> 
     </span>
    </p>
   </div>
   <div class='ocr_carea' id='block_1_19' title="bbox 488 1440 1996 1510">
    <p class='ocr_par' dir='ltr' id='par_1_19' title="bbox 488 1440 1996 1510">
     <span class='ocr_line' id='line_1_19' title="bbox 488 1440 1996 1510; baseline -0.001 -13"><span class='ocrx_word' id='word_1_119' title='bbox 488 1445 576 1498; x_wconf 79' lang='grc'><strong>51.</strong></span> <span class='ocrx_word' id='word_1_120' title='bbox 616 1445 753 1496; x_wconf 82' lang='lat' dir='ltr'><strong>Inter</strong></span> <span class='ocrx_word' id='word_1_121' title='bbox 775 1442 933 1494; x_wconf 89' lang='lat' dir='ltr'><strong>alium</strong></span> <span class='ocrx_word' id='word_1_122' title='bbox 954 1449 1006 1493; x_wconf 89' lang='lat' dir='ltr'><strong>et</strong></span> <span class='ocrx_word' id='word_1_123' title='bbox 1029 1443 1244 1493; x_wconf 86' lang='lat' dir='ltr'><strong>alterum</strong></span> <span class='ocrx_word' id='word_1_124' title='bbox 1276 1440 1376 1494; x_wconf 86' lang='lat' dir='ltr'><strong>hoc</strong></span> <span class='ocrx_word' id='word_1_125' title='bbox 1407 1441 1650 1508; x_wconf 87' lang='lat' dir='ltr'><strong>interest,</strong></span> <span class='ocrx_word' id='word_1_126' title='bbox 1692 1440 1832 1510; x_wconf 87' lang='lat' dir='ltr'><strong>quod</strong></span> <span class='ocrx_word' id='word_1_127' title='bbox 1861 1441 1996 1495; x_wconf 87' lang='lat' dir='ltr'><strong>alius</strong></span> 
     </span>
    </p>
   </div>
   <div class='ocr_carea' id='block_1_20' title="bbox 416 1511 1153 1576">
    <p class='ocr_par' dir='ltr' id='par_1_20' title="bbox 416 1511 1153 1576">
     <span class='ocr_line' id='line_1_20' title="bbox 416 1511 1153 1576; baseline -0.004 -8"><span class='ocrx_word' id='word_1_128' title='bbox 416 1530 446 1568; x_wconf 87' lang='lat' dir='ltr'><strong>a</strong></span> <span class='ocrx_word' id='word_1_129' title='bbox 472 1515 670 1576; x_wconf 89' lang='lat' dir='ltr'><strong>multis,</strong></span> <span class='ocrx_word' id='word_1_130' title='bbox 709 1513 841 1565; x_wconf 76' lang='lat' dir='ltr'><strong>alter</strong></span> <span class='ocrx_word' id='word_1_131' title='bbox 868 1528 894 1562; x_wconf 72' lang='grc' dir='ltr'><strong>ει</strong></span> <span class='ocrx_word' id='word_1_132' title='bbox 925 1511 1153 1565; x_wconf 88' lang='lat' dir='ltr'><strong>duobus.</strong></span> 
     </span>
    </p>
   </div>
   <div class='ocr_carea' id='block_1_21' title="bbox 491 1578 1997 1649">
    <p class='ocr_par' dir='ltr' id='par_1_21' title="bbox 491 1578 1997 1649">
     <span class='ocr_line' id='line_1_21' title="bbox 491 1578 1997 1649; baseline -0.003 -11"><span class='ocrx_word' id='word_1_133' title='bbox 491 1586 579 1638; x_wconf 74' lang='grc'><strong>52.</strong></span> <span class='ocrx_word' id='word_1_134' title='bbox 623 1584 760 1636; x_wconf 87' lang='lat' dir='ltr'><strong>Inter</strong></span> <span class='ocrx_word' id='word_1_135' title='bbox 792 1582 951 1634; x_wconf 84' lang='lat' dir='ltr'><strong>scelus</strong></span> <span class='ocrx_word' id='word_1_136' title='bbox 981 1590 1034 1634; x_wconf 85' lang='lat' dir='ltr'><strong>et</strong></span> <span class='ocrx_word' id='word_1_137' title='bbox 1069 1581 1268 1649; x_wconf 74' lang='lat' dir='ltr'><strong>facinus</strong></span> <span class='ocrx_word' id='word_1_138' title='bbox 1294 1578 1400 1632; x_wconf 82' lang='lat' dir='ltr'><strong>hoc</strong></span> <span class='ocrx_word' id='word_1_139' title='bbox 1429 1579 1579 1633; x_wconf 38' lang='lat' dir='ltr'><strong>inter.</strong></span> <span class='ocrx_word' id='word_1_140' title='bbox 1601 1588 1680 1644; x_wconf 90' lang='lat' dir='ltr'><strong>st,</strong></span> <span class='ocrx_word' id='word_1_141' title='bbox 1712 1579 1852 1649; x_wconf 87' lang='lat' dir='ltr'><strong>quod</strong></span> <span class='ocrx_word' id='word_1_142' title='bbox 1881 1594 1997 1634; x_wconf 82' lang='lat' dir='ltr'><strong>sce-</strong></span> 
     </span>
    </p>
   </div>
   <div class='ocr_carea' id='block_1_22' title="bbox 417 1649 1999 1714">
    <p class='ocr_par' dir='ltr' id='par_1_22' title="bbox 417 1649 1999 1714">
     <span class='ocr_line' id='line_1_22' title="bbox 417 1649 1999 1714; baseline -0.003 -6"><span class='ocrx_word' id='word_1_143' title='bbox 417 1656 502 1708; x_wconf 92' lang='lat' dir='ltr'><strong>lus</strong></span> <span class='ocrx_word' id='word_1_144' title='bbox 546 1655 746 1708; x_wconf 79' lang='lat' dir='ltr'><strong>crimeu</strong></span> <span class='ocrx_word' id='word_1_145' title='bbox 790 1663 892 1714; x_wconf 87' lang='lat' dir='ltr'><strong>est,</strong></span> <span class='ocrx_word' id='word_1_146' title='bbox 927 1652 1126 1704; x_wconf 67' lang='lat' dir='ltr'><strong>fucinus</strong></span> <span class='ocrx_word' id='word_1_147' title='bbox 1157 1651 1315 1704; x_wconf 90' lang='lat' dir='ltr'><strong>etiam</strong></span> <span class='ocrx_word' id='word_1_148' title='bbox 1363 1649 1415 1702; x_wconf 94' lang='lat' dir='ltr'><strong>in</strong></span> <span class='ocrx_word' id='word_1_149' title='bbox 1463 1649 1618 1704; x_wconf 85' lang='lat' dir='ltr'><strong>laude</strong></span> <span class='ocrx_word' id='word_1_150' title='bbox 1673 1659 1820 1706; x_wconf 89' lang='lat' dir='ltr'><strong>recte</strong></span> <span class='ocrx_word' id='word_1_151' title='bbox 1867 1650 1999 1705; x_wconf 84' lang='lat' dir='ltr'><strong>dici-</strong></span> 
     </span>
    </p>
   </div>
   <div class='ocr_carea' id='block_1_23' title="bbox 420 1720 1464 1788">
    <p class='ocr_par' dir='ltr' id='par_1_23' title="bbox 420 1720 1464 1788">
     <span class='ocr_line' id='line_1_23' title="bbox 420 1720 1464 1788; baseline -0.007 -9"><span class='ocrx_word' id='word_1_152' title='bbox 420 1736 540 1786; x_wconf 86' lang='lat' dir='ltr'><strong>tur;</strong></span> <span class='ocrx_word' id='word_1_153' title='bbox 568 1725 857 1779; x_wconf 84' lang='lat' dir='ltr'><strong>Sallustius</strong></span> <span class='ocrx_word' id='word_1_154' title='bbox 886 1721 1014 1774; x_wconf 81' lang='lat' dir='ltr'><strong>dicit</strong></span> <span class='ocrx_word' id='word_1_155' title='bbox 1043 1723 1223 1773; x_wconf 86' lang='lat' dir='ltr'><strong>bonum</strong></span> <span class='ocrx_word' id='word_1_156' title='bbox 1249 1720 1464 1788; x_wconf 76' lang='lat' dir='ltr'><strong>facinus.</strong></span> 
     </span>
    </p>
   </div>
   <div class='ocr_carea' id='block_1_24' title="bbox 487 1788 1997 1859">
    <p class='ocr_par' dir='ltr' id='par_1_24' title="bbox 487 1788 1997 1859">
     <span class='ocr_line' id='line_1_24' title="bbox 487 1788 1997 1859; baseline -0.003 -13"><span class='ocrx_word' id='word_1_157' title='bbox 487 1793 576 1850; x_wconf 68' lang='lat'><strong>35.</strong></span> <span class='ocrx_word' id='word_1_158' title='bbox 623 1796 762 1847; x_wconf 89' lang='lat' dir='ltr'><strong>Inter</strong></span> <span class='ocrx_word' id='word_1_159' title='bbox 788 1793 924 1844; x_wconf 89' lang='lat' dir='ltr'><strong>dona</strong></span> <span class='ocrx_word' id='word_1_160' title='bbox 963 1801 1016 1845; x_wconf 90' lang='lat' dir='ltr'><strong>et</strong></span> <span class='ocrx_word' id='word_1_161' title='bbox 1047 1807 1257 1843; x_wconf 87' lang='lat' dir='ltr'><strong>munera</strong></span> <span class='ocrx_word' id='word_1_162' title='bbox 1288 1791 1386 1842; x_wconf 88' lang='lat' dir='ltr'><strong>boc</strong></span> <span class='ocrx_word' id='word_1_163' title='bbox 1417 1791 1657 1855; x_wconf 46' lang='lat' dir='ltr'><strong>interc‘t,</strong></span> <span class='ocrx_word' id='word_1_164' title='bbox 1688 1791 1825 1859; x_wconf 92' lang='lat' dir='ltr'><strong>quod</strong></span> <span class='ocrx_word' id='word_1_165' title='bbox 1858 1788 1997 1843; x_wconf 87' lang='lat' dir='ltr'><strong>dona</strong></span> 
     </span>
    </p>
   </div>
   <div class='ocr_carea' id='block_1_25' title="bbox 421 1860 2000 1925">
    <p class='ocr_par' dir='ltr' id='par_1_25' title="bbox 421 1860 2000 1925">
     <span class='ocr_line' id='line_1_25' title="bbox 421 1860 2000 1925; baseline -0.004 -6"><span class='ocrx_word' id='word_1_166' title='bbox 421 1865 530 1919; x_wconf 62' lang='lat' dir='ltr'><strong>Duo</strong></span> <span class='ocrx_word' id='word_1_167' title='bbox 557 1865 780 1925; x_wconf 83' lang='lat' dir='ltr'><strong>dantur,</strong></span> <span class='ocrx_word' id='word_1_168' title='bbox 815 1876 1033 1914; x_wconf 72' lang='lat' dir='ltr'><strong>munera</strong></span> <span class='ocrx_word' id='word_1_169' title='bbox 1080 1860 1383 1914; x_wconf 87' lang='lat' dir='ltr'><strong>hominibus</strong></span> <span class='ocrx_word' id='word_1_170' title='bbox 1415 1860 1740 1914; x_wconf 72' lang='lat' dir='ltr'><strong>tribuuntur.</strong></span> <span class='ocrx_word' id='word_1_171' title='bbox 1788 1860 1854 1913; x_wconf 86' lang='lat' dir='ltr'><strong>Et</strong></span> <span class='ocrx_word' id='word_1_172' title='bbox 1884 1876 2000 1912; x_wconf 89' lang='lat' dir='ltr'><strong>mu-</strong></span> 
     </span>
    </p>
   </div>
   <div class='ocr_carea' id='block_1_26' title="bbox 421 1930 2001 2004">
    <p class='ocr_par' dir='ltr' id='par_1_26' title="bbox 421 1930 2001 2004">
     <span class='ocr_line' id='line_1_26' title="bbox 421 1930 2001 2004; baseline -0.004 -15"><span class='ocrx_word' id='word_1_173' title='bbox 421 1951 551 1990; x_wconf 86' lang='lat' dir='ltr'><strong>nera</strong></span> <span class='ocrx_word' id='word_1_174' title='bbox 603 1934 798 2004; x_wconf 85' lang='lat' dir='ltr'><strong>quibus</strong></span> <span class='ocrx_word' id='word_1_175' title='bbox 827 1931 1177 2004; x_wconf 82' lang='lat' dir='ltr'><strong>bomines,id</strong></span> <span class='ocrx_word' id='word_1_176' title='bbox 1218 1942 1296 1982; x_wconf 90' lang='lat' dir='ltr'><strong>est</strong></span> <span class='ocrx_word' id='word_1_177' title='bbox 1326 1930 1521 1984; x_wconf 88' lang='lat' dir='ltr'><strong>milites</strong></span> <span class='ocrx_word' id='word_1_178' title='bbox 1544 1931 1721 1985; x_wconf 87' lang='lat' dir='ltr'><strong>officio</strong></span> <span class='ocrx_word' id='word_1_179' title='bbox 1765 1931 2001 2000; x_wconf 79' lang='lat' dir='ltr'><strong>fungun-</strong></span> 
     </span>
    </p>
   </div>
   <div class='ocr_carea' id='block_1_27' title="bbox 425 2002 1461 2074">
    <p class='ocr_par' dir='ltr' id='par_1_27' title="bbox 425 2002 1461 2074">
     <span class='ocr_line' id='line_1_27' title="bbox 425 2002 1461 2074; baseline -0.01 -15"><span class='ocrx_word' id='word_1_180' title='bbox 425 2016 532 2069; x_wconf 94' lang='lat' dir='ltr'><strong>tur,</strong></span> <span class='ocrx_word' id='word_1_181' title='bbox 566 2002 682 2074; x_wconf 69' lang='lat' dir='ltr'><strong>qua:</strong></span> <span class='ocrx_word' id='word_1_182' title='bbox 714 2002 928 2072; x_wconf 89' lang='lat' dir='ltr'><strong>quidem</strong></span> <span class='ocrx_word' id='word_1_183' title='bbox 973 2003 1151 2054; x_wconf 91' lang='lat' dir='ltr'><strong>munia</strong></span> <span class='ocrx_word' id='word_1_184' title='bbox 1189 2011 1461 2074; x_wconf 17' lang='lat' dir='ltr'><strong>\Aocautnr.</strong></span> 
     </span>
    </p>
   </div>
   <div class='ocr_carea' id='block_1_28' title="bbox 495 2069 2000 2139">
    <p class='ocr_par' dir='ltr' id='par_1_28' title="bbox 495 2069 2000 2139">
     <span class='ocr_line' id='line_1_28' title="bbox 495 2069 2000 2139; baseline -0.005 -10"><span class='ocrx_word' id='word_1_185' title='bbox 495 2069 597 2129; x_wconf 47' lang='grc' dir='ltr'><strong>δι’</strong></span> <span class='ocrx_word' id='word_1_186' title='bbox 634 2069 773 2127; x_wconf 80' lang='lat' dir='ltr'><strong>Inter</strong></span> <span class='ocrx_word' id='word_1_187' title='bbox 800 2083 982 2127; x_wconf 88' lang='lat' dir='ltr'><strong>vestem</strong></span> <span class='ocrx_word' id='word_1_188' title='bbox 1006 2083 1059 2123; x_wconf 88' lang='lat' dir='ltr'><strong>et</strong></span> <span class='ocrx_word' id='word_1_189' title='bbox 1091 2072 1441 2124; x_wconf 84' lang='lat' dir='ltr'><strong>vestimenlum</strong></span> <span class='ocrx_word' id='word_1_190' title='bbox 1467 2069 1567 2124; x_wconf 85' lang='lat' dir='ltr'><strong>hoc</strong></span> <span class='ocrx_word' id='word_1_191' title='bbox 1592 2071 1836 2135; x_wconf 89' lang='lat' dir='ltr'><strong>interest,</strong></span> <span class='ocrx_word' id='word_1_192' title='bbox 1861 2070 2000 2139; x_wconf 90' lang='lat' dir='ltr'><strong>quod</strong></span> 
     </span>
    </p>
   </div>
   <div class='ocr_carea' id='block_1_29' title="bbox 426 2141 1929 2206">
    <p class='ocr_par' dir='ltr' id='par_1_29' title="bbox 426 2141 1929 2206">
     <span class='ocr_line' id='line_1_29' title="bbox 426 2141 1929 2206; baseline -0.005 -6"><span class='ocrx_word' id='word_1_193' title='bbox 426 2157 607 2201; x_wconf 81' lang='lat' dir='ltr'><strong>vestes</strong></span> <span class='ocrx_word' id='word_1_194' title='bbox 639 2143 955 2198; x_wconf 80' lang='lat' dir='ltr'><strong>feminarum</strong></span> <span class='ocrx_word' id='word_1_195' title='bbox 993 2141 1261 2204; x_wconf 87' lang='lat' dir='ltr'><strong>dicuntur,</strong></span> <span class='ocrx_word' id='word_1_196' title='bbox 1294 2142 1606 2195; x_wconf 88' lang='lat' dir='ltr'><strong>vestimenta</strong></span> <span class='ocrx_word' id='word_1_197' title='bbox 1629 2183 1644 2206; x_wconf 86' lang='lat'><strong>,</strong></span> <span class='ocrx_word' id='word_1_198' title='bbox 1676 2142 1929 2195; x_wconf 88' lang='lat' dir='ltr'><strong>virorum.</strong></span> 
     </span>
    </p>
   </div>
   <div class='ocr_carea' id='block_1_30' title="bbox 496 2210 2004 2278">
    <p class='ocr_par' dir='ltr' id='par_1_30' title="bbox 496 2210 2004 2278">
     <span class='ocr_line' id='line_1_30' title="bbox 496 2210 2004 2278; baseline -0.003 -9"><span class='ocrx_word' id='word_1_199' title='bbox 496 2214 588 2272; x_wconf 83' lang='grc'><strong>55.</strong></span> <span class='ocrx_word' id='word_1_200' title='bbox 623 2215 761 2269; x_wconf 88' lang='lat' dir='ltr'><strong>Inter</strong></span> <span class='ocrx_word' id='word_1_201' title='bbox 789 2213 1057 2266; x_wconf 79' lang='lat' dir='ltr'><strong>humidum</strong></span> <span class='ocrx_word' id='word_1_202' title='bbox 1086 2221 1137 2266; x_wconf 91' lang='lat' dir='ltr'><strong>et</strong></span> <span class='ocrx_word' id='word_1_203' title='bbox 1165 2213 1373 2265; x_wconf 84' lang='lat' dir='ltr'><strong>uvidum</strong></span> <span class='ocrx_word' id='word_1_204' title='bbox 1423 2211 1524 2264; x_wconf 87' lang='lat' dir='ltr'><strong>hoc</strong></span> <span class='ocrx_word' id='word_1_205' title='bbox 1569 2212 1818 2274; x_wconf 78' lang='lat' dir='ltr'><strong>interest,</strong></span> <span class='ocrx_word' id='word_1_206' title='bbox 1862 2210 2004 2278; x_wconf 88' lang='lat' dir='ltr'><strong>quod</strong></span> 
     </span>
    </p>
   </div>
   <div class='ocr_carea' id='block_1_31' title="bbox 430 2281 2003 2351">
    <p class='ocr_par' dir='ltr' id='par_1_31' title="bbox 430 2281 2003 2351">
     <span class='ocr_line' id='line_1_31' title="bbox 430 2281 2003 2351; baseline -0.004 -12"><span class='ocrx_word' id='word_1_207' title='bbox 430 2286 707 2339; x_wconf 86' lang='lat' dir='ltr'><strong>humidum</strong></span> <span class='ocrx_word' id='word_1_208' title='bbox 773 2284 992 2338; x_wconf 91' lang='lat' dir='ltr'><strong>omnino</strong></span> <span class='ocrx_word' id='word_1_209' title='bbox 1042 2281 1376 2349; x_wconf 87' lang='lat' dir='ltr'><strong>permaduit,</strong></span> <span class='ocrx_word' id='word_1_210' title='bbox 1435 2281 1649 2335; x_wconf 87' lang='lat' dir='ltr'><strong>uvidum</strong></span> <span class='ocrx_word' id='word_1_211' title='bbox 1679 2322 1694 2345; x_wconf 92' lang='lat'><strong>,</strong></span> <span class='ocrx_word' id='word_1_212' title='bbox 1745 2287 1888 2351; x_wconf 91' lang='lat' dir='ltr'><strong>quod</strong></span> <span class='ocrx_word' id='word_1_213' title='bbox 1938 2281 2003 2333; x_wconf 89' lang='lat' dir='ltr'><strong>ad</strong></span> 
     </span>
    </p>
   </div>
   <div class='ocr_carea' id='block_1_32' title="bbox 429 2355 1160 2424">
    <p class='ocr_par' dir='ltr' id='par_1_32' title="bbox 429 2355 1160 2424">
     <span class='ocr_line' id='line_1_32' title="bbox 429 2355 1160 2424; baseline -0.005 -14"><span class='ocrx_word' id='word_1_214' title='bbox 429 2357 665 2410; x_wconf 87' lang='lat' dir='ltr'><strong>medium</strong></span> <span class='ocrx_word' id='word_1_215' title='bbox 700 2369 869 2424; x_wconf 89' lang='lat' dir='ltr'><strong>usque</strong></span> <span class='ocrx_word' id='word_1_216' title='bbox 900 2355 1160 2420; x_wconf 76' lang='lat' dir='ltr'><strong>pervenit.</strong></span> 
     </span>
    </p>
   </div>
   <div class='ocr_carea' id='block_1_33' title="bbox 503 2421 2005 2489">
    <p class='ocr_par' dir='ltr' id='par_1_33' title="bbox 503 2421 2005 2489">
     <span class='ocr_line' id='line_1_33' title="bbox 503 2421 2005 2489; baseline -0.004 -9"><span class='ocrx_word' id='word_1_217' title='bbox 503 2425 590 2480; x_wconf 66' lang='lat'><strong>515.</strong></span> <span class='ocrx_word' id='word_1_218' title='bbox 637 2421 796 2479; x_wconf 61' lang='lat' dir='ltr'><strong>Inter&#39;</strong></span> <span class='ocrx_word' id='word_1_219' title='bbox 824 2431 964 2476; x_wconf 85' lang='lat' dir='ltr'><strong>vetus</strong></span> <span class='ocrx_word' id='word_1_220' title='bbox 1000 2433 1054 2475; x_wconf 87' lang='lat' dir='ltr'><strong>et</strong></span> <span class='ocrx_word' id='word_1_221' title='bbox 1091 2431 1336 2475; x_wconf 82' lang='lat' dir='ltr'><strong>vetustum</strong></span> <span class='ocrx_word' id='word_1_222' title='bbox 1394 2422 1495 2476; x_wconf 78' lang='lat' dir='ltr'><strong>Itoc</strong></span> <span class='ocrx_word' id='word_1_223' title='bbox 1560 2421 1818 2486; x_wconf 87' lang='lat' dir='ltr'><strong>interest,</strong></span> <span class='ocrx_word' id='word_1_224' title='bbox 1866 2421 2005 2489; x_wconf 91' lang='lat' dir='ltr'><strong>quod</strong></span> 
     </span>
    </p>
   </div>
   <div class='ocr_carea' id='block_1_34' title="bbox 431 2491 2007 2562">
    <p class='ocr_par' dir='ltr' id='par_1_34' title="bbox 431 2491 2007 2562">
     <span class='ocr_line' id='line_1_34' title="bbox 431 2491 2007 2562; baseline -0.004 -12"><span class='ocrx_word' id='word_1_225' title='bbox 431 2507 586 2551; x_wconf 87' lang='lat' dir='ltr'><strong>vetus</strong></span> <span class='ocrx_word' id='word_1_226' title='bbox 634 2510 774 2550; x_wconf 90' lang='lat' dir='ltr'><strong>novo</strong></span> <span class='ocrx_word' id='word_1_227' title='bbox 825 2503 1189 2562; x_wconf 85' lang='lat' dir='ltr'><strong>comparatur,</strong></span> <span class='ocrx_word' id='word_1_228' title='bbox 1247 2509 1277 2547; x_wconf 90' lang='lat' dir='ltr'><strong>e</strong></span> <span class='ocrx_word' id='word_1_229' title='bbox 1325 2492 1596 2548; x_wconf 90' lang='lat' dir='ltr'><strong>contrario</strong></span> <span class='ocrx_word' id='word_1_230' title='bbox 1626 2501 1889 2551; x_wconf 82' lang='lat' dir='ltr'><strong>vetustum</strong></span> <span class='ocrx_word' id='word_1_231' title='bbox 1941 2491 2007 2544; x_wconf 85' lang='lat' dir='ltr'><strong>ad</strong></span> 
     </span>
    </p>
   </div>
   <div class='ocr_carea' id='block_1_35' title="bbox 432 2565 1091 2636">
    <p class='ocr_par' dir='ltr' id='par_1_35' title="bbox 432 2565 1091 2636">
     <span class='ocr_line' id='line_1_35' title="bbox 432 2565 1091 2636; baseline -0.003 -17"><span class='ocrx_word' id='word_1_232' title='bbox 432 2567 807 2636; x_wconf 85' lang='lat' dir='ltr'><strong>antiquitatem</strong></span> <span class='ocrx_word' id='word_1_233' title='bbox 841 2565 1091 2618; x_wconf 89' lang='lat' dir='ltr'><strong>refertur.</strong></span> 
     </span>
    </p>
   </div>
   <div class='ocr_carea' id='block_1_36' title="bbox 500 2629 2008 2700">
    <p class='ocr_par' dir='ltr' id='par_1_36' title="bbox 500 2629 2008 2700">
     <span class='ocr_line' id='line_1_36' title="bbox 500 2629 2008 2700; baseline -0.003 -11"><span class='ocrx_word' id='word_1_234' title='bbox 500 2629 588 2690; x_wconf 60' lang='lat'><strong>57&#39;.</strong></span> <span class='ocrx_word' id='word_1_235' title='bbox 632 2638 775 2690; x_wconf 92' lang='lat' dir='ltr'><strong>Inter</strong></span> <span class='ocrx_word' id='word_1_236' title='bbox 807 2647 996 2688; x_wconf 82' lang='lat' dir='ltr'><strong>terrere</strong></span> <span class='ocrx_word' id='word_1_237' title='bbox 1025 2641 1079 2687; x_wconf 89' lang='lat' dir='ltr'><strong>et</strong></span> <span class='ocrx_word' id='word_1_238' title='bbox 1128 2633 1380 2687; x_wconf 82' lang='lat' dir='ltr'><strong>deterrere</strong></span> <span class='ocrx_word' id='word_1_239' title='bbox 1426 2633 1526 2686; x_wconf 87' lang='lat' dir='ltr'><strong>hoc</strong></span> <span class='ocrx_word' id='word_1_240' title='bbox 1579 2632 1820 2693; x_wconf 59' lang='lat' dir='ltr'><strong>inti-rest,</strong></span> <span class='ocrx_word' id='word_1_241' title='bbox 1865 2629 2008 2700; x_wconf 91' lang='lat' dir='ltr'><strong>quod</strong></span> 
     </span>
    </p>
   </div>
   <div class='ocr_carea' id='block_1_37' title="bbox 428 2703 2009 2778">
    <p class='ocr_par' dir='ltr' id='par_1_37' title="bbox 428 2703 2009 2778">
     <span class='ocr_line' id='line_1_37' title="bbox 428 2703 2009 2778; baseline -0.003 -18"><span class='ocrx_word' id='word_1_242' title='bbox 428 2708 517 2778; x_wconf 85' lang='lat' dir='ltr'><strong>qui</strong></span> <span class='ocrx_word' id='word_1_243' title='bbox 551 2716 713 2762; x_wconf 87' lang='lat' dir='ltr'><strong>terret</strong></span> <span class='ocrx_word' id='word_1_244' title='bbox 743 2707 930 2761; x_wconf 89' lang='lat' dir='ltr'><strong>timere</strong></span> <span class='ocrx_word' id='word_1_245' title='bbox 973 2705 1134 2773; x_wconf 80' lang='lat' dir='ltr'><strong>cogit,</strong></span> <span class='ocrx_word' id='word_1_246' title='bbox 1168 2705 1256 2773; x_wconf 88' lang='lat' dir='ltr'><strong>qui</strong></span> <span class='ocrx_word' id='word_1_247' title='bbox 1289 2703 1525 2758; x_wconf 90' lang='lat' dir='ltr'><strong>deterret</strong></span> <span class='ocrx_word' id='word_1_248' title='bbox 1555 2703 1804 2772; x_wconf 86' lang='lat' dir='ltr'><strong>prohibet</strong></span> <span class='ocrx_word' id='word_1_249' title='bbox 1827 2715 2009 2771; x_wconf 85' lang='lat' dir='ltr'><strong>perse-</strong></span> 
     </span>
    </p>
   </div>
   <div class='ocr_carea' id='block_1_38' title="bbox 429 2793 760 2832">
    <p class='ocr_par' dir='ltr' id='par_1_38' title="bbox 429 2793 760 2832">
     <span class='ocr_line' id='line_1_38' title="bbox 429 2793 760 2832; baseline 0 -3"><span class='ocrx_word' id='word_1_250' title='bbox 429 2793 638 2832; x_wconf 78' lang='lat' dir='ltr'><strong>verare.</strong></span> <span class='ocrx_word' id='word_1_251' title='bbox 732 2820 760 2829; x_wconf 84' lang='lat'><strong>-.</strong></span> 
     </span>
    </p>
   </div>
   <div class='ocr_carea' id='block_1_39' title="bbox 498 2842 2008 2913">
    <p class='ocr_par' dir='ltr' id='par_1_39' title="bbox 498 2842 2008 2913">
     <span class='ocr_line' id='line_1_39' title="bbox 498 2842 2008 2913; baseline -0.003 -11"><span class='ocrx_word' id='word_1_252' title='bbox 498 2848 588 2902; x_wconf 82' lang='grc'><strong>58.</strong></span> <span class='ocrx_word' id='word_1_253' title='bbox 632 2846 770 2902; x_wconf 90' lang='lat' dir='ltr'><strong>Inter</strong></span> <span class='ocrx_word' id='word_1_254' title='bbox 798 2845 983 2913; x_wconf 89' lang='lat' dir='ltr'><strong>solum,</strong></span> <span class='ocrx_word' id='word_1_255' title='bbox 1017 2860 1198 2909; x_wconf 84' lang='lat' dir='ltr'><strong>unum,</strong></span> <span class='ocrx_word' id='word_1_256' title='bbox 1227 2843 1538 2909; x_wconf 87' lang='lat' dir='ltr'><strong>solitarium,</strong></span> <span class='ocrx_word' id='word_1_257' title='bbox 1585 2849 1640 2897; x_wconf 87' lang='lat' dir='ltr'><strong>et</strong></span> <span class='ocrx_word' id='word_1_258' title='bbox 1667 2842 1874 2896; x_wconf 88' lang='lat' dir='ltr'><strong>unicum</strong></span> <span class='ocrx_word' id='word_1_259' title='bbox 1905 2845 2008 2897; x_wconf 85' lang='lat' dir='ltr'><strong>hoc</strong></span> 
     </span>
    </p>
   </div>
   <div class='ocr_carea' id='block_1_40' title="bbox 429 2913 2009 2987">
    <p class='ocr_par' dir='ltr' id='par_1_40' title="bbox 429 2913 2009 2987">
     <span class='ocr_line' id='line_1_40' title="bbox 429 2913 2009 2987; baseline -0.004 -15"><span class='ocrx_word' id='word_1_260' title='bbox 429 2918 673 2983; x_wconf 89' lang='lat' dir='ltr'><strong>interest,</strong></span> <span class='ocrx_word' id='word_1_261' title='bbox 720 2917 860 2987; x_wconf 90' lang='lat' dir='ltr'><strong>quod</strong></span> <span class='ocrx_word' id='word_1_262' title='bbox 911 2917 1078 2980; x_wconf 86' lang='lat' dir='ltr'><strong>solus,</strong></span> <span class='ocrx_word' id='word_1_263' title='bbox 1118 2915 1208 2984; x_wconf 90' lang='lat' dir='ltr'><strong>qui</strong></span> <span class='ocrx_word' id='word_1_264' title='bbox 1249 2929 1282 2987; x_wconf 91' lang='lat' dir='ltr'><strong>_a</strong></span> <span class='ocrx_word' id='word_1_265' title='bbox 1330 2913 1541 2987; x_wconf 62' lang='lat' dir='ltr'><strong>caeteris</strong></span> <span class='ocrx_word' id='word_1_266' title='bbox 1584 2914 1835 2987; x_wconf 80' lang='lat' dir='ltr'><strong>relictus;</strong></span> <span class='ocrx_word' id='word_1_267' title='bbox 1876 2928 2009 2987; x_wconf 91' lang='lat' dir='ltr'><strong>unus</strong></span> 
     </span>
    </p>
   </div>
   <div class='ocr_carea' id='block_1_41' title="bbox 427 2983 2012 3054">
    <p class='ocr_par' dir='ltr' id='par_1_41' title="bbox 427 2983 2012 3054">
     <span class='ocr_line' id='line_1_41' title="bbox 427 2983 2012 3054; baseline -0.004 -12"><span class='ocrx_word' id='word_1_268' title='bbox 427 2988 637 3044; x_wconf 89' lang='lat' dir='ltr'><strong>initium</strong></span> <span class='ocrx_word' id='word_1_269' title='bbox 691 2983 980 3042; x_wconf 73' lang='lat' dir='ltr'><strong>multorum</strong></span> <span class='ocrx_word' id='word_1_270' title='bbox 1012 2983 1152 3054; x_wconf 77' lang='lat' dir='ltr'><strong>agit;</strong></span> <span class='ocrx_word' id='word_1_271' title='bbox 1183 2985 1454 3039; x_wconf 87' lang='lat' dir='ltr'><strong>solitarius</strong></span> <span class='ocrx_word' id='word_1_272' title='bbox 1509 2983 1597 3052; x_wconf 90' lang='lat' dir='ltr'><strong>qui</strong></span> <span class='ocrx_word' id='word_1_273' title='bbox 1643 2999 1856 3052; x_wconf 89' lang='lat' dir='ltr'><strong>semper</strong></span> <span class='ocrx_word' id='word_1_274' title='bbox 1894 2984 2012 3036; x_wconf 88' lang='lat' dir='ltr'><strong>sine</strong></span> 
     </span>
    </p>
   </div>
   <div class='ocr_carea' id='block_1_42' title="bbox 427 3053 2088 3153">
    <p class='ocr_par' dir='ltr' id='par_1_42' title="bbox 427 3053 2088 3153">
     <span class='ocr_line' id='line_1_42' title="bbox 427 3053 2088 3153; baseline -0.004 -42"><span class='ocrx_word' id='word_1_275' title='bbox 427 3059 857 3153; x_wconf 47' lang='lat' dir='ltr'><strong>caeterispvivit;</strong></span> <span class='ocrx_word' id='word_1_276' title='bbox 903 3053 1092 3110; x_wconf 86' lang='lat' dir='ltr'><strong>unicus</strong></span> <span class='ocrx_word' id='word_1_277' title='bbox 1157 3053 1381 3110; x_wconf 84' lang='lat' dir='ltr'><strong>habetur</strong></span> <span class='ocrx_word' id='word_1_278' title='bbox 1429 3055 1574 3109; x_wconf 90' lang='lat' dir='ltr'><strong>solus</strong></span> <span class='ocrx_word' id='word_1_279' title='bbox 1620 3063 1837 3123; x_wconf 85' lang='lat' dir='ltr'><strong>prOpter</strong></span> <span class='ocrx_word' id='word_1_280' title='bbox 1891 3055 2004 3107; x_wconf 92' lang='lat' dir='ltr'><strong>ino-</strong></span> <span class='ocrx_word' id='word_1_281' title='bbox 2041 3090 2088 3153; x_wconf 63' lang='grc' dir='ltr'><strong>ϐ</strong></span> 
     </span>
    </p>
   </div>
   <div class='ocr_carea' id='block_1_43' title="bbox 430 3131 853 3198">
    <p class='ocr_par' dir='ltr' id='par_1_43' title="bbox 430 3131 853 3198">
     <span class='ocr_line' id='line_1_43' title="bbox 430 3131 853 3198; baseline -0.012 -13"><span class='ocrx_word' id='word_1_282' title='bbox 430 3131 576 3198; x_wconf 84' lang='lat' dir='ltr'><strong>piam</strong></span> <span class='ocrx_word' id='word_1_283' title='bbox 602 3131 853 3183; x_wconf 85' lang='lat' dir='ltr'><strong>aliorum.</strong></span> 
     </span>
    </p>
   </div>
   <div class='ocr_carea' id='block_1_44' title="bbox 507 3195 2011 3267">
    <p class='ocr_par' dir='ltr' id='par_1_44' title="bbox 507 3195 2011 3267">
     <span class='ocr_line' id='line_1_44' title="bbox 507 3195 2011 3267; baseline -0.004 -13"><span class='ocrx_word' id='word_1_284' title='bbox 507 3200 598 3254; x_wconf 82' lang='lat'><strong>39.</strong></span> <span class='ocrx_word' id='word_1_285' title='bbox 642 3201 781 3252; x_wconf 91' lang='lat' dir='ltr'><strong>Inter</strong></span> <span class='ocrx_word' id='word_1_286' title='bbox 806 3197 1111 3267; x_wconf 78' lang='lat' dir='ltr'><strong>aplueresin,</strong></span> <span class='ocrx_word' id='word_1_287' title='bbox 1140 3211 1396 3267; x_wconf 80' lang='lat' dir='ltr'><strong>syncOpen</strong></span> <span class='ocrx_word' id='word_1_288' title='bbox 1424 3202 1478 3267; x_wconf 81' lang='lat' dir='ltr'><strong>et</strong></span> <span class='ocrx_word' id='word_1_289' title='bbox 1505 3209 1764 3265; x_wconf 86' lang='lat' dir='ltr'><strong>apoc0pen</strong></span> <span class='ocrx_word' id='word_1_290' title='bbox 1807 3195 1908 3251; x_wconf 91' lang='lat' dir='ltr'><strong>hoc</strong></span> <span class='ocrx_word' id='word_1_291' title='bbox 1931 3196 2011 3249; x_wconf 89' lang='lat' dir='ltr'><strong>in-</strong></span> 
     </span>
    </p>
   </div>
   <div class='ocr_carea' id='block_1_45' title="bbox 432 3265 2004 3338">
    <p class='ocr_par' dir='ltr' id='par_1_45' title="bbox 432 3265 2004 3338">
     <span class='ocr_line' id='line_1_45' title="bbox 432 3265 2004 3338; baseline -0.003 -16"><span class='ocrx_word' id='word_1_292' title='bbox 432 3279 622 3332; x_wconf 86' lang='lat' dir='ltr'><strong>terest.</strong></span> <span class='ocrx_word' id='word_1_293' title='bbox 657 3268 800 3338; x_wconf 91' lang='lat' dir='ltr'><strong>quod</strong></span> <span class='ocrx_word' id='word_1_294' title='bbox 830 3265 940 3319; x_wconf 68' lang='lat' dir='ltr'><strong>Sola</strong></span> <span class='ocrx_word' id='word_1_295' title='bbox 966 3265 1259 3338; x_wconf 63' lang='lat' dir='ltr'><strong>aphaeresis</strong></span> <span class='ocrx_word' id='word_1_296' title='bbox 1289 3281 1356 3319; x_wconf 79' lang='lat' dir='ltr'><strong>ex</strong></span> <span class='ocrx_word' id='word_1_297' title='bbox 1386 3265 1552 3335; x_wconf 88' lang='lat' dir='ltr'><strong>prima</strong></span> <span class='ocrx_word' id='word_1_298' title='bbox 1581 3276 1731 3334; x_wconf 79' lang='lat' dir='ltr'><strong>parte</strong></span> <span class='ocrx_word' id='word_1_299' title='bbox 1759 3268 1903 3322; x_wconf 86' lang='lat' dir='ltr'><strong>vocis</strong></span> <span class='ocrx_word' id='word_1_300' title='bbox 1929 3268 2004 3329; x_wconf 90' lang='lat' dir='ltr'><strong>Iit,</strong></span> 
     </span>
    </p>
   </div>
   <div class='ocr_carea' id='block_1_46' title="bbox 430 3337 1446 3408">
    <p class='ocr_par' dir='ltr' id='par_1_46' title="bbox 430 3337 1446 3408">
     <span class='ocr_line' id='line_1_46' title="bbox 430 3337 1446 3408; baseline -0.007 -12"><span class='ocrx_word' id='word_1_301' title='bbox 430 3341 641 3396; x_wconf 89' lang='lat' dir='ltr'><strong>litteras</strong></span> <span class='ocrx_word' id='word_1_302' title='bbox 671 3337 726 3394; x_wconf 86' lang='lat' dir='ltr'><strong>et</strong></span> <span class='ocrx_word' id='word_1_303' title='bbox 751 3337 982 3408; x_wconf 74' lang='lat' dir='ltr'><strong>syllabas</strong></span> <span class='ocrx_word' id='word_1_304' title='bbox 1010 3337 1331 3404; x_wconf 71' lang='lat' dir='ltr'><strong>detrahens,</strong></span> <span class='ocrx_word' id='word_1_305' title='bbox 1364 3346 1446 3402; x_wconf 90' lang='lat' dir='ltr'><strong>ut,</strong></span> 
     </span>
    </p>
   </div>
   <div class='ocr_carea' id='block_1_47' title="bbox 582 3445 1856 3511">
    <p class='ocr_par' dir='ltr' id='par_1_47' title="bbox 582 3445 1856 3511">
     <span class='ocr_line' id='line_1_47' title="bbox 582 3445 1856 3511; baseline -0.003 -11"><span class='ocrx_word' id='word_1_306' title='bbox 582 3450 633 3500; x_wconf 90' lang='lat' dir='ltr'><strong>Si</strong></span> <span class='ocrx_word' id='word_1_307' title='bbox 656 3460 816 3511; x_wconf 75' lang='lat' dir='ltr'><strong>genus</strong></span> <span class='ocrx_word' id='word_1_308' title='bbox 838 3448 1118 3509; x_wconf 82' lang='lat' dir='ltr'><strong>humanum,</strong></span> <span class='ocrx_word' id='word_1_309' title='bbox 1145 3453 1196 3498; x_wconf 88' lang='lat' dir='ltr'><strong>et</strong></span> <span class='ocrx_word' id='word_1_310' title='bbox 1219 3445 1440 3496; x_wconf 84' lang='lat' dir='ltr'><strong>mortalia</strong></span> <span class='ocrx_word' id='word_1_311' title='bbox 1463 3459 1682 3495; x_wconf 71' lang='lat' dir='ltr'><strong>&#39;rEuNITts</strong></span> <span class='ocrx_word' id='word_1_312' title='bbox 1706 3457 1856 3506; x_wconf 73' lang='lat' dir='ltr'><strong>amna,</strong></span> 
     </span>
    </p>
   </div>
   <div class='ocr_carea' id='block_1_48' title="bbox 427 3549 2008 3624">
    <p class='ocr_par' dir='ltr' id='par_1_48' title="bbox 427 3549 2008 3624">
     <span class='ocr_line' id='line_1_48' title="bbox 427 3549 2008 3624; baseline -0.003 -16"><span class='ocrx_word' id='word_1_313' title='bbox 427 3569 527 3624; x_wconf 87' lang='lat' dir='ltr'><strong>pro</strong></span> <span class='ocrx_word' id='word_1_314' title='bbox 553 3553 916 3608; x_wconf 89' lang='lat' dir='ltr'><strong>contemnitis.</strong></span> <span class='ocrx_word' id='word_1_315' title='bbox 949 3552 1199 3620; x_wconf 82' lang='lat' dir='ltr'><strong>Syncope</strong></span> <span class='ocrx_word' id='word_1_316' title='bbox 1233 3551 1463 3624; x_wconf 68' lang='lat' dir='ltr'><strong>mediam</strong></span> <span class='ocrx_word' id='word_1_317' title='bbox 1519 3549 1690 3618; x_wconf 89' lang='lat' dir='ltr'><strong>perdit</strong></span> <span class='ocrx_word' id='word_1_318' title='bbox 1740 3560 1802 3624; x_wconf 14' lang='lat' dir='ltr'><strong>ut,</strong></span> <span class='ocrx_word' id='word_1_319' title='bbox 1836 3552 2008 3624; x_wconf 81' lang='lat' dir='ltr'><strong>Appa-</strong></span> 
     </span>
    </p>
   </div>
   <div class='ocr_carea' id='block_1_49' title="bbox 428 3621 2008 3688">
    <p class='ocr_par' dir='ltr' id='par_1_49' title="bbox 428 3621 2008 3688">
     <span class='ocr_line' id='line_1_49' title="bbox 428 3621 2008 3688; baseline -0.001 -12"><span class='ocrx_word' id='word_1_320' title='bbox 428 3621 537 3678; x_wconf 72' lang='lat' dir='ltr'><strong>renl</strong></span> <span class='ocrx_word' id='word_1_321' title='bbox 563 3625 668 3676; x_wconf 91' lang='lat' dir='ltr'><strong>rari</strong></span> <span class='ocrx_word' id='word_1_322' title='bbox 697 3633 895 3683; x_wconf 82' lang='lat' dir='ltr'><strong>nantes.</strong></span> <span class='ocrx_word' id='word_1_323' title='bbox 930 3639 1025 3687; x_wconf 81' lang='lat' dir='ltr'><strong>pro</strong></span> <span class='ocrx_word' id='word_1_324' title='bbox 1054 3630 1309 3674; x_wconf 88' lang='lat' dir='ltr'><strong>natantes.</strong></span> <span class='ocrx_word' id='word_1_325' title='bbox 1343 3621 1591 3688; x_wconf 82' lang='lat' dir='ltr'><strong>Apocope</strong></span> <span class='ocrx_word' id='word_1_326' title='bbox 1618 3636 1685 3674; x_wconf 82' lang='lat' dir='ltr'><strong>ex</strong></span> <span class='ocrx_word' id='word_1_327' title='bbox 1710 3622 1895 3676; x_wconf 88' lang='lat' dir='ltr'><strong>ultima</strong></span> <span class='ocrx_word' id='word_1_328' title='bbox 1924 3623 2008 3685; x_wconf 86' lang='lat' dir='ltr'><strong>Iit,</strong></span> 
     </span>
    </p>
   </div>
   <div class='ocr_carea' id='block_1_50' title="bbox 431 3691 1646 3757">
    <p class='ocr_par' dir='ltr' id='par_1_50' title="bbox 431 3691 1646 3757">
     <span class='ocr_line' id='line_1_50' title="bbox 431 3691 1646 3757; baseline -0.003 -9"><span class='ocrx_word' id='word_1_329' title='bbox 431 3702 494 3749; x_wconf 89' lang='lat' dir='ltr'><strong>ut&#39;</strong></span> <span class='ocrx_word' id='word_1_330' title='bbox 518 3697 699 3747; x_wconf 86' lang='lat' dir='ltr'><strong>domus</strong></span> <span class='ocrx_word' id='word_1_331' title='bbox 727 3696 850 3747; x_wconf 71' lang='lat' dir='ltr'><strong>luxu</strong></span> <span class='ocrx_word' id='word_1_332' title='bbox 876 3693 1172 3757; x_wconf 77' lang='lat' dir='ltr'><strong>instruitur,</strong></span> <span class='ocrx_word' id='word_1_333' title='bbox 1206 3693 1254 3744; x_wconf 89' lang='lat' dir='ltr'><strong>id</strong></span> <span class='ocrx_word' id='word_1_334' title='bbox 1288 3701 1389 3754; x_wconf 90' lang='lat' dir='ltr'><strong>est,</strong></span> <span class='ocrx_word' id='word_1_335' title='bbox 1423 3691 1646 3744; x_wconf 76' lang='lat' dir='ltr'><strong>luxuria.</strong></span> 
     </span>
    </p>
   </div>
   <div class='ocr_carea' id='block_1_51' title="bbox 501 3761 2008 3821">
    <p class='ocr_par' dir='ltr' id='par_1_51' title="bbox 501 3761 2008 3821">
     <span class='ocr_line' id='line_1_51' title="bbox 501 3761 2008 3821; baseline -0.004 0"><span class='ocrx_word' id='word_1_336' title='bbox 501 3765 592 3821; x_wconf 82' lang='lat'><strong>40.</strong></span> <span class='ocrx_word' id='word_1_337' title='bbox 635 3765 778 3817; x_wconf 88' lang='lat' dir='ltr'><strong>Inter</strong></span> <span class='ocrx_word' id='word_1_338' title='bbox 807 3764 1147 3817; x_wconf 77' lang='lat' dir='ltr'><strong>solwcismum</strong></span> <span class='ocrx_word' id='word_1_339' title='bbox 1197 3770 1248 3814; x_wconf 87' lang='lat' dir='ltr'><strong>et</strong></span> <span class='ocrx_word' id='word_1_340' title='bbox 1288 3761 1657 3813; x_wconf 84' lang='lat' dir='ltr'><strong>barbarismum</strong></span> <span class='ocrx_word' id='word_1_341' title='bbox 1698 3762 1798 3816; x_wconf 84' lang='lat' dir='ltr'><strong>ltoc</strong></span> <span class='ocrx_word' id='word_1_342' title='bbox 1840 3761 2008 3816; x_wconf 81' lang='lat' dir='ltr'><strong>inter-</strong></span> 
     </span>
    </p>
   </div>
   <div class='ocr_carea' id='block_1_52' title="bbox 433 3831 2010 3904">
    <p class='ocr_par' dir='ltr' id='par_1_52' title="bbox 433 3831 2010 3904">
     <span class='ocr_line' id='line_1_52' title="bbox 433 3831 2010 3904; baseline -0.003 -14"><span class='ocrx_word' id='word_1_343' title='bbox 433 3843 536 3898; x_wconf 88' lang='lat' dir='ltr'><strong>est,</strong></span> <span class='ocrx_word' id='word_1_344' title='bbox 573 3837 716 3904; x_wconf 88' lang='lat' dir='ltr'><strong>quod</strong></span> <span class='ocrx_word' id='word_1_345' title='bbox 758 3834 1099 3889; x_wconf 64' lang='lat' dir='ltr'><strong>soloecismus</strong></span> <span class='ocrx_word' id='word_1_346' title='bbox 1133 3833 1184 3884; x_wconf 90' lang='lat' dir='ltr'><strong>in</strong></span> <span class='ocrx_word' id='word_1_347' title='bbox 1233 3847 1394 3887; x_wconf 90' lang='lat' dir='ltr'><strong>sensu</strong></span> <span class='ocrx_word' id='word_1_348' title='bbox 1435 3832 1514 3898; x_wconf 90' lang='lat' dir='ltr'><strong>tlt,</strong></span> <span class='ocrx_word' id='word_1_349' title='bbox 1559 3831 1926 3886; x_wconf 87' lang='lat' dir='ltr'><strong>barbarismus</strong></span> <span class='ocrx_word' id='word_1_350' title='bbox 1959 3834 2010 3886; x_wconf 91' lang='lat' dir='ltr'><strong>in</strong></span> 
     </span>
    </p>
   </div>
   <div class='ocr_carea' id='block_1_53' title="bbox 431 3921 582 3960">
    <p class='ocr_par' dir='ltr' id='par_1_53' title="bbox 431 3921 582 3960">
     <span class='ocr_line' id='line_1_53' title="bbox 431 3921 582 3960; baseline 0.013 -2"><span class='ocrx_word' id='word_1_351' title='bbox 431 3921 582 3960; x_wconf 72' lang='grc' dir='ltr'><strong>γορθ.</strong></span> 
     </span>
    </p>
   </div>
   <div class='ocr_carea' id='block_1_54' title="bbox 502 3971 2008 4044">
    <p class='ocr_par' dir='ltr' id='par_1_54' title="bbox 502 3971 2008 4044">
     <span class='ocr_line' id='line_1_54' title="bbox 502 3971 2008 4044; baseline 0 -17"><span class='ocrx_word' id='word_1_352' title='bbox 502 3978 593 4029; x_wconf 79' lang='grc'><strong>41.</strong></span> <span class='ocrx_word' id='word_1_353' title='bbox 634 3975 778 4030; x_wconf 90' lang='lat' dir='ltr'><strong>Inter</strong></span> <span class='ocrx_word' id='word_1_354' title='bbox 805 3976 1039 4028; x_wconf 86' lang='lat' dir='ltr'><strong>relictum</strong></span> <span class='ocrx_word' id='word_1_355' title='bbox 1069 3981 1123 4028; x_wconf 91' lang='lat' dir='ltr'><strong>et</strong></span> <span class='ocrx_word' id='word_1_356' title='bbox 1148 3973 1402 4026; x_wconf 88' lang='lat' dir='ltr'><strong>desertum</strong></span> <span class='ocrx_word' id='word_1_357' title='bbox 1439 3971 1546 4044; x_wconf 84' lang='lat' dir='ltr'><strong>hoc</strong></span> <span class='ocrx_word' id='word_1_358' title='bbox 1573 3971 1821 4044; x_wconf 86' lang='lat' dir='ltr'><strong>interest,</strong></span> <span class='ocrx_word' id='word_1_359' title='bbox 1863 3973 2008 4044; x_wconf 74' lang='lat' dir='ltr'><strong>quod</strong></span> 
     </span>
    </p>
   </div>
   <div class='ocr_carea' id='block_1_55' title="bbox 431 4042 1641 4116">
    <p class='ocr_par' dir='ltr' id='par_1_55' title="bbox 431 4042 1641 4116">
     <span class='ocr_line' id='line_1_55' title="bbox 431 4042 1641 4116; baseline -0.004 -16"><span class='ocrx_word' id='word_1_360' title='bbox 431 4045 782 4116; x_wconf 82' lang='lat' dir='ltr'><strong>relinquimus</strong></span> <span class='ocrx_word' id='word_1_361' title='bbox 814 4045 1109 4116; x_wconf 79' lang='lat' dir='ltr'><strong>voluntate,</strong></span> <span class='ocrx_word' id='word_1_362' title='bbox 1139 4042 1641 4116; x_wconf 21' lang='lat' dir='ltr'><strong>deserimns‘inviti.</strong></span> 
     </span>
    </p>
   </div>
   <div class='ocr_carea' id='block_1_56' title="bbox 504 4113 2011 4182">
    <p class='ocr_par' dir='ltr' id='par_1_56' title="bbox 504 4113 2011 4182">
     <span class='ocr_line' id='line_1_56' title="bbox 504 4113 2011 4182; baseline 0 -15"><span class='ocrx_word' id='word_1_363' title='bbox 504 4113 605 4170; x_wconf 53' lang='lat'><strong>42;</strong></span> <span class='ocrx_word' id='word_1_364' title='bbox 638 4117 780 4170; x_wconf 86' lang='lat' dir='ltr'><strong>Inter</strong></span> <span class='ocrx_word' id='word_1_365' title='bbox 810 4115 1038 4168; x_wconf 85' lang='lat' dir='ltr'><strong>misereri</strong></span> <span class='ocrx_word' id='word_1_366' title='bbox 1085 4126 1137 4168; x_wconf 86' lang='lat' dir='ltr'><strong>et</strong></span> <span class='ocrx_word' id='word_1_367' title='bbox 1164 4115 1397 4167; x_wconf 84' lang='lat' dir='ltr'><strong>miserari</strong></span> <span class='ocrx_word' id='word_1_368' title='bbox 1445 4113 1546 4167; x_wconf 82' lang='lat' dir='ltr'><strong>ltoc</strong></span> <span class='ocrx_word' id='word_1_369' title='bbox 1593 4114 1838 4180; x_wconf 83' lang='lat' dir='ltr'><strong>interest,</strong></span> <span class='ocrx_word' id='word_1_370' title='bbox 1869 4113 2011 4182; x_wconf 89' lang='lat' dir='ltr'><strong>quod</strong></span> 
     </span>
    </p>
   </div>
   <div class='ocr_carea' id='block_1_57' title="bbox 433 4183 2008 4251">
    <p class='ocr_par' dir='ltr' id='par_1_57' title="bbox 433 4183 2008 4251">
     <span class='ocr_line' id='line_1_57' title="bbox 433 4183 2008 4251; baseline -0.002 -10"><span class='ocrx_word' id='word_1_371' title='bbox 433 4187 755 4243; x_wconf 86' lang='lat' dir='ltr'><strong>miseremur</strong></span> <span class='ocrx_word' id='word_1_372' title='bbox 782 4200 904 4238; x_wconf 91' lang='lat' dir='ltr'><strong>cum</strong></span> <span class='ocrx_word' id='word_1_373' title='bbox 944 4184 1135 4239; x_wconf 89' lang='lat' dir='ltr'><strong>eodem</strong></span> <span class='ocrx_word' id='word_1_374' title='bbox 1167 4196 1427 4251; x_wconf 89' lang='lat' dir='ltr'><strong>tempore,</strong></span> <span class='ocrx_word' id='word_1_375' title='bbox 1459 4192 1513 4237; x_wconf 90' lang='lat' dir='ltr'><strong>et</strong></span> <span class='ocrx_word' id='word_1_376' title='bbox 1538 4183 1604 4236; x_wconf 91' lang='lat' dir='ltr'><strong>de</strong></span> <span class='ocrx_word' id='word_1_377' title='bbox 1634 4184 1861 4251; x_wconf 84' lang='lat' dir='ltr'><strong>alicujus</strong></span> <span class='ocrx_word' id='word_1_378' title='bbox 1883 4200 2008 4238; x_wconf 89' lang='lat' dir='ltr'><strong>casu</strong></span> 
     </span>
    </p>
   </div>
   <div class='ocr_carea' id='block_1_58' title="bbox 431 4253 2012 4319">
    <p class='ocr_par' dir='ltr' id='par_1_58' title="bbox 431 4253 2012 4319">
     <span class='ocr_line' id='line_1_58' title="bbox 431 4253 2012 4319; baseline -0.001 -9"><span class='ocrx_word' id='word_1_379' title='bbox 431 4257 581 4311; x_wconf 87' lang='lat' dir='ltr'><strong>dolet</strong></span> <span class='ocrx_word' id='word_1_380' title='bbox 625 4257 798 4319; x_wconf 89' lang='lat' dir='ltr'><strong>nobis,</strong></span> <span class='ocrx_word' id='word_1_381' title='bbox 831 4267 886 4309; x_wconf 90' lang='lat' dir='ltr'><strong>et</strong></span> <span class='ocrx_word' id='word_1_382' title='bbox 927 4255 1272 4308; x_wconf 87' lang='lat' dir='ltr'><strong>subveuimus</strong></span> <span class='ocrx_word' id='word_1_383' title='bbox 1318 4253 1612 4318; x_wconf 82' lang='lat' dir='ltr'><strong>laboranti;</strong></span> <span class='ocrx_word' id='word_1_384' title='bbox 1648 4253 1890 4307; x_wconf 90' lang='lat' dir='ltr'><strong>miserari</strong></span> <span class='ocrx_word' id='word_1_385' title='bbox 1930 4265 2012 4309; x_wconf 82' lang='lat' dir='ltr'><strong>est</strong></span> 
     </span>
    </p>
   </div>
   <div class='ocr_carea' id='block_1_59' title="bbox 431 4321 1868 4394">
    <p class='ocr_par' dir='ltr' id='par_1_59' title="bbox 431 4321 1868 4394">
     <span class='ocr_line' id='line_1_59' title="bbox 431 4321 1868 4394; baseline -0.003 -12"><span class='ocrx_word' id='word_1_386' title='bbox 431 4328 698 4383; x_wconf 87' lang='lat' dir='ltr'><strong>consolari</strong></span> <span class='ocrx_word' id='word_1_387' title='bbox 724 4337 952 4394; x_wconf 88' lang='lat' dir='ltr'><strong>tantum,</strong></span> <span class='ocrx_word' id='word_1_388' title='bbox 982 4334 1036 4380; x_wconf 92' lang='lat' dir='ltr'><strong>et</strong></span> <span class='ocrx_word' id='word_1_389' title='bbox 1061 4327 1197 4380; x_wconf 88' lang='lat' dir='ltr'><strong>intra</strong></span> <span class='ocrx_word' id='word_1_390' title='bbox 1223 4321 1472 4378; x_wconf 73' lang='lat' dir='ltr'><strong>allectum</strong></span> <span class='ocrx_word' id='word_1_391' title='bbox 1502 4325 1700 4378; x_wconf 88' lang='lat' dir='ltr'><strong>doloris</strong></span> <span class='ocrx_word' id='word_1_392' title='bbox 1727 4338 1868 4380; x_wconf 88' lang='lat' dir='ltr'><strong>esse.</strong></span> 
     </span>
    </p>
   </div>
   <div class='ocr_carea' id='block_1_60' title="bbox 2083 460 3657 533">
    <p class='ocr_par' dir='ltr' id='par_1_60' title="bbox 2083 460 3657 533">
     <span class='ocr_line' id='line_1_60' title="bbox 2083 460 3657 533; baseline -0.004 -13"><span class='ocrx_word' id='word_1_393' title='bbox 2083 460 2455 520; x_wconf 45' lang='lat' dir='ltr'><strong>orare‘dicitur</strong></span> <span class='ocrx_word' id='word_1_394' title='bbox 2485 465 2734 533; x_wconf 85' lang='lat' dir='ltr'><strong>quoniam</strong></span> <span class='ocrx_word' id='word_1_395' title='bbox 2763 462 2875 516; x_wconf 88' lang='lat' dir='ltr'><strong>oris</strong></span> <span class='ocrx_word' id='word_1_396' title='bbox 2896 460 3053 514; x_wconf 81' lang='lat' dir='ltr'><strong>ratio</strong></span> <span class='ocrx_word' id='word_1_397' title='bbox 3082 460 3298 526; x_wconf 90' lang='lat' dir='ltr'><strong>dicitur,</strong></span> <span class='ocrx_word' id='word_1_398' title='bbox 3331 473 3384 515; x_wconf 87' lang='lat' dir='ltr'><strong>ct</strong></span> <span class='ocrx_word' id='word_1_399' title='bbox 3412 467 3501 533; x_wconf 88' lang='lat' dir='ltr'><strong>qui</strong></span> <span class='ocrx_word' id='word_1_400' title='bbox 3529 460 3657 524; x_wconf 55' lang='lat' dir='ltr'><strong>sm.</strong></span> 
     </span>
    </p>
   </div>
   <div class='ocr_carea' id='block_1_61' title="bbox 2085 532 3656 606">
    <p class='ocr_par' dir='ltr' id='par_1_61' title="bbox 2085 532 3656 606">
     <span class='ocr_line' id='line_1_61' title="bbox 2085 532 3656 606; baseline 0.003 -20"><span class='ocrx_word' id='word_1_401' title='bbox 2085 536 2155 591; x_wconf 85' lang='lat' dir='ltr'><strong>eti</strong></span> <span class='ocrx_word' id='word_1_402' title='bbox 2177 550 2243 584; x_wconf 87' lang='lat' dir='ltr'><strong>nn</strong></span> <span class='ocrx_word' id='word_1_403' title='bbox 2266 543 2530 598; x_wconf 87' lang='lat' dir='ltr'><strong>precatur,</strong></span> <span class='ocrx_word' id='word_1_404' title='bbox 2556 532 2643 606; x_wconf 85' lang='lat' dir='ltr'><strong>qni</strong></span> <span class='ocrx_word' id='word_1_405' title='bbox 2679 541 2828 606; x_wconf 81' lang='lat' dir='ltr'><strong>rogat</strong></span> <span class='ocrx_word' id='word_1_406' title='bbox 2853 533 3204 606; x_wconf 60' lang='lat' dir='ltr'><strong>deprecatur;</strong></span> <span class='ocrx_word' id='word_1_407' title='bbox 3231 548 3333 585; x_wconf 91' lang='lat' dir='ltr'><strong>non</strong></span> <span class='ocrx_word' id='word_1_408' title='bbox 3362 532 3542 600; x_wconf 87' lang='lat' dir='ltr'><strong>utique</strong></span> <span class='ocrx_word' id='word_1_409' title='bbox 3569 544 3656 606; x_wconf 89' lang='lat' dir='ltr'><strong>qui</strong></span> 
     </span>
    </p>
   </div>
   <div class='ocr_carea' id='block_1_62' title="bbox 2086 601 3660 675">
    <p class='ocr_par' dir='ltr' id='par_1_62' title="bbox 2086 601 3660 675">
     <span class='ocr_line' id='line_1_62' title="bbox 2086 601 3660 675; baseline 0.004 -18"><span class='ocrx_word' id='word_1_410' title='bbox 2086 612 2335 675; x_wconf 76' lang='lat' dir='ltr'><strong>precatur</strong></span> <span class='ocrx_word' id='word_1_411' title='bbox 2365 611 2504 666; x_wconf 80' lang='lat' dir='ltr'><strong>orat,</strong></span> <span class='ocrx_word' id='word_1_412' title='bbox 2527 605 2650 670; x_wconf 84' lang='lat' dir='ltr'><strong>quia</strong></span> <span class='ocrx_word' id='word_1_413' title='bbox 2682 605 2840 656; x_wconf 84' lang='lat' dir='ltr'><strong>etiam</strong></span> <span class='ocrx_word' id='word_1_414' title='bbox 2869 601 3100 670; x_wconf 90' lang='lat' dir='ltr'><strong>imperiti</strong></span> <span class='ocrx_word' id='word_1_415' title='bbox 3124 602 3188 655; x_wconf 90' lang='lat' dir='ltr'><strong>ad</strong></span> <span class='ocrx_word' id='word_1_416' title='bbox 3227 617 3412 671; x_wconf 87' lang='lat' dir='ltr'><strong>preces</strong></span> <span class='ocrx_word' id='word_1_417' title='bbox 3437 601 3660 665; x_wconf 76' lang='lat' dir='ltr'><strong>descen-</strong></span> 
     </span>
    </p>
   </div>
   <div class='ocr_carea' id='block_1_63' title="bbox 2085 677 2238 731">
    <p class='ocr_par' dir='ltr' id='par_1_63' title="bbox 2085 677 2238 731">
     <span class='ocr_line' id='line_1_63' title="bbox 2085 677 2238 731; baseline -0.033 0"><span class='ocrx_word' id='word_1_418' title='bbox 2085 677 2238 731; x_wconf 79' lang='lat' dir='ltr'><strong>dunL</strong></span> 
     </span>
    </p>
   </div>
   <div class='ocr_carea' id='block_1_64' title="bbox 2161 741 3657 818">
    <p class='ocr_par' dir='ltr' id='par_1_64' title="bbox 2161 741 3657 818">
     <span class='ocr_line' id='line_1_64' title="bbox 2161 741 3657 818; baseline 0.005 -23"><span class='ocrx_word' id='word_1_419' title='bbox 2161 744 2249 818; x_wconf 69' lang='lat'><strong>44.</strong></span> <span class='ocrx_word' id='word_1_420' title='bbox 2274 742 2426 818; x_wconf 71' lang='lat' dir='ltr'><strong>Inter</strong></span> <span class='ocrx_word' id='word_1_421' title='bbox 2446 742 2704 818; x_wconf 65' lang='lat' dir='ltr'><strong>nescirent</strong></span> <span class='ocrx_word' id='word_1_422' title='bbox 2727 741 2965 812; x_wconf 86' lang='lat' dir='ltr'><strong>ignorare</strong></span> <span class='ocrx_word' id='word_1_423' title='bbox 2989 741 3088 818; x_wconf 71' lang='lat' dir='ltr'><strong>ltoc</strong></span> <span class='ocrx_word' id='word_1_424' title='bbox 3125 743 3365 818; x_wconf 79' lang='lat' dir='ltr'><strong>interest,</strong></span> <span class='ocrx_word' id='word_1_425' title='bbox 3400 747 3539 815; x_wconf 87' lang='lat' dir='ltr'><strong>quod</strong></span> <span class='ocrx_word' id='word_1_426' title='bbox 3569 751 3657 818; x_wconf 86' lang='lat' dir='ltr'><strong>qui</strong></span> 
     </span>
    </p>
   </div>
   <div class='ocr_carea' id='block_1_65' title="bbox 2089 811 3685 882">
    <p class='ocr_par' dir='ltr' id='par_1_65' title="bbox 2089 811 3685 882">
     <span class='ocr_line' id='line_1_65' title="bbox 2089 811 3685 882; baseline 0.001 -16"><span class='ocrx_word' id='word_1_427' title='bbox 2089 814 2260 871; x_wconf 88' lang='lat' dir='ltr'><strong>nescit</strong></span> <span class='ocrx_word' id='word_1_428' title='bbox 2283 811 2519 864; x_wconf 87' lang='lat' dir='ltr'><strong>omnium</strong></span> <span class='ocrx_word' id='word_1_429' title='bbox 2541 812 2720 864; x_wconf 84' lang='lat' dir='ltr'><strong>notitia</strong></span> <span class='ocrx_word' id='word_1_430' title='bbox 2741 823 2909 874; x_wconf 86' lang='lat' dir='ltr'><strong>caret,</strong></span> <span class='ocrx_word' id='word_1_431' title='bbox 2927 813 3015 880; x_wconf 91' lang='lat' dir='ltr'><strong>qui</strong></span> <span class='ocrx_word' id='word_1_432' title='bbox 3039 814 3244 882; x_wconf 81' lang='lat' dir='ltr'><strong>ignorat</strong></span> <span class='ocrx_word' id='word_1_433' title='bbox 3267 811 3462 882; x_wconf 80' lang='lat' dir='ltr'><strong>aliquid</strong></span> <span class='ocrx_word' id='word_1_434' title='bbox 3493 811 3655 874; x_wconf 75' lang='lat' dir='ltr'><strong>nescit</strong></span> <span class='ocrx_word' id='word_1_435' title='bbox 3671 859 3685 874; x_wconf 89' lang='lat'><strong>,</strong></span> 
     </span>
    </p>
   </div>
   <div class='ocr_carea' id='block_1_66' title="bbox 2160 882 3661 956">
    <p class='ocr_par' dir='ltr' id='par_1_66' title="bbox 2160 882 3661 956">
     <span class='ocr_line' id='line_1_66' title="bbox 2160 882 3661 956; baseline 0.006 -21"><span class='ocrx_word' id='word_1_436' title='bbox 2160 882 2249 937; x_wconf 69' lang='grc'><strong>45.</strong></span> <span class='ocrx_word' id='word_1_437' title='bbox 2297 883 2435 956; x_wconf 74' lang='lat' dir='ltr'><strong>Inter</strong></span> <span class='ocrx_word' id='word_1_438' title='bbox 2465 883 2686 952; x_wconf 83' lang='lat' dir='ltr'><strong>legatum</strong></span> <span class='ocrx_word' id='word_1_439' title='bbox 2716 891 2769 956; x_wconf 88' lang='lat' dir='ltr'><strong>c_t</strong></span> <span class='ocrx_word' id='word_1_440' title='bbox 2799 892 3052 956; x_wconf 70' lang='lat' dir='ltr'><strong>oratorem</strong></span> <span class='ocrx_word' id='word_1_441' title='bbox 3102 886 3202 956; x_wconf 83' lang='lat' dir='ltr'><strong>hoc</strong></span> <span class='ocrx_word' id='word_1_442' title='bbox 3246 886 3487 950; x_wconf 87' lang='lat' dir='ltr'><strong>interest,</strong></span> <span class='ocrx_word' id='word_1_443' title='bbox 3519 894 3661 956; x_wconf 80' lang='lat' dir='ltr'><strong>quod</strong></span> 
     </span>
    </p>
   </div>
   <div class='ocr_carea' id='block_1_67' title="bbox 2093 950 3666 1022">
    <p class='ocr_par' dir='ltr' id='par_1_67' title="bbox 2093 950 3666 1022">
     <span class='ocr_line' id='line_1_67' title="bbox 2093 950 3666 1022; baseline 0.001 -12"><span class='ocrx_word' id='word_1_444' title='bbox 2093 957 2296 1022; x_wconf 77' lang='lat' dir='ltr'><strong>legatus</strong></span> <span class='ocrx_word' id='word_1_445' title='bbox 2334 950 2538 1006; x_wconf 81' lang='lat' dir='ltr'><strong>electus</strong></span> <span class='ocrx_word' id='word_1_446' title='bbox 2577 960 2660 1005; x_wconf 89' lang='lat' dir='ltr'><strong>est</strong></span> <span class='ocrx_word' id='word_1_447' title='bbox 2690 952 2757 1022; x_wconf 90' lang='lat' dir='ltr'><strong>ad</strong></span> <span class='ocrx_word' id='word_1_448' title='bbox 2785 950 3018 1005; x_wconf 85' lang='lat' dir='ltr'><strong>officium</strong></span> <span class='ocrx_word' id='word_1_449' title='bbox 3051 967 3080 1005; x_wconf 91' lang='lat' dir='ltr'><strong>a</strong></span> <span class='ocrx_word' id='word_1_450' title='bbox 3111 953 3346 1019; x_wconf 88' lang='lat' dir='ltr'><strong>civitate,</strong></span> <span class='ocrx_word' id='word_1_451' title='bbox 3381 966 3433 1009; x_wconf 91' lang='lat' dir='ltr'><strong>et</strong></span> <span class='ocrx_word' id='word_1_452' title='bbox 3463 950 3549 1010; x_wconf 73' lang='lat' dir='ltr'><strong>est</strong></span> <span class='ocrx_word' id='word_1_453' title='bbox 3580 978 3666 1013; x_wconf 78' lang='lat' dir='ltr'><strong>sa-</strong></span> 
     </span>
    </p>
   </div>
   <div class='ocr_carea' id='block_1_68' title="bbox 2092 1021 3670 1092">
    <p class='ocr_par' dir='ltr' id='par_1_68' title="bbox 2092 1021 3670 1092">
     <span class='ocr_line' id='line_1_68' title="bbox 2092 1021 3670 1092; baseline 0.004 -13"><span class='ocrx_word' id='word_1_454' title='bbox 2092 1021 2435 1085; x_wconf 74' lang='lat' dir='ltr'><strong>crosanctus;</strong></span> <span class='ocrx_word' id='word_1_455' title='bbox 2467 1031 2668 1092; x_wconf 77' lang='lat' dir='ltr'><strong>orator,</strong></span> <span class='ocrx_word' id='word_1_456' title='bbox 2698 1021 2762 1073; x_wconf 90' lang='lat' dir='ltr'><strong>ad</strong></span> <span class='ocrx_word' id='word_1_457' title='bbox 2789 1023 3047 1076; x_wconf 88' lang='lat' dir='ltr'><strong>orandum</strong></span> <span class='ocrx_word' id='word_1_458' title='bbox 3079 1024 3292 1092; x_wconf 85' lang='lat' dir='ltr'><strong>missus,</strong></span> <span class='ocrx_word' id='word_1_459' title='bbox 3328 1033 3384 1079; x_wconf 90' lang='lat' dir='ltr'><strong>ut</strong></span> <span class='ocrx_word' id='word_1_460' title='bbox 3410 1030 3520 1082; x_wconf 90' lang='lat' dir='ltr'><strong>oris</strong></span> <span class='ocrx_word' id='word_1_461' title='bbox 3541 1044 3670 1084; x_wconf 84' lang='lat' dir='ltr'><strong>ora-</strong></span> 
     </span>
    </p>
   </div>
   <div class='ocr_carea' id='block_1_69' title="bbox 2094 1090 2856 1158">
    <p class='ocr_par' dir='ltr' id='par_1_69' title="bbox 2094 1090 2856 1158">
     <span class='ocr_line' id='line_1_69' title="bbox 2094 1090 2856 1158; baseline -0.005 -8"><span class='ocrx_word' id='word_1_462' title='bbox 2094 1097 2238 1150; x_wconf 88' lang='lat' dir='ltr'><strong>tione</strong></span> <span class='ocrx_word' id='word_1_463' title='bbox 2269 1100 2499 1158; x_wconf 82' lang='lat' dir='ltr'><strong>exponat</strong></span> <span class='ocrx_word' id='word_1_464' title='bbox 2533 1090 2673 1158; x_wconf 90' lang='lat' dir='ltr'><strong>quod</strong></span> <span class='ocrx_word' id='word_1_465' title='bbox 2709 1093 2856 1157; x_wconf 88' lang='lat' dir='ltr'><strong>petit.</strong></span> 
     </span>
    </p>
   </div>
   <div class='ocr_carea' id='block_1_70' title="bbox 2164 1162 3668 1238">
    <p class='ocr_par' dir='ltr' id='par_1_70' title="bbox 2164 1162 3668 1238">
     <span class='ocr_line' id='line_1_70' title="bbox 2164 1162 3668 1238; baseline 0.005 -21"><span class='ocrx_word' id='word_1_466' title='bbox 2164 1164 2255 1217; x_wconf 85' lang='lat'><strong>46.</strong></span> <span class='ocrx_word' id='word_1_467' title='bbox 2301 1162 2438 1216; x_wconf 88' lang='lat' dir='ltr'><strong>Inter</strong></span> <span class='ocrx_word' id='word_1_468' title='bbox 2469 1163 2696 1238; x_wconf 57' lang='lat' dir='ltr'><strong>tnrdum,</strong></span> <span class='ocrx_word' id='word_1_469' title='bbox 2730 1163 2950 1238; x_wconf 73' lang='lat' dir='ltr'><strong>pigrum,</strong></span> <span class='ocrx_word' id='word_1_470' title='bbox 2982 1162 3196 1238; x_wconf 78' lang='lat' dir='ltr'><strong>inertem</strong></span> <span class='ocrx_word' id='word_1_471' title='bbox 3231 1173 3296 1238; x_wconf 11' lang='lat' dir='ltr'><strong>et,</strong></span> <span class='ocrx_word' id='word_1_472' title='bbox 3324 1183 3524 1238; x_wconf 80' lang='lat' dir='ltr'><strong>segnem</strong></span> <span class='ocrx_word' id='word_1_473' title='bbox 3567 1169 3668 1225; x_wconf 85' lang='lat' dir='ltr'><strong>hoc</strong></span> 
     </span>
    </p>
   </div>
   <div class='ocr_carea' id='block_1_71' title="bbox 2097 1230 3666 1308">
    <p class='ocr_par' dir='ltr' id='par_1_71' title="bbox 2097 1230 3666 1308">
     <span class='ocr_line' id='line_1_71' title="bbox 2097 1230 3666 1308; baseline 0.005 -22"><span class='ocrx_word' id='word_1_474' title='bbox 2097 1235 2351 1308; x_wconf 70' lang='lat' dir='ltr'><strong>interest,</strong></span> <span class='ocrx_word' id='word_1_475' title='bbox 2371 1230 2513 1298; x_wconf 90' lang='lat' dir='ltr'><strong>quod</strong></span> <span class='ocrx_word' id='word_1_476' title='bbox 2573 1230 3005 1308; x_wconf 46' lang='lat' dir='ltr'><strong>tardttsn&#39;dicitnr</strong></span> <span class='ocrx_word' id='word_1_477' title='bbox 3031 1234 3143 1308; x_wconf 86' lang='lat' dir='ltr'><strong>__qui</strong></span> <span class='ocrx_word' id='word_1_478' title='bbox 3199 1230 3397 1290; x_wconf 55' lang='lat' dir='ltr'><strong>traltit&#39;</strong></span> <span class='ocrx_word' id='word_1_479' title='bbox 3416 1245 3624 1308; x_wconf 85' lang='lat' dir='ltr'><strong>tempus</strong></span> <span class='ocrx_word' id='word_1_480' title='bbox 3650 1260 3666 1306; x_wconf 87' lang='lat'><strong>;</strong></span> 
     </span>
    </p>
   </div>
   <div class='ocr_carea' id='block_1_72' title="bbox 2096 1299 3674 1382">
    <p class='ocr_par' dir='ltr' id='par_1_72' title="bbox 2096 1299 3674 1382">
     <span class='ocr_line' id='line_1_72' title="bbox 2096 1299 3674 1382; baseline 0.005 -24"><span class='ocrx_word' id='word_1_481' title='bbox 2096 1305 2262 1382; x_wconf 79' lang='lat' dir='ltr'><strong>iners,</strong></span> <span class='ocrx_word' id='word_1_482' title='bbox 2310 1303 2426 1354; x_wconf 91' lang='lat' dir='ltr'><strong>sine</strong></span> <span class='ocrx_word' id='word_1_483' title='bbox 2469 1308 2634 1382; x_wconf 50' lang='lat' dir='ltr'><strong>arte,&quot;</strong></span> <span class='ocrx_word' id='word_1_484' title='bbox 2661 1299 2874 1382; x_wconf 63' lang='lat' dir='ltr'><strong>nullius</strong></span> <span class='ocrx_word' id='word_1_485' title='bbox 2902 1299 3319 1382; x_wconf 24' lang='lat' dir='ltr'><strong>oflicii’capax;</strong></span> <span class='ocrx_word' id='word_1_486' title='bbox 3355 1307 3501 1382; x_wconf 77' lang='lat' dir='ltr'><strong>piger</strong></span> <span class='ocrx_word' id='word_1_487' title='bbox 3519 1299 3543 1376; x_wconf 85' lang='grc'><em>,’</em></span> <span class='ocrx_word' id='word_1_488' title='bbox 3580 1299 3674 1382; x_wconf 82' lang='lat' dir='ltr'><strong>per</strong></span> 
     </span>
    </p>
   </div>
   <div class='ocr_carea' id='block_1_73' title="bbox 2097 1369 3564 1440">
    <p class='ocr_par' dir='ltr' id='par_1_73' title="bbox 2097 1369 3564 1440">
     <span class='ocr_line' id='line_1_73' title="bbox 2097 1369 3564 1440; baseline 0.002 -10"><span class='ocrx_word' id='word_1_489' title='bbox 2097 1373 2274 1430; x_wconf 89' lang='lat' dir='ltr'><strong>omnia</strong></span> <span class='ocrx_word' id='word_1_490' title='bbox 2305 1386 2448 1440; x_wconf 61' lang='grc' dir='ltr'><strong>τρετο</strong></span> <span class='ocrx_word' id='word_1_491' title='bbox 2478 1369 2698 1434; x_wconf 90' lang='lat' dir='ltr'><strong>similis;</strong></span> <span class='ocrx_word' id='word_1_492' title='bbox 2729 1374 2927 1436; x_wconf 81' lang='lat' dir='ltr'><strong>segnis,</strong></span> <span class='ocrx_word' id='word_1_493' title='bbox 2960 1369 3278 1428; x_wconf 87' lang='lat' dir='ltr'><strong>emotusest</strong></span> <span class='ocrx_word' id='word_1_494' title='bbox 3303 1391 3331 1428; x_wconf 89' lang='lat' dir='ltr'><strong>a</strong></span> <span class='ocrx_word' id='word_1_495' title='bbox 3355 1369 3564 1433; x_wconf 65' lang='lat' dir='ltr'><strong>calore.</strong></span> 
     </span>
    </p>
   </div>
   <div class='ocr_carea' id='block_1_74' title="bbox 2170 1441 3675 1513">
    <p class='ocr_par' dir='ltr' id='par_1_74' title="bbox 2170 1441 3675 1513">
     <span class='ocr_line' id='line_1_74' title="bbox 2170 1441 3675 1513; baseline 0.007 -19"><span class='ocrx_word' id='word_1_496' title='bbox 2170 1443 2260 1497; x_wconf 85' lang='lat'><strong>47.</strong></span> <span class='ocrx_word' id='word_1_497' title='bbox 2304 1441 2444 1513; x_wconf 85' lang='lat' dir='ltr'><strong>Inter</strong></span> <span class='ocrx_word' id='word_1_498' title='bbox 2474 1449 2648 1513; x_wconf 85' lang='lat' dir='ltr'><strong>natum</strong></span> <span class='ocrx_word' id='word_1_499' title='bbox 2675 1449 2730 1495; x_wconf 84' lang='lat' dir='ltr'><strong>et</strong></span> <span class='ocrx_word' id='word_1_500' title='bbox 2756 1452 2966 1510; x_wconf 85' lang='lat' dir='ltr'><strong>gnatum</strong></span> <span class='ocrx_word' id='word_1_501' title='bbox 3009 1445 3108 1513; x_wconf 80' lang='lat' dir='ltr'><strong>ltoc</strong></span> <span class='ocrx_word' id='word_1_502' title='bbox 3142 1443 3382 1506; x_wconf 89' lang='lat' dir='ltr'><strong>interest,</strong></span> <span class='ocrx_word' id='word_1_503' title='bbox 3408 1450 3546 1513; x_wconf 86' lang='lat' dir='ltr'><strong>quod</strong></span> <span class='ocrx_word' id='word_1_504' title='bbox 3582 1465 3675 1504; x_wconf 85' lang='lat' dir='ltr'><strong>na-</strong></span> 
     </span>
    </p>
   </div>
   <div class='ocr_carea' id='block_1_75' title="bbox 2102 1510 3677 1592">
    <p class='ocr_par' dir='ltr' id='par_1_75' title="bbox 2102 1510 3677 1592">
     <span class='ocr_line' id='line_1_75' title="bbox 2102 1510 3677 1592; baseline 0.004 -24"><span class='ocrx_word' id='word_1_505' title='bbox 2102 1524 2186 1568; x_wconf 81' lang='lat' dir='ltr'><strong>tus</strong></span> <span class='ocrx_word' id='word_1_506' title='bbox 2222 1510 2614 1592; x_wconf 73' lang='lat' dir='ltr'><strong>particulariter</strong></span> <span class='ocrx_word' id='word_1_507' title='bbox 2636 1527 2664 1565; x_wconf 90' lang='lat' dir='ltr'><strong>a</strong></span> <span class='ocrx_word' id='word_1_508' title='bbox 2697 1512 2857 1565; x_wconf 61' lang='lat' dir='ltr'><strong>verbo</strong></span> <span class='ocrx_word' id='word_1_509' title='bbox 2889 1512 3055 1576; x_wconf 86' lang='lat' dir='ltr'><strong>nasci,</strong></span> <span class='ocrx_word' id='word_1_510' title='bbox 3087 1521 3276 1582; x_wconf 65' lang='lat' dir='ltr'><strong>gnatus</strong></span> <span class='ocrx_word' id='word_1_511' title='bbox 3311 1510 3506 1573; x_wconf 84' lang='lat' dir='ltr'><strong>dicitur</strong></span> <span class='ocrx_word' id='word_1_512' title='bbox 3535 1521 3677 1576; x_wconf 88' lang='lat' dir='ltr'><strong>filius</strong></span> 
     </span>
    </p>
   </div>
   <div class='ocr_carea' id='block_1_76' title="bbox 2103 1593 2524 1653">
    <p class='ocr_par' dir='ltr' id='par_1_76' title="bbox 2103 1593 2524 1653">
     <span class='ocr_line' id='line_1_76' title="bbox 2103 1593 2524 1653; baseline -0.012 -15"><span class='ocrx_word' id='word_1_513' title='bbox 2103 1602 2130 1638; x_wconf 89' lang='lat' dir='ltr'><strong>a</strong></span> <span class='ocrx_word' id='word_1_514' title='bbox 2163 1593 2524 1653; x_wconf 78' lang='lat' dir='ltr'><strong>generatione.</strong></span> 
     </span>
    </p>
   </div>
   <div class='ocr_carea' id='block_1_77' title="bbox 2173 1651 3671 1728">
    <p class='ocr_par' dir='ltr' id='par_1_77' title="bbox 2173 1651 3671 1728">
     <span class='ocr_line' id='line_1_77' title="bbox 2173 1651 3671 1728; baseline 0.005 -22"><span class='ocrx_word' id='word_1_515' title='bbox 2173 1651 2261 1709; x_wconf 75' lang='lat'><strong>48.</strong></span> <span class='ocrx_word' id='word_1_516' title='bbox 2305 1653 2443 1706; x_wconf 90' lang='lat' dir='ltr'><strong>Inter</strong></span> <span class='ocrx_word' id='word_1_517' title='bbox 2469 1651 2713 1728; x_wconf 77' lang='lat' dir='ltr'><strong>infamem</strong></span> <span class='ocrx_word' id='word_1_518' title='bbox 2742 1658 2794 1705; x_wconf 87' lang='lat' dir='ltr'><strong>et</strong></span> <span class='ocrx_word' id='word_1_519' title='bbox 2822 1654 3076 1728; x_wconf 68' lang='lat' dir='ltr'><strong>[nitrosum</strong></span> <span class='ocrx_word' id='word_1_520' title='bbox 3133 1651 3231 1707; x_wconf 88' lang='lat' dir='ltr'><strong>hoc</strong></span> <span class='ocrx_word' id='word_1_521' title='bbox 3261 1653 3502 1728; x_wconf 79' lang='lat' dir='ltr'><strong>interest,</strong></span> <span class='ocrx_word' id='word_1_522' title='bbox 3533 1663 3671 1728; x_wconf 88' lang='lat' dir='ltr'><strong>quod</strong></span> 
     </span>
    </p>
   </div>
   <div class='ocr_carea' id='block_1_78' title="bbox 2032 1721 3679 1801">
    <p class='ocr_par' dir='ltr' id='par_1_78' title="bbox 2032 1721 3679 1801">
     <span class='ocr_line' id='line_1_78' title="bbox 2032 1721 3679 1801; baseline 0.005 -25"><span class='ocrx_word' id='word_1_523' title='bbox 2032 1743 2076 1801; x_wconf 67' lang='grc' dir='ltr'>Β</span> <span class='ocrx_word' id='word_1_524' title='bbox 2105 1723 2342 1801; x_wconf 81' lang='lat' dir='ltr'><strong>famosus</strong></span> <span class='ocrx_word' id='word_1_525' title='bbox 2365 1730 2486 1801; x_wconf 45' lang='lat' dir='ltr'><strong>tam.</strong></span> <span class='ocrx_word' id='word_1_526' title='bbox 2501 1721 2552 1774; x_wconf 92' lang='lat' dir='ltr'><strong>in</strong></span> <span class='ocrx_word' id='word_1_527' title='bbox 2577 1722 2715 1801; x_wconf 74' lang='lat' dir='ltr'><strong>bona</strong></span> <span class='ocrx_word' id='word_1_528' title='bbox 2746 1722 3072 1790; x_wconf 84' lang='lat' dir='ltr'><strong>cogitatione</strong></span> <span class='ocrx_word' id='word_1_529' title='bbox 3097 1737 3252 1791; x_wconf 89' lang='lat' dir='ltr'><strong>quam</strong></span> <span class='ocrx_word' id='word_1_530' title='bbox 3277 1725 3328 1778; x_wconf 91' lang='lat' dir='ltr'><strong>in</strong></span> <span class='ocrx_word' id='word_1_531' title='bbox 3354 1721 3512 1794; x_wconf 15' lang='lat' dir='ltr'><strong>malai,</strong></span> <span class='ocrx_word' id='word_1_532' title='bbox 3541 1721 3679 1785; x_wconf 77' lang='lat' dir='ltr'><strong>infa—</strong></span> 
     </span>
    </p>
   </div>
   <div class='ocr_carea' id='block_1_79' title="bbox 2104 1791 2712 1849">
    <p class='ocr_par' dir='ltr' id='par_1_79' title="bbox 2104 1791 2712 1849">
     <span class='ocr_line' id='line_1_79' title="bbox 2104 1791 2712 1849; baseline -0.012 0"><span class='ocrx_word' id='word_1_533' title='bbox 2104 1795 2204 1849; x_wconf 83' lang='lat' dir='ltr'><strong>mis</strong></span> <span class='ocrx_word' id='word_1_534' title='bbox 2238 1803 2440 1846; x_wconf 87' lang='lat' dir='ltr'><strong>tantmn</strong></span> <span class='ocrx_word' id='word_1_535' title='bbox 2473 1791 2523 1845; x_wconf 92' lang='lat' dir='ltr'><strong>in</strong></span> <span class='ocrx_word' id='word_1_536' title='bbox 2555 1791 2712 1844; x_wconf 88' lang='lat' dir='ltr'><strong>mala.</strong></span> 
     </span>
    </p>
   </div>
   <div class='ocr_carea' id='block_1_80' title="bbox 2172 1861 3677 1939">
    <p class='ocr_par' dir='ltr' id='par_1_80' title="bbox 2172 1861 3677 1939">
     <span class='ocr_line' id='line_1_80' title="bbox 2172 1861 3677 1939; baseline 0.003 -23"><span class='ocrx_word' id='word_1_537' title='bbox 2172 1861 2265 1918; x_wconf 61' lang='grc' dir='ltr'><strong>ιε).</strong></span> <span class='ocrx_word' id='word_1_538' title='bbox 2307 1864 2449 1939; x_wconf 75' lang='lat' dir='ltr'><strong>Inter</strong></span> <span class='ocrx_word' id='word_1_539' title='bbox 2467 1864 2785 1939; x_wconf 76' lang='lat' dir='ltr'><strong>juventulem</strong></span> <span class='ocrx_word' id='word_1_540' title='bbox 2816 1870 2862 1939; x_wconf 77' lang='lat' dir='ltr'><strong>et</strong></span> <span class='ocrx_word' id='word_1_541' title='bbox 2886 1862 3149 1939; x_wconf 70' lang='lat' dir='ltr'><strong>juventam</strong></span> <span class='ocrx_word' id='word_1_542' title='bbox 3181 1863 3281 1939; x_wconf 84' lang='lat' dir='ltr'><strong>hoc</strong></span> <span class='ocrx_word' id='word_1_543' title='bbox 3313 1866 3533 1924; x_wconf 88' lang='lat' dir='ltr'><strong>interest</strong></span> <span class='ocrx_word' id='word_1_544' title='bbox 3556 1884 3570 1927; x_wconf 89' lang='lat'><strong>:</strong></span> <span class='ocrx_word' id='word_1_545' title='bbox 3589 1870 3677 1939; x_wconf 84' lang='lat' dir='ltr'><strong>jn-</strong></span> 
     </span>
    </p>
   </div>
   <div class='ocr_carea' id='block_1_81' title="bbox 2105 1932 3680 2005">
    <p class='ocr_par' dir='ltr' id='par_1_81' title="bbox 2105 1932 3680 2005">
     <span class='ocr_line' id='line_1_81' title="bbox 2105 1932 3680 2005; baseline 0.006 -19"><span class='ocrx_word' id='word_1_546' title='bbox 2105 1945 2298 1988; x_wconf 84' lang='lat' dir='ltr'><strong>ventus</strong></span> <span class='ocrx_word' id='word_1_547' title='bbox 2345 1935 2540 2005; x_wconf 86' lang='lat' dir='ltr'><strong>dicitur</strong></span> <span class='ocrx_word' id='word_1_548' title='bbox 2586 1932 2872 2005; x_wconf 81' lang='lat' dir='ltr'><strong>multitudo</strong></span> <span class='ocrx_word' id='word_1_549' title='bbox 2897 1934 3190 1998; x_wconf 80' lang='lat' dir='ltr'><strong>juvenum,</strong></span> <span class='ocrx_word' id='word_1_550' title='bbox 3231 1934 3473 2005; x_wconf 86' lang='lat' dir='ltr'><strong>juventa,</strong></span> <span class='ocrx_word' id='word_1_551' title='bbox 3523 1932 3680 1996; x_wconf 73' lang='lat' dir='ltr'><strong>unius</strong></span> 
     </span>
    </p>
   </div>
   <div class='ocr_carea' id='block_1_82' title="bbox 2107 2001 3024 2070">
    <p class='ocr_par' dir='ltr' id='par_1_82' title="bbox 2107 2001 3024 2070">
     <span class='ocr_line' id='line_1_82' title="bbox 2107 2001 3024 2070; baseline -0.002 -12"><span class='ocrx_word' id='word_1_552' title='bbox 2107 2014 2259 2070; x_wconf 70' lang='lat' dir='ltr'><strong>tetas,</strong></span> <span class='ocrx_word' id='word_1_553' title='bbox 2293 2005 2372 2057; x_wconf 91' lang='lat' dir='ltr'><strong>vel</strong></span> <span class='ocrx_word' id='word_1_554' title='bbox 2403 2004 2562 2058; x_wconf 90' lang='lat' dir='ltr'><strong>etiam</strong></span> <span class='ocrx_word' id='word_1_555' title='bbox 2585 2001 2683 2055; x_wconf 90' lang='lat' dir='ltr'><strong>dea</strong></span> <span class='ocrx_word' id='word_1_556' title='bbox 2710 2002 3024 2068; x_wconf 83' lang='lat' dir='ltr'><strong>juventutis.</strong></span> 
     </span>
    </p>
   </div>
   <div class='ocr_carea' id='block_1_83' title="bbox 2178 2071 3678 2147">
    <p class='ocr_par' dir='ltr' id='par_1_83' title="bbox 2178 2071 3678 2147">
     <span class='ocr_line' id='line_1_83' title="bbox 2178 2071 3678 2147; baseline 0.007 -23"><span class='ocrx_word' id='word_1_557' title='bbox 2178 2071 2448 2147; x_wconf 73' lang='lat' dir='ltr'><strong>50._In_ter</strong></span> <span class='ocrx_word' id='word_1_558' title='bbox 2471 2075 2621 2126; x_wconf 85' lang='lat' dir='ltr'><strong>decus</strong></span> <span class='ocrx_word' id='word_1_559' title='bbox 2648 2082 2699 2147; x_wconf 87' lang='lat' dir='ltr'><strong>e_t</strong></span> <span class='ocrx_word' id='word_1_560' title='bbox 2729 2073 2961 2147; x_wconf 74' lang='lat' dir='ltr'><strong>decorem</strong></span> <span class='ocrx_word' id='word_1_561' title='bbox 2994 2074 3092 2127; x_wconf 85' lang='lat' dir='ltr'><strong>hoc</strong></span> <span class='ocrx_word' id='word_1_562' title='bbox 3128 2073 3381 2147; x_wconf 83' lang='lat' dir='ltr'><strong>interest,</strong></span> <span class='ocrx_word' id='word_1_563' title='bbox 3413 2080 3554 2147; x_wconf 85' lang='lat' dir='ltr'><strong>quod</strong></span> <span class='ocrx_word' id='word_1_564' title='bbox 3583 2081 3678 2137; x_wconf 89' lang='lat' dir='ltr'><strong>de-</strong></span> 
     </span>
    </p>
   </div>
   <div class='ocr_carea' id='block_1_84' title="bbox 2107 2141 3381 2213">
    <p class='ocr_par' dir='ltr' id='par_1_84' title="bbox 2107 2141 3381 2213">
     <span class='ocr_line' id='line_1_84' title="bbox 2107 2141 3381 2213; baseline 0.002 -15"><span class='ocrx_word' id='word_1_565' title='bbox 2107 2158 2202 2198; x_wconf 88' lang='lat' dir='ltr'><strong>cus</strong></span> <span class='ocrx_word' id='word_1_566' title='bbox 2230 2144 2295 2198; x_wconf 91' lang='lat' dir='ltr'><strong>ad</strong></span> <span class='ocrx_word' id='word_1_567' title='bbox 2330 2143 2575 2197; x_wconf 88' lang='lat' dir='ltr'><strong>virtutem</strong></span> <span class='ocrx_word' id='word_1_568' title='bbox 2606 2141 2855 2206; x_wconf 80' lang='lat' dir='ltr'><strong>refertur,</strong></span> <span class='ocrx_word' id='word_1_569' title='bbox 2887 2141 3050 2213; x_wconf 84' lang='lat' dir='ltr'><strong>decor</strong></span> <span class='ocrx_word' id='word_1_570' title='bbox 3075 2144 3138 2195; x_wconf 88' lang='lat' dir='ltr'><strong>ad</strong></span> <span class='ocrx_word' id='word_1_571' title='bbox 3168 2141 3381 2213; x_wconf 83' lang='lat' dir='ltr'><strong>corpus.</strong></span> 
     </span>
    </p>
   </div>
   <div class='ocr_carea' id='block_1_85' title="bbox 2179 2212 3683 2289">
    <p class='ocr_par' dir='ltr' id='par_1_85' title="bbox 2179 2212 3683 2289">
     <span class='ocr_line' id='line_1_85' title="bbox 2179 2212 3683 2289; baseline 0.005 -21"><span class='ocrx_word' id='word_1_572' title='bbox 2179 2214 2267 2268; x_wconf 80' lang='grc'><strong>51.</strong></span> <span class='ocrx_word' id='word_1_573' title='bbox 2314 2214 2454 2289; x_wconf 79' lang='lat' dir='ltr'><strong>Inter</strong></span> <span class='ocrx_word' id='word_1_574' title='bbox 2484 2228 2639 2289; x_wconf 76' lang='lat' dir='ltr'><strong>supra</strong></span> <span class='ocrx_word' id='word_1_575' title='bbox 2667 2220 2722 2266; x_wconf 91' lang='lat' dir='ltr'><strong>et</strong></span> <span class='ocrx_word' id='word_1_576' title='bbox 2763 2227 2914 2280; x_wconf 84' lang='lat' dir='ltr'><strong>super</strong></span> <span class='ocrx_word' id='word_1_577' title='bbox 2945 2212 3320 2289; x_wconf 74' lang='lat' dir='ltr'><strong>ltoc_ittterest_,</strong></span> <span class='ocrx_word' id='word_1_578' title='bbox 3354 2218 3494 2289; x_wconf 87' lang='lat' dir='ltr'><strong>quod</strong></span> <span class='ocrx_word' id='word_1_579' title='bbox 3523 2235 3683 2289; x_wconf 88' lang='lat' dir='ltr'><strong>super</strong></span> 
     </span>
    </p>
   </div>
   <div class='ocr_carea' id='block_1_86' title="bbox 2111 2283 3679 2409">
    <p class='ocr_par' dir='ltr' id='par_1_86' title="bbox 2111 2283 3679 2409">
     <span class='ocr_line' id='line_1_86' title="bbox 2111 2283 3679 2409; baseline 0.005 -71"><span class='ocrx_word' id='word_1_580' title='bbox 2111 2295 2195 2409; x_wconf 47' lang='lat' dir='ltr'><strong>Eastl</strong></span> <span class='ocrx_word' id='word_1_581' title='bbox 2242 2286 2381 2353; x_wconf 90' lang='lat' dir='ltr'><strong>quod</strong></span> <span class='ocrx_word' id='word_1_582' title='bbox 2447 2284 2665 2348; x_wconf 90' lang='lat' dir='ltr'><strong>eminet,</strong></span> <span class='ocrx_word' id='word_1_583' title='bbox 2713 2296 2873 2352; x_wconf 90' lang='lat' dir='ltr'><strong>supra</strong></span> <span class='ocrx_word' id='word_1_584' title='bbox 2929 2283 3067 2352; x_wconf 86' lang='lat' dir='ltr'><strong>quod</strong></span> <span class='ocrx_word' id='word_1_585' title='bbox 3110 2286 3305 2354; x_wconf 89' lang='lat' dir='ltr'><strong>aliquid</strong></span> <span class='ocrx_word' id='word_1_586' title='bbox 3353 2283 3679 2346; x_wconf 79' lang='lat' dir='ltr'><strong>substratum</strong></span> 
     </span>
     <span class='ocr_line' id='line_1_87' title="bbox 2129 2365 2288 2408; baseline -0.006 -1"><span class='ocrx_word' id='word_1_587' title='bbox 2129 2365 2288 2408; x_wconf 74' lang='lat' dir='ltr'><strong>Iawl.</strong></span> 
     </span>
    </p>
   </div>
   <div class='ocr_carea' id='block_1_87' title="bbox 2129 2365 2288 2408">
    <p class='ocr_par' dir='ltr' id='par_1_87' title="bbox 2129 2365 2288 2408">
     <span class='ocr_line' id='line_1_88' title="bbox 2129 2365 2288 2408; baseline -0.006 -1"><span class='ocrx_word' id='word_1_588' title='bbox 2129 2365 2288 2408; x_wconf 69' lang='lat' dir='ltr'><strong>labet.</strong></span> 
     </span>
    </p>
   </div>
   <div class='ocr_carea' id='block_1_88' title="bbox 2181 2423 3686 2494">
    <p class='ocr_par' dir='ltr' id='par_1_88' title="bbox 2181 2423 3686 2494">
     <span class='ocr_line' id='line_1_89' title="bbox 2181 2423 3686 2494; baseline 0.006 -17"><span class='ocrx_word' id='word_1_589' title='bbox 2181 2424 2269 2479; x_wconf 76' lang='lat'><strong>52.</strong></span> <span class='ocrx_word' id='word_1_590' title='bbox 2311 2423 2456 2479; x_wconf 90' lang='lat' dir='ltr'><strong>Inter</strong></span> <span class='ocrx_word' id='word_1_591' title='bbox 2485 2433 2691 2491; x_wconf 89' lang='lat' dir='ltr'><strong>metum,</strong></span> <span class='ocrx_word' id='word_1_592' title='bbox 2727 2423 2961 2478; x_wconf 86' lang='lat' dir='ltr'><strong>timorem</strong></span> <span class='ocrx_word' id='word_1_593' title='bbox 2999 2433 3054 2479; x_wconf 91' lang='lat' dir='ltr'><strong>et</strong></span> <span class='ocrx_word' id='word_1_594' title='bbox 3095 2442 3329 2494; x_wconf 80' lang='lat' dir='ltr'><strong>pavorem</strong></span> <span class='ocrx_word' id='word_1_595' title='bbox 3378 2428 3478 2484; x_wconf 87' lang='lat' dir='ltr'><strong>hoc</strong></span> <span class='ocrx_word' id='word_1_596' title='bbox 3519 2431 3686 2486; x_wconf 78' lang='lat' dir='ltr'><strong>inter-</strong></span> 
     </span>
    </p>
   </div>
   <div class='ocr_carea' id='block_1_89' title="bbox 2111 2495 3680 2564">
    <p class='ocr_par' dir='ltr' id='par_1_89' title="bbox 2111 2495 3680 2564">
     <span class='ocr_line' id='line_1_90' title="bbox 2111 2495 3680 2564; baseline 0.004 -15"><span class='ocrx_word' id='word_1_597' title='bbox 2111 2505 2213 2562; x_wconf 88' lang='lat' dir='ltr'><strong>est,</strong></span> <span class='ocrx_word' id='word_1_598' title='bbox 2244 2496 2384 2563; x_wconf 91' lang='lat' dir='ltr'><strong>quod</strong></span> <span class='ocrx_word' id='word_1_599' title='bbox 2413 2504 2584 2549; x_wconf 90' lang='lat' dir='ltr'><strong>metus</strong></span> <span class='ocrx_word' id='word_1_600' title='bbox 2609 2495 2783 2548; x_wconf 90' lang='lat' dir='ltr'><strong>futura</strong></span> <span class='ocrx_word' id='word_1_601' title='bbox 2813 2497 3086 2564; x_wconf 71' lang='lat' dir='ltr'><strong>pro~picit,</strong></span> <span class='ocrx_word' id='word_1_602' title='bbox 3105 2497 3265 2551; x_wconf 92' lang='lat' dir='ltr'><strong>timor</strong></span> <span class='ocrx_word' id='word_1_603' title='bbox 3291 2500 3463 2553; x_wconf 89' lang='lat' dir='ltr'><strong>subita</strong></span> <span class='ocrx_word' id='word_1_604' title='bbox 3489 2503 3680 2556; x_wconf 82' lang='lat' dir='ltr'><strong>mentis</strong></span> 
     </span>
    </p>
   </div>
   <div class='ocr_carea' id='block_1_90' title="bbox 2113 2568 3681 2631">
    <p class='ocr_par' dir='ltr' id='par_1_90' title="bbox 2113 2568 3681 2631">
     <span class='ocr_line' id='line_1_91' title="bbox 2113 2568 3681 2631; baseline 0.004 -11"><span class='ocrx_word' id='word_1_605' title='bbox 2113 2568 2484 2621; x_wconf 87' lang='lat' dir='ltr'><strong>consternatio</strong></span> <span class='ocrx_word' id='word_1_606' title='bbox 2527 2574 2633 2628; x_wconf 89' lang='lat' dir='ltr'><strong>est,</strong></span> <span class='ocrx_word' id='word_1_607' title='bbox 2685 2579 2852 2631; x_wconf 86' lang='lat' dir='ltr'><strong>pavor</strong></span> <span class='ocrx_word' id='word_1_608' title='bbox 2891 2575 3069 2621; x_wconf 90' lang='lat' dir='ltr'><strong>autem</strong></span> <span class='ocrx_word' id='word_1_609' title='bbox 3113 2577 3308 2622; x_wconf 90' lang='lat' dir='ltr'><strong>motus.</strong></span> <span class='ocrx_word' id='word_1_610' title='bbox 3358 2569 3482 2626; x_wconf 88' lang='lat' dir='ltr'><strong>lude</strong></span> <span class='ocrx_word' id='word_1_611' title='bbox 3518 2573 3681 2626; x_wconf 87' lang='lat' dir='ltr'><strong>etiam</strong></span> 
     </span>
    </p>
   </div>
   <div class='ocr_carea' id='block_1_91' title="bbox 2112 2637 2842 2706">
    <p class='ocr_par' dir='ltr' id='par_1_91' title="bbox 2112 2637 2842 2706">
     <span class='ocr_line' id='line_1_92' title="bbox 2112 2637 2842 2706; baseline -0.003 -17"><span class='ocrx_word' id='word_1_612' title='bbox 2112 2637 2302 2706; x_wconf 80' lang='lat' dir='ltr'><strong>pavida</strong></span> <span class='ocrx_word' id='word_1_613' title='bbox 2329 2638 2564 2704; x_wconf 88' lang='lat' dir='ltr'><strong>jumenta</strong></span> <span class='ocrx_word' id='word_1_614' title='bbox 2597 2637 2842 2689; x_wconf 89' lang='lat' dir='ltr'><strong>dicimus.</strong></span> 
     </span>
    </p>
   </div>
   <div class='ocr_carea' id='block_1_92' title="bbox 2183 2705 3683 2777">
    <p class='ocr_par' dir='ltr' id='par_1_92' title="bbox 2183 2705 3683 2777">
     <span class='ocr_line' id='line_1_93' title="bbox 2183 2705 3683 2777; baseline 0.003 -18"><span class='ocrx_word' id='word_1_615' title='bbox 2183 2705 2273 2762; x_wconf 78' lang='grc'><strong>55.</strong></span> <span class='ocrx_word' id='word_1_616' title='bbox 2299 2707 2440 2761; x_wconf 89' lang='lat' dir='ltr'><strong>Inter</strong></span> <span class='ocrx_word' id='word_1_617' title='bbox 2467 2721 2659 2770; x_wconf 85' lang='lat' dir='ltr'><strong>omnes,</strong></span> <span class='ocrx_word' id='word_1_618' title='bbox 2685 2714 2893 2757; x_wconf 88' lang='lat' dir='ltr'><strong>cunctos</strong></span> <span class='ocrx_word' id='word_1_619' title='bbox 2933 2714 2987 2777; x_wconf 86' lang='lat' dir='ltr'><strong>et</strong></span> <span class='ocrx_word' id='word_1_620' title='bbox 3017 2707 3274 2760; x_wconf 84' lang='lat' dir='ltr'><strong>universos</strong></span> <span class='ocrx_word' id='word_1_621' title='bbox 3316 2708 3414 2762; x_wconf 89' lang='lat' dir='ltr'><strong>hoc</strong></span> <span class='ocrx_word' id='word_1_622' title='bbox 3442 2707 3683 2777; x_wconf 88' lang='lat' dir='ltr'><strong>interest,</strong></span> 
     </span>
    </p>
   </div>
   <div class='ocr_carea' id='block_1_93' title="bbox 2115 2776 3687 2851">
    <p class='ocr_par' dir='ltr' id='par_1_93' title="bbox 2115 2776 3687 2851">
     <span class='ocr_line' id='line_1_94' title="bbox 2115 2776 3687 2851; baseline 0.004 -21"><span class='ocrx_word' id='word_1_623' title='bbox 2115 2779 2256 2846; x_wconf 88' lang='lat' dir='ltr'><strong>qttod</strong></span> <span class='ocrx_word' id='word_1_624' title='bbox 2289 2792 2478 2851; x_wconf 86' lang='lat' dir='ltr'><strong>omnes</strong></span> <span class='ocrx_word' id='word_1_625' title='bbox 2509 2790 2735 2851; x_wconf 84' lang='lat' dir='ltr'><strong>quorum</strong></span> <span class='ocrx_word' id='word_1_626' title='bbox 2784 2776 2984 2851; x_wconf 80' lang='lat' dir='ltr'><strong>mentio</strong></span> <span class='ocrx_word' id='word_1_627' title='bbox 3019 2787 3126 2840; x_wconf 83' lang='lat' dir='ltr'><strong>est,</strong></span> <span class='ocrx_word' id='word_1_628' title='bbox 3155 2779 3332 2851; x_wconf 84' lang='lat' dir='ltr'><strong>cuncti</strong></span> <span class='ocrx_word' id='word_1_629' title='bbox 3359 2783 3449 2846; x_wconf 87' lang='lat' dir='ltr'><strong>qui</strong></span> <span class='ocrx_word' id='word_1_630' title='bbox 3491 2776 3687 2851; x_wconf 73' lang='lat' dir='ltr'><strong>ubique</strong></span> 
     </span>
    </p>
   </div>
   <div class='ocr_carea' id='block_1_94' title="bbox 2116 2845 3199 2914">
    <p class='ocr_par' dir='ltr' id='par_1_94' title="bbox 2116 2845 3199 2914">
     <span class='ocr_line' id='line_1_95' title="bbox 2116 2845 3199 2914; baseline 0 -14"><span class='ocrx_word' id='word_1_631' title='bbox 2116 2845 2263 2914; x_wconf 83' lang='lat' dir='ltr'><strong>sunt,</strong></span> <span class='ocrx_word' id='word_1_632' title='bbox 2295 2846 2530 2901; x_wconf 89' lang='lat' dir='ltr'><strong>universi</strong></span> <span class='ocrx_word' id='word_1_633' title='bbox 2559 2846 2648 2914; x_wconf 91' lang='lat' dir='ltr'><strong>qui</strong></span> <span class='ocrx_word' id='word_1_634' title='bbox 2682 2845 2731 2898; x_wconf 92' lang='lat' dir='ltr'><strong>in</strong></span> <span class='ocrx_word' id='word_1_635' title='bbox 2763 2861 2869 2899; x_wconf 92' lang='lat' dir='ltr'><strong>uno</strong></span> <span class='ocrx_word' id='word_1_636' title='bbox 2897 2846 3013 2899; x_wconf 91' lang='lat' dir='ltr'><strong>loco</strong></span> <span class='ocrx_word' id='word_1_637' title='bbox 3039 2848 3199 2900; x_wconf 89' lang='lat' dir='ltr'><strong>versi.</strong></span> 
     </span>
    </p>
   </div>
   <div class='ocr_carea' id='block_1_95' title="bbox 2187 2915 3682 2988">
    <p class='ocr_par' dir='ltr' id='par_1_95' title="bbox 2187 2915 3682 2988">
     <span class='ocr_line' id='line_1_96' title="bbox 2187 2915 3682 2988; baseline 0.004 -16"><span class='ocrx_word' id='word_1_638' title='bbox 2187 2918 2276 2972; x_wconf 84' lang='lat'><strong>54.</strong></span> <span class='ocrx_word' id='word_1_639' title='bbox 2314 2917 2454 2972; x_wconf 92' lang='lat' dir='ltr'><strong>Inter</strong></span> <span class='ocrx_word' id='word_1_640' title='bbox 2478 2919 2672 2970; x_wconf 86' lang='lat' dir='ltr'><strong>undam</strong></span> <span class='ocrx_word' id='word_1_641' title='bbox 2694 2924 2748 2970; x_wconf 91' lang='lat' dir='ltr'><strong>ct</strong></span> <span class='ocrx_word' id='word_1_642' title='bbox 2767 2931 2953 2985; x_wconf 88' lang='lat' dir='ltr'><strong>aquam</strong></span> <span class='ocrx_word' id='word_1_643' title='bbox 2987 2915 3087 2970; x_wconf 90' lang='lat' dir='ltr'><strong>hoc</strong></span> <span class='ocrx_word' id='word_1_644' title='bbox 3111 2918 3357 2988; x_wconf 82' lang='lat' dir='ltr'><strong>interest,</strong></span> <span class='ocrx_word' id='word_1_645' title='bbox 3377 2920 3520 2988; x_wconf 89' lang='lat' dir='ltr'><strong>quod</strong></span> <span class='ocrx_word' id='word_1_646' title='bbox 3546 2922 3682 2978; x_wconf 85' lang='lat' dir='ltr'><strong>unda</strong></span> 
     </span>
    </p>
   </div>
   <div class='ocr_carea' id='block_1_96' title="bbox 2115 2986 3210 3056">
    <p class='ocr_par' dir='ltr' id='par_1_96' title="bbox 2115 2986 3210 3056">
     <span class='ocr_line' id='line_1_97' title="bbox 2115 2986 3210 3056; baseline -0.003 -13"><span class='ocrx_word' id='word_1_647' title='bbox 2115 2991 2329 3056; x_wconf 89' lang='lat' dir='ltr'><strong>c0piosa</strong></span> <span class='ocrx_word' id='word_1_648' title='bbox 2360 3002 2496 3056; x_wconf 86' lang='lat' dir='ltr'><strong>aqua</strong></span> <span class='ocrx_word' id='word_1_649' title='bbox 2530 2997 2630 3050; x_wconf 89' lang='lat' dir='ltr'><strong>est,</strong></span> <span class='ocrx_word' id='word_1_650' title='bbox 2661 3000 2795 3050; x_wconf 88' lang='lat' dir='ltr'><strong>aqua</strong></span> <span class='ocrx_word' id='word_1_651' title='bbox 2828 2995 2909 3040; x_wconf 88' lang='lat' dir='ltr'><strong>est</strong></span> <span class='ocrx_word' id='word_1_652' title='bbox 2935 2986 3210 3040; x_wconf 88' lang='lat' dir='ltr'><strong>naturalis.</strong></span> 
     </span>
    </p>
   </div>
   <div class='ocr_carea' id='block_1_97' title="bbox 2187 3055 3689 3134">
    <p class='ocr_par' dir='ltr' id='par_1_97' title="bbox 2187 3055 3689 3134">
     <span class='ocr_line' id='line_1_98' title="bbox 2187 3055 3689 3134; baseline 0.005 -24"><span class='ocrx_word' id='word_1_653' title='bbox 2395 3055 2484 3134; x_wconf 52' lang='lat'><strong>.55,</strong></span> <span class='ocrx_word' id='word_1_654' title='bbox 2522 3057 2853 3134; x_wconf 77' lang='lat' dir='ltr'><strong>Inter_la¢cre</strong></span> <span class='ocrx_word' id='word_1_655' title='bbox 2883 3065 2938 3110; x_wconf 88' lang='lat' dir='ltr'><strong>et</strong></span> <span class='ocrx_word' id='word_1_656' title='bbox 2960 3057 3108 3134; x_wconf 77' lang='lat' dir='ltr'><strong>silere</strong></span> <span class='ocrx_word' id='word_1_657' title='bbox 3140 3058 3240 3111; x_wconf 86' lang='lat' dir='ltr'><strong>Itoc</strong></span> <span class='ocrx_word' id='word_1_658' title='bbox 3273 3057 3517 3134; x_wconf 81' lang='lat' dir='ltr'><strong>interest,</strong></span> <span class='ocrx_word' id='word_1_659' title='bbox 3547 3064 3689 3134; x_wconf 85' lang='lat' dir='ltr'><strong>quod</strong></span> 
     </span>
    </p>
   </div>
   <div class='ocr_carea' id='block_1_98' title="bbox 2119 3125 3509 3198">
    <p class='ocr_par' dir='ltr' id='par_1_98' title="bbox 2119 3125 3509 3198">
     <span class='ocr_line' id='line_1_99' title="bbox 2119 3125 3509 3198; baseline 0.004 -18"><span class='ocrx_word' id='word_1_660' title='bbox 2119 3125 2433 3198; x_wconf 34' lang='lat' dir='ltr'><strong>qtti‘desinit</strong></span> <span class='ocrx_word' id='word_1_661' title='bbox 2466 3127 2611 3193; x_wconf 89' lang='lat' dir='ltr'><strong>loqui</strong></span> <span class='ocrx_word' id='word_1_662' title='bbox 2640 3126 2790 3198; x_wconf 90' lang='lat' dir='ltr'><strong>silet,</strong></span> <span class='ocrx_word' id='word_1_663' title='bbox 2815 3137 2867 3180; x_wconf 90' lang='lat' dir='ltr'><strong>et</strong></span> <span class='ocrx_word' id='word_1_664' title='bbox 2898 3125 2986 3194; x_wconf 91' lang='lat' dir='ltr'><strong>qui</strong></span> <span class='ocrx_word' id='word_1_665' title='bbox 3015 3142 3119 3181; x_wconf 89' lang='lat' dir='ltr'><strong>non</strong></span> <span class='ocrx_word' id='word_1_666' title='bbox 3148 3129 3312 3196; x_wconf 73' lang='lat' dir='ltr'><strong>C(Bpil</strong></span> <span class='ocrx_word' id='word_1_667' title='bbox 3350 3125 3509 3187; x_wconf 80' lang='lat' dir='ltr'><strong>tacet.</strong></span> 
     </span>
    </p>
   </div>
   <div class='ocr_carea' id='block_1_99' title="bbox 2190 3196 3690 3266">
    <p class='ocr_par' dir='ltr' id='par_1_99' title="bbox 2190 3196 3690 3266">
     <span class='ocr_line' id='line_1_100' title="bbox 2190 3196 3690 3266; baseline 0.003 -13"><span class='ocrx_word' id='word_1_668' title='bbox 2190 3196 2278 3253; x_wconf 83' lang='grc'><strong>56.</strong></span> <span class='ocrx_word' id='word_1_669' title='bbox 2320 3200 2461 3252; x_wconf 90' lang='lat' dir='ltr'><strong>Inter</strong></span> <span class='ocrx_word' id='word_1_670' title='bbox 2509 3197 2780 3260; x_wconf 50' lang='lat' dir='ltr'><strong>auxilium,</strong></span> <span class='ocrx_word' id='word_1_671' title='bbox 2831 3198 3127 3266; x_wconf 66' lang='lat' dir='ltr'><strong>prasidium</strong></span> <span class='ocrx_word' id='word_1_672' title='bbox 3168 3209 3221 3252; x_wconf 88' lang='lat' dir='ltr'><strong>et</strong></span> <span class='ocrx_word' id='word_1_673' title='bbox 3261 3200 3548 3256; x_wconf 80' lang='lat' dir='ltr'><strong>subsidium</strong></span> <span class='ocrx_word' id='word_1_674' title='bbox 3588 3202 3690 3259; x_wconf 88' lang='lat' dir='ltr'><strong>hoc</strong></span> 
     </span>
    </p>
   </div>
   <div class='ocr_carea' id='block_1_100' title="bbox 2119 3268 3686 3339">
    <p class='ocr_par' dir='ltr' id='par_1_100' title="bbox 2119 3268 3686 3339">
     <span class='ocr_line' id='line_1_101' title="bbox 2119 3268 3686 3339; baseline 0.004 -17"><span class='ocrx_word' id='word_1_675' title='bbox 2119 3269 2362 3333; x_wconf 85' lang='lat' dir='ltr'><strong>interest,</strong></span> <span class='ocrx_word' id='word_1_676' title='bbox 2389 3268 2528 3336; x_wconf 91' lang='lat' dir='ltr'><strong>quod</strong></span> <span class='ocrx_word' id='word_1_677' title='bbox 2558 3268 3202 3339; x_wconf 80' lang='lat' dir='ltr'><strong>auxiliumlaborantibus</strong></span> <span class='ocrx_word' id='word_1_678' title='bbox 3229 3270 3474 3334; x_wconf 85' lang='lat' dir='ltr'><strong>mittitur,</strong></span> <span class='ocrx_word' id='word_1_679' title='bbox 3507 3276 3686 3339; x_wconf 38' lang='lat' dir='ltr'><strong>praesis</strong></span> 
     </span>
    </p>
   </div>
   <div class='ocr_carea' id='block_1_101' title="bbox 2119 3337 3692 3406">
    <p class='ocr_par' dir='ltr' id='par_1_101' title="bbox 2119 3337 3692 3406">
     <span class='ocr_line' id='line_1_102' title="bbox 2119 3337 3692 3406; baseline 0.003 -14"><span class='ocrx_word' id='word_1_680' title='bbox 2119 3339 2263 3392; x_wconf 89' lang='lat' dir='ltr'><strong>dium</strong></span> <span class='ocrx_word' id='word_1_681' title='bbox 2299 3347 2653 3406; x_wconf 70' lang='lat' dir='ltr'><strong>praeparatur.</strong></span> <span class='ocrx_word' id='word_1_682' title='bbox 2684 3337 2981 3390; x_wconf 88' lang='lat' dir='ltr'><strong>subsidium</strong></span> <span class='ocrx_word' id='word_1_683' title='bbox 3026 3345 3303 3404; x_wconf 87' lang='lat' dir='ltr'><strong>servatur,</strong></span> <span class='ocrx_word' id='word_1_684' title='bbox 3333 3349 3386 3392; x_wconf 87' lang='lat' dir='ltr'><strong>ut</strong></span> <span class='ocrx_word' id='word_1_685' title='bbox 3409 3337 3530 3395; x_wconf 86' lang='lat' dir='ltr'><strong>cum</strong></span> <span class='ocrx_word' id='word_1_686' title='bbox 3563 3359 3692 3398; x_wconf 79' lang='lat' dir='ltr'><strong>exc-</strong></span> 
     </span>
    </p>
   </div>
   <div class='ocr_carea' id='block_1_102' title="bbox 2117 3406 2774 3480">
    <p class='ocr_par' dir='ltr' id='par_1_102' title="bbox 2117 3406 2774 3480">
     <span class='ocr_line' id='line_1_103' title="bbox 2117 3406 2774 3480; baseline -0.008 -16"><span class='ocrx_word' id='word_1_687' title='bbox 2117 3411 2256 3480; x_wconf 79' lang='lat' dir='ltr'><strong>gerit</strong></span> <span class='ocrx_word' id='word_1_688' title='bbox 2281 3407 2574 3480; x_wconf 78' lang='lat' dir='ltr'><strong>necessitas</strong></span> <span class='ocrx_word' id='word_1_689' title='bbox 2597 3406 2774 3480; x_wconf 79' lang='lat' dir='ltr'><strong>detur.</strong></span> 
     </span>
    </p>
   </div>
   <div class='ocr_carea' id='block_1_103' title="bbox 2189 3476 3692 3552">
    <p class='ocr_par' dir='ltr' id='par_1_103' title="bbox 2189 3476 3692 3552">
     <span class='ocr_line' id='line_1_104' title="bbox 2189 3476 3692 3552; baseline -0.001 -19"><span class='ocrx_word' id='word_1_690' title='bbox 2189 3480 2276 3552; x_wconf 82' lang='lat'><strong>57.</strong></span> <span class='ocrx_word' id='word_1_691' title='bbox 2321 3479 2461 3532; x_wconf 86' lang='lat' dir='ltr'><strong>Inter</strong></span> <span class='ocrx_word' id='word_1_692' title='bbox 2505 3477 2703 3552; x_wconf 84' lang='lat' dir='ltr'><strong>insequi</strong></span> <span class='ocrx_word' id='word_1_693' title='bbox 2730 3486 2784 3530; x_wconf 91' lang='lat' dir='ltr'><strong>et</strong></span> <span class='ocrx_word' id='word_1_694' title='bbox 2828 3476 3064 3552; x_wconf 81' lang='lat' dir='ltr'><strong>consequi</strong></span> <span class='ocrx_word' id='word_1_695' title='bbox 3097 3477 3197 3532; x_wconf 83' lang='lat' dir='ltr'><strong>ltoc</strong></span> <span class='ocrx_word' id='word_1_696' title='bbox 3232 3477 3500 3552; x_wconf 84' lang='lat' dir='ltr'><strong>interest,</strong></span> <span class='ocrx_word' id='word_1_697' title='bbox 3549 3485 3692 3552; x_wconf 59' lang='lat' dir='ltr'><strong>(“LIII</strong></span> 
     </span>
    </p>
   </div>
   <div class='ocr_carea' id='block_1_104' title="bbox 2118 3549 3693 3631">
    <p class='ocr_par' dir='ltr' id='par_1_104' title="bbox 2118 3549 3693 3631">
     <span class='ocr_line' id='line_1_105' title="bbox 2118 3549 3693 3631; baseline 0.003 -28"><span class='ocrx_word' id='word_1_698' title='bbox 2118 3551 2347 3631; x_wconf 82' lang='lat' dir='ltr'><strong>amicum</strong></span> <span class='ocrx_word' id='word_1_699' title='bbox 2375 3549 2755 3618; x_wconf 84' lang='lat' dir='ltr'><strong>consequimur</strong></span> <span class='ocrx_word' id='word_1_700' title='bbox 2783 3549 3197 3617; x_wconf 66' lang='lat' dir='ltr'><strong>praecedentem,</strong></span> <span class='ocrx_word' id='word_1_701' title='bbox 3232 3549 3693 3620; x_wconf 58' lang='lat' dir='ltr'><strong>iusequimurini-</strong></span> 
     </span>
    </p>
   </div>
   <div class='ocr_carea' id='block_1_105' title="bbox 2119 3635 2334 3674">
    <p class='ocr_par' dir='ltr' id='par_1_105' title="bbox 2119 3635 2334 3674">
     <span class='ocr_line' id='line_1_106' title="bbox 2119 3635 2334 3674; baseline -0.009 0"><span class='ocrx_word' id='word_1_702' title='bbox 2119 3635 2334 3674; x_wconf 76' lang='lat' dir='ltr'><strong>IIIICIIIII.</strong></span> 
     </span>
    </p>
   </div>
   <div class='ocr_carea' id='block_1_106' title="bbox 2190 3688 3692 3763">
    <p class='ocr_par' dir='ltr' id='par_1_106' title="bbox 2190 3688 3692 3763">
     <span class='ocr_line' id='line_1_107' title="bbox 2190 3688 3692 3763; baseline 0.003 -19"><span class='ocrx_word' id='word_1_703' title='bbox 2190 3689 2279 3763; x_wconf 76' lang='lat'><strong>58.</strong></span> <span class='ocrx_word' id='word_1_704' title='bbox 2325 3692 2467 3744; x_wconf 89' lang='lat' dir='ltr'><strong>Inter</strong></span> <span class='ocrx_word' id='word_1_705' title='bbox 2494 3689 2801 3763; x_wconf 82' lang='lat' dir='ltr'><strong>principium</strong></span> <span class='ocrx_word' id='word_1_706' title='bbox 2833 3688 3250 3763; x_wconf 65' lang='lat' dir='ltr'><strong>etinilfumhoc</strong></span> <span class='ocrx_word' id='word_1_707' title='bbox 3282 3688 3526 3757; x_wconf 88' lang='lat' dir='ltr'><strong>interest,</strong></span> <span class='ocrx_word' id='word_1_708' title='bbox 3552 3695 3692 3763; x_wconf 88' lang='lat' dir='ltr'><strong>quod</strong></span> 
     </span>
    </p>
   </div>
   <div class='ocr_carea' id='block_1_107' title="bbox 2119 3759 3700 3834">
    <p class='ocr_par' dir='ltr' id='par_1_107' title="bbox 2119 3759 3700 3834">
     <span class='ocr_line' id='line_1_108' title="bbox 2119 3759 3700 3834; baseline 0.003 -21"><span class='ocrx_word' id='word_1_709' title='bbox 2119 3762 2434 3832; x_wconf 88' lang='lat' dir='ltr'><strong>principiutu</strong></span> <span class='ocrx_word' id='word_1_710' title='bbox 2484 3759 2934 3829; x_wconf 22' lang='lat' dir='ltr'><strong>totiusVCorporis</strong></span> <span class='ocrx_word' id='word_1_711' title='bbox 2977 3768 3080 3824; x_wconf 73' lang='lat' dir='ltr'><strong>est,</strong></span> <span class='ocrx_word' id='word_1_712' title='bbox 3132 3759 3340 3815; x_wconf 88' lang='lat' dir='ltr'><strong>initium</strong></span> <span class='ocrx_word' id='word_1_713' title='bbox 3386 3765 3536 3833; x_wconf 90' lang='lat' dir='ltr'><strong>quasi</strong></span> <span class='ocrx_word' id='word_1_714' title='bbox 3570 3759 3700 3834; x_wconf 48' lang='lat' dir='ltr'><strong>&#39;prtg</strong></span> 
     </span>
    </p>
   </div>
   <div class='ocr_carea' id='block_1_108' title="bbox 2118 3847 2285 3887">
    <p class='ocr_par' dir='ltr' id='par_1_108' title="bbox 2118 3847 2285 3887">
     <span class='ocr_line' id='line_1_109' title="bbox 2118 3847 2285 3887; baseline 0.012 -2"><span class='ocrx_word' id='word_1_715' title='bbox 2118 3847 2285 3887; x_wconf 81' lang='lat' dir='ltr'><strong>IIIIIIII.</strong></span> 
     </span>
    </p>
   </div>
   <div class='ocr_carea' id='block_1_109' title="bbox 2190 3898 3694 3971">
    <p class='ocr_par' dir='ltr' id='par_1_109' title="bbox 2190 3898 3694 3971">
     <span class='ocr_line' id='line_1_110' title="bbox 2190 3898 3694 3971; baseline 0.003 -16"><span class='ocrx_word' id='word_1_716' title='bbox 2190 3902 2280 3956; x_wconf 80' lang='lat'><strong>59.</strong></span> <span class='ocrx_word' id='word_1_717' title='bbox 2307 3901 2447 3956; x_wconf 89' lang='lat' dir='ltr'><strong>Inter</strong></span> <span class='ocrx_word' id='word_1_718' title='bbox 2467 3901 2712 3956; x_wconf 85' lang='lat' dir='ltr'><strong>simulare</strong></span> <span class='ocrx_word' id='word_1_719' title='bbox 2736 3908 2785 3954; x_wconf 89' lang='lat' dir='ltr'><strong>et</strong></span> <span class='ocrx_word' id='word_1_720' title='bbox 2804 3898 3131 3953; x_wconf 86' lang='lat' dir='ltr'><strong>dissimulare</strong></span> <span class='ocrx_word' id='word_1_721' title='bbox 3159 3898 3259 3954; x_wconf 88' lang='lat' dir='ltr'><strong>hoc</strong></span> <span class='ocrx_word' id='word_1_722' title='bbox 3283 3900 3528 3971; x_wconf 83' lang='lat' dir='ltr'><strong>interest,</strong></span> <span class='ocrx_word' id='word_1_723' title='bbox 3554 3906 3694 3969; x_wconf 80' lang='lat' dir='ltr'><strong>quod</strong></span> 
     </span>
    </p>
   </div>
   <div class='ocr_carea' id='block_1_110' title="bbox 2119 3971 3700 4041">
    <p class='ocr_par' dir='ltr' id='par_1_110' title="bbox 2119 3971 3700 4041">
     <span class='ocr_line' id='line_1_111' title="bbox 2119 3971 3700 4041; baseline 0.003 -15"><span class='ocrx_word' id='word_1_724' title='bbox 2119 3972 2432 4027; x_wconf 87' lang='lat' dir='ltr'><strong>simulamus</strong></span> <span class='ocrx_word' id='word_1_725' title='bbox 2458 3971 2598 4041; x_wconf 91' lang='lat' dir='ltr'><strong>quod</strong></span> <span class='ocrx_word' id='word_1_726' title='bbox 2627 3971 2892 4025; x_wconf 87' lang='lat' dir='ltr'><strong>nescimus</strong></span> <span class='ocrx_word' id='word_1_727' title='bbox 2917 3979 2971 4024; x_wconf 91' lang='lat' dir='ltr'><strong>et</strong></span> <span class='ocrx_word' id='word_1_728' title='bbox 2994 3983 3249 4038; x_wconf 75' lang='lat' dir='ltr'><strong>negamus</strong></span> <span class='ocrx_word' id='word_1_729' title='bbox 3280 3977 3509 4040; x_wconf 89' lang='lat' dir='ltr'><strong>nescire,</strong></span> <span class='ocrx_word' id='word_1_730' title='bbox 3538 3975 3700 4030; x_wconf 87' lang='lat' dir='ltr'><strong>dissi-</strong></span> 
     </span>
    </p>
   </div>
   <div class='ocr_carea' id='block_1_111' title="bbox 2120 4043 2781 4110">
    <p class='ocr_par' dir='ltr' id='par_1_111' title="bbox 2120 4043 2781 4110">
     <span class='ocr_line' id='line_1_112' title="bbox 2120 4043 2781 4110; baseline -0.002 -14"><span class='ocrx_word' id='word_1_731' title='bbox 2120 4045 2385 4098; x_wconf 86' lang='lat' dir='ltr'><strong>mulamus</strong></span> <span class='ocrx_word' id='word_1_732' title='bbox 2413 4059 2529 4110; x_wconf 68' lang='lat' dir='ltr'><strong>quas</strong></span> <span class='ocrx_word' id='word_1_733' title='bbox 2560 4043 2781 4096; x_wconf 89' lang='lat' dir='ltr'><strong>scimus.</strong></span> 
     </span>
    </p>
   </div>
   <div class='ocr_carea' id='block_1_112' title="bbox 2189 4109 3696 4182">
    <p class='ocr_par' dir='ltr' id='par_1_112' title="bbox 2189 4109 3696 4182">
     <span class='ocr_line' id='line_1_113' title="bbox 2189 4109 3696 4182; baseline 0.005 -18"><span class='ocrx_word' id='word_1_734' title='bbox 2189 4115 2274 4167; x_wconf 80' lang='lat'><strong>60.</strong></span> <span class='ocrx_word' id='word_1_735' title='bbox 2320 4109 2462 4167; x_wconf 86' lang='lat' dir='ltr'><strong>Inter</strong></span> <span class='ocrx_word' id='word_1_736' title='bbox 2502 4111 2726 4165; x_wconf 88' lang='lat' dir='ltr'><strong>simulet</strong></span> <span class='ocrx_word' id='word_1_737' title='bbox 2768 4110 2994 4164; x_wconf 82' lang='lat' dir='ltr'><strong>simitum</strong></span> <span class='ocrx_word' id='word_1_738' title='bbox 3027 4109 3127 4164; x_wconf 85' lang='lat' dir='ltr'><strong>hoc</strong></span> <span class='ocrx_word' id='word_1_739' title='bbox 3156 4109 3398 4182; x_wconf 77' lang='lat' dir='ltr'><strong>interest,</strong></span> <span class='ocrx_word' id='word_1_740' title='bbox 3443 4115 3583 4182; x_wconf 90' lang='lat' dir='ltr'><strong>quod</strong></span> <span class='ocrx_word' id='word_1_741' title='bbox 3622 4117 3696 4170; x_wconf 87' lang='lat' dir='ltr'><strong>si-</strong></span> 
     </span>
    </p>
   </div>
   <div class='ocr_carea' id='block_1_113' title="bbox 2119 4180 3690 4253">
    <p class='ocr_par' dir='ltr' id='par_1_113' title="bbox 2119 4180 3690 4253">
     <span class='ocr_line' id='line_1_114' title="bbox 2119 4180 3690 4253; baseline 0.001 -16"><span class='ocrx_word' id='word_1_742' title='bbox 2119 4185 2248 4245; x_wconf 90' lang='lat' dir='ltr'><strong>mul,</strong></span> <span class='ocrx_word' id='word_1_743' title='bbox 2279 4194 2336 4236; x_wconf 91' lang='lat' dir='ltr'><strong>ut</strong></span> <span class='ocrx_word' id='word_1_744' title='bbox 2366 4199 2465 4237; x_wconf 89' lang='lat' dir='ltr'><strong>una</strong></span> <span class='ocrx_word' id='word_1_745' title='bbox 2508 4196 2595 4236; x_wconf 89' lang='lat' dir='ltr'><strong>res</strong></span> <span class='ocrx_word' id='word_1_746' title='bbox 2623 4183 2819 4253; x_wconf 78' lang='lat' dir='ltr'><strong>pariter</strong></span> <span class='ocrx_word' id='word_1_747' title='bbox 2843 4183 3078 4253; x_wconf 10' lang='lat' dir='ltr'><strong>clareatn,</strong></span> <span class='ocrx_word' id='word_1_748' title='bbox 3111 4191 3166 4233; x_wconf 91' lang='lat' dir='ltr'><strong>ut</strong></span> <span class='ocrx_word' id='word_1_749' title='bbox 3196 4198 3209 4253; x_wconf 66' lang='grc' dir='ltr'>ς</span> <span class='ocrx_word' id='word_1_750' title='bbox 3241 4180 3416 4253; x_wconf 81' lang='lat' dir='ltr'><strong>Simul</strong></span> <span class='ocrx_word' id='word_1_751' title='bbox 3441 4180 3690 4253; x_wconf 84' lang='lat' dir='ltr'><strong>legimus,</strong></span> 
     </span>
    </p>
   </div>
   <div class='ocr_carea' id='block_1_114' title="bbox 2118 4251 3698 4322">
    <p class='ocr_par' dir='ltr' id='par_1_114' title="bbox 2118 4251 3698 4322">
     <span class='ocr_line' id='line_1_115' title="bbox 2118 4251 3698 4322; baseline 0.003 -15"><span class='ocrx_word' id='word_1_752' title='bbox 2118 4254 2269 4308; x_wconf 87' lang='lat' dir='ltr'><strong>simul</strong></span> <span class='ocrx_word' id='word_1_753' title='bbox 2317 4255 2600 4308; x_wconf 88' lang='lat' dir='ltr'><strong>scribimus.</strong></span> <span class='ocrx_word' id='word_1_754' title='bbox 2631 4251 2881 4306; x_wconf 86' lang='lat' dir='ltr'><strong>Simitutn</strong></span> <span class='ocrx_word' id='word_1_755' title='bbox 2929 4251 3062 4306; x_wconf 86' lang='lat' dir='ltr'><strong>lucri</strong></span> <span class='ocrx_word' id='word_1_756' title='bbox 3106 4251 3299 4321; x_wconf 88' lang='lat' dir='ltr'><strong>recipit</strong></span> <span class='ocrx_word' id='word_1_757' title='bbox 3349 4251 3698 4322; x_wconf 77' lang='lat' dir='ltr'><strong>significatio-</strong></span> 
     </span>
    </p>
   </div>
   <div class='ocr_carea' id='block_1_115' title="bbox 2118 4322 2796 4393">
    <p class='ocr_par' dir='ltr' id='par_1_115' title="bbox 2118 4322 2796 4393">
     <span class='ocr_line' id='line_1_116' title="bbox 2118 4322 2796 4393; baseline -0.003 -15"><span class='ocrx_word' id='word_1_758' title='bbox 2118 4337 2265 4389; x_wconf 88' lang='lat' dir='ltr'><strong>nem,</strong></span> <span class='ocrx_word' id='word_1_759' title='bbox 2301 4325 2450 4393; x_wconf 79' lang='lat' dir='ltr'><strong>quasi</strong></span> <span class='ocrx_word' id='word_1_760' title='bbox 2479 4322 2796 4378; x_wconf 88' lang='lat' dir='ltr'><strong>simulitum.</strong></span> 
     </span>
    </p>
   </div>
   <div class='ocr_carea' id='block_1_116' title="bbox 503 4446 3694 4540">
    <p class='ocr_par' dir='ltr' id='par_1_116' title="bbox 503 4446 3694 4540">
     <span class='ocr_line' id='line_1_117' title="bbox 503 4446 3694 4540; baseline 0.001 -28"><span class='ocrx_word' id='word_1_761' title='bbox 503 4457 593 4514; x_wconf 76' lang='lat'><strong>53.</strong></span> <span class='ocrx_word' id='word_1_762' title='bbox 630 4458 743 4540; x_wconf 49' lang='grc' dir='ltr'><strong>γει.</strong></span> <span class='ocrx_word' id='word_1_763' title='bbox 770 4455 1094 4540; x_wconf 34' lang='lat' dir='ltr'><strong>6241:.I‘nler</strong></span> <span class='ocrx_word' id='word_1_764' title='bbox 1125 4472 1260 4540; x_wconf 55' lang='lat' dir='ltr'><strong>nona</strong></span> <span class='ocrx_word' id='word_1_765' title='bbox 1297 4465 1344 4509; x_wconf 91' lang='lat' dir='ltr'><strong>et</strong></span> <span class='ocrx_word' id='word_1_766' title='bbox 1385 4470 1599 4509; x_wconf 72' lang='lat' dir='ltr'><strong>MUNERA</strong></span> <span class='ocrx_word' id='word_1_767' title='bbox 1622 4456 1726 4540; x_wconf 11' lang='lat' dir='ltr'><strong>hoc,</strong></span> <span class='ocrx_word' id='word_1_768' title='bbox 1749 4457 1954 4540; x_wconf 72' lang='lat' dir='ltr'><strong>interest</strong></span> <span class='ocrx_word' id='word_1_769' title='bbox 1993 4473 2011 4512; x_wconf 87' lang='lat'><strong><em>:</em></strong></span> <span class='ocrx_word' id='word_1_770' title='bbox 2043 4446 2092 4506; x_wconf 86' lang='lat' dir='ltr'><strong>D</strong></span> <span class='ocrx_word' id='word_1_771' title='bbox 2123 4475 2257 4540; x_wconf 80' lang='lat' dir='ltr'><strong>uoas</strong></span> <span class='ocrx_word' id='word_1_772' title='bbox 2282 4461 2454 4540; x_wconf 75' lang='lat' dir='ltr'><strong>utique</strong></span> <span class='ocrx_word' id='word_1_773' title='bbox 2480 4470 2550 4515; x_wconf 90' lang='lat' dir='ltr'><strong>est</strong></span> <span class='ocrx_word' id='word_1_774' title='bbox 2573 4460 2880 4540; x_wconf 85' lang='lat' dir='ltr'><strong>qua_anima</strong></span> <span class='ocrx_word' id='word_1_775' title='bbox 2902 4469 3170 4540; x_wconf 73' lang='lat' dir='ltr'><strong>separatur</strong></span> <span class='ocrx_word' id='word_1_776' title='bbox 3191 4475 3476 4539; x_wconf 44' lang='lat' dir='ltr'><strong>a.corpore,</strong></span> <span class='ocrx_word' id='word_1_777' title='bbox 3510 4475 3694 4540; x_wconf 68' lang='lat' dir='ltr'><strong>issen-</strong></span> 
     </span>
    </p>
   </div>
   <div class='ocr_carea' id='block_1_117' title="bbox 435 4527 2016 4598">
    <p class='ocr_par' dir='ltr' id='par_1_117' title="bbox 435 4527 2016 4598">
     <span class='ocr_line' id='line_1_118' title="bbox 435 4527 2016 4598; baseline -0.002 -14"><span class='ocrx_word' id='word_1_778' title='bbox 435 4529 582 4584; x_wconf 69' lang='lat' dir='ltr'><strong>Dona</strong></span> <span class='ocrx_word' id='word_1_779' title='bbox 612 4530 850 4582; x_wconf 86' lang='lat' dir='ltr'><strong>dicuntur</strong></span> <span class='ocrx_word' id='word_1_780' title='bbox 872 4527 995 4597; x_wconf 90' lang='lat' dir='ltr'><strong>(sic)</strong></span> <span class='ocrx_word' id='word_1_781' title='bbox 1025 4529 1347 4598; x_wconf 74' lang='lat' dir='ltr'><strong>funguntur;</strong></span> <span class='ocrx_word' id='word_1_782' title='bbox 1385 4541 1611 4598; x_wconf 58' lang='grc' dir='ltr'><strong>μυκεμ</strong></span> <span class='ocrx_word' id='word_1_783' title='bbox 1639 4537 1808 4598; x_wconf 85' lang='lat' dir='ltr'><strong>autem</strong></span> <span class='ocrx_word' id='word_1_784' title='bbox 1833 4528 2016 4581; x_wconf 84' lang='lat' dir='ltr'><strong>dicun-</strong></span> 
     </span>
    </p>
   </div>
   <div class='ocr_carea' id='block_1_118' title="bbox 434 4597 2015 4667">
    <p class='ocr_par' dir='ltr' id='par_1_118' title="bbox 434 4597 2015 4667">
     <span class='ocr_line' id='line_1_119' title="bbox 434 4597 2015 4667; baseline 0 -15"><span class='ocrx_word' id='word_1_785' title='bbox 434 4610 515 4653; x_wconf 87' lang='lat' dir='ltr'><strong>tur</strong></span> <span class='ocrx_word' id='word_1_786' title='bbox 543 4601 780 4667; x_wconf 86' lang='lat' dir='ltr'><strong>obsequia</strong></span> <span class='ocrx_word' id='word_1_787' title='bbox 821 4613 933 4667; x_wconf 75' lang='lat' dir='ltr'><strong>qua:</strong></span> <span class='ocrx_word' id='word_1_788' title='bbox 974 4597 1488 4667; x_wconf 84' lang='lat' dir='ltr'><strong>pauperes_divitibus</strong></span> <span class='ocrx_word' id='word_1_789' title='bbox 1543 4597 1595 4648; x_wconf 87' lang='lat' dir='ltr'><strong>in</strong></span> <span class='ocrx_word' id='word_1_790' title='bbox 1621 4597 1751 4667; x_wconf 85' lang='lat' dir='ltr'><strong>loco</strong></span> <span class='ocrx_word' id='word_1_791' title='bbox 1793 4599 2015 4652; x_wconf 88' lang='lat' dir='ltr'><strong>muneris</strong></span> 
     </span>
    </p>
   </div>
   <div class='ocr_carea' id='block_1_119' title="bbox 435 4665 2016 4732">
    <p class='ocr_par' dir='ltr' id='par_1_119' title="bbox 435 4665 2016 4732">
     <span class='ocr_line' id='line_1_120' title="bbox 435 4665 2016 4732; baseline 0 -10"><span class='ocrx_word' id='word_1_792' title='bbox 435 4672 655 4723; x_wconf 87' lang='lat' dir='ltr'><strong>solvunt.</strong></span> <span class='ocrx_word' id='word_1_793' title='bbox 671 4665 989 4723; x_wconf 21' lang='lat' dir='ltr'><strong>’Altleroona</strong></span> <span class='ocrx_word' id='word_1_794' title='bbox 1011 4669 1199 4721; x_wconf 82' lang='lat' dir='ltr'><strong>dantur</strong></span> <span class='ocrx_word' id='word_1_795' title='bbox 1215 4665 1346 4732; x_wconf 85' lang='lat' dir='ltr'><strong>Deo,</strong></span> <span class='ocrx_word' id='word_1_796' title='bbox 1371 4681 1584 4720; x_wconf 69' lang='lat' dir='ltr'><strong>uenena</strong></span> <span class='ocrx_word' id='word_1_797' title='bbox 1607 4666 1895 4722; x_wconf 83' lang='lat' dir='ltr'><strong>hominibus</strong></span> <span class='ocrx_word' id='word_1_798' title='bbox 1923 4671 2016 4722; x_wconf 84' lang='lat' dir='ltr'><strong>tri-</strong></span> 
     </span>
    </p>
   </div>
   <div class='ocr_carea' id='block_1_120' title="bbox 434 4742 680 4795">
    <p class='ocr_par' dir='ltr' id='par_1_120' title="bbox 434 4742 680 4795">
     <span class='ocr_line' id='line_1_121' title="bbox 434 4742 680 4795; baseline 0 -1"><span class='ocrx_word' id='word_1_799' title='bbox 434 4742 680 4795; x_wconf 80' lang='lat' dir='ltr'><strong>buunlur.</strong></span> 
     </span>
    </p>
   </div>
   <div class='ocr_carea' id='block_1_121' title="bbox 505 4804 2009 4876">
    <p class='ocr_par' dir='ltr' id='par_1_121' title="bbox 505 4804 2009 4876">
     <span class='ocr_line' id='line_1_122' title="bbox 505 4804 2009 4876; baseline -0.001 -14"><span class='ocrx_word' id='word_1_800' title='bbox 505 4811 594 4864; x_wconf 76' lang='lat'><strong>43.</strong></span> <span class='ocrx_word' id='word_1_801' title='bbox 630 4811 752 4863; x_wconf 86' lang='lat' dir='ltr'><strong>Post</strong></span> <span class='ocrx_word' id='word_1_802' title='bbox 786 4808 921 4862; x_wconf 85' lang='lat' dir='ltr'><strong>hanc</strong></span> <span class='ocrx_word' id='word_1_803' title='bbox 950 4806 1307 4861; x_wconf 70' lang='lat' dir='ltr'><strong>differentiam</strong></span> <span class='ocrx_word' id='word_1_804' title='bbox 1349 4804 1402 4859; x_wconf 89' lang='lat' dir='ltr'><strong>in</strong></span> <span class='ocrx_word' id='word_1_805' title='bbox 1432 4804 1552 4860; x_wconf 79' lang='lat' dir='ltr'><strong>Vat.</strong></span> <span class='ocrx_word' id='word_1_806' title='bbox 1587 4805 1690 4858; x_wconf 72' lang='lat'><strong>6‘24</strong></span> <span class='ocrx_word' id='word_1_807' title='bbox 1728 4807 1967 4876; x_wconf 87' lang='lat' dir='ltr'><strong>sequitur</strong></span> <span class='ocrx_word' id='word_1_808' title='bbox 1997 4826 2009 4860; x_wconf 89' lang='lat'><strong>:</strong></span> 
     </span>
    </p>
   </div>
   <div class='ocr_carea' id='block_1_122' title="bbox 436 4879 2014 4944">
    <p class='ocr_par' dir='ltr' id='par_1_122' title="bbox 436 4879 2014 4944">
     <span class='ocr_line' id='line_1_123' title="bbox 436 4879 2014 4944; baseline -0.003 -10"><span class='ocrx_word' id='word_1_809' title='bbox 436 4879 580 4935; x_wconf 81' lang='lat' dir='ltr'><strong>Inter</strong></span> <span class='ocrx_word' id='word_1_810' title='bbox 610 4895 821 4934; x_wconf 68' lang='lat' dir='ltr'><strong>sva-twn</strong></span> <span class='ocrx_word' id='word_1_811' title='bbox 854 4888 900 4932; x_wconf 91' lang='lat' dir='ltr'><strong>et</strong></span> <span class='ocrx_word' id='word_1_812' title='bbox 924 4893 1188 4942; x_wconf 69' lang='lat' dir='ltr'><strong>LACUNAII,</strong></span> <span class='ocrx_word' id='word_1_813' title='bbox 1221 4879 1271 4928; x_wconf 90' lang='lat' dir='ltr'><strong>id</strong></span> <span class='ocrx_word' id='word_1_814' title='bbox 1321 4886 1424 4944; x_wconf 87' lang='lat' dir='ltr'><strong>est,</strong></span> <span class='ocrx_word' id='word_1_815' title='bbox 1453 4891 1772 4942; x_wconf 66' lang='lat' dir='ltr'><strong>CISTERNAI,</strong></span> <span class='ocrx_word' id='word_1_816' title='bbox 1803 4884 1896 4931; x_wconf 78' lang='lat' dir='ltr'><strong>hoc</strong></span> <span class='ocrx_word' id='word_1_817' title='bbox 1934 4879 2014 4930; x_wconf 87' lang='lat' dir='ltr'><strong>in-</strong></span> 
     </span>
    </p>
   </div>
   <div class='ocr_carea' id='block_1_123' title="bbox 438 4946 2013 5020">
    <p class='ocr_par' dir='ltr' id='par_1_123' title="bbox 438 4946 2013 5020">
     <span class='ocr_line' id='line_1_124' title="bbox 438 4946 2013 5020; baseline -0.004 -15"><span class='ocrx_word' id='word_1_818' title='bbox 438 4960 606 5016; x_wconf 80' lang='lat' dir='ltr'><strong>terest,</strong></span> <span class='ocrx_word' id='word_1_819' title='bbox 637 4951 773 5020; x_wconf 89' lang='lat' dir='ltr'><strong>quod</strong></span> <span class='ocrx_word' id='word_1_820' title='bbox 796 4964 1018 5020; x_wconf 70' lang='lat' dir='ltr'><strong>rursus</strong></span> <span class='ocrx_word' id='word_1_821' title='bbox 1044 4964 1139 5020; x_wconf 17' lang='lat' dir='ltr'><strong>per;</strong></span> <span class='ocrx_word' id='word_1_822' title='bbox 1174 4959 1350 5016; x_wconf 81' lang='lat' dir='ltr'><strong>puteos</strong></span> <span class='ocrx_word' id='word_1_823' title='bbox 1408 4946 1611 5016; x_wconf 75' lang='lat' dir='ltr'><strong>(Forte,</strong></span> <span class='ocrx_word' id='word_1_824' title='bbox 1646 4963 1798 5009; x_wconf 84' lang='lat' dir='ltr'><strong>puras</strong></span> <span class='ocrx_word' id='word_1_825' title='bbox 1841 4951 2013 5016; x_wconf 85' lang='lat' dir='ltr'><strong>putas)</strong></span> 
     </span>
    </p>
   </div>
   <div class='ocr_carea' id='block_1_124' title="bbox 437 5018 2015 5091">
    <p class='ocr_par' dir='ltr' id='par_1_124' title="bbox 437 5018 2015 5091">
     <span class='ocr_line' id='line_1_125' title="bbox 437 5018 2015 5091; baseline -0.001 -17"><span class='ocrx_word' id='word_1_826' title='bbox 437 5038 594 5091; x_wconf 79' lang='lat' dir='ltr'><strong>aquas</strong></span> <span class='ocrx_word' id='word_1_827' title='bbox 614 5018 784 5085; x_wconf 82' lang='lat' dir='ltr'><strong>habet,</strong></span> <span class='ocrx_word' id='word_1_828' title='bbox 811 5030 859 5072; x_wconf 89' lang='lat' dir='ltr'><strong>et</strong></span> <span class='ocrx_word' id='word_1_829' title='bbox 883 5019 944 5070; x_wconf 89' lang='lat' dir='ltr'><strong>de</strong></span> <span class='ocrx_word' id='word_1_830' title='bbox 973 5019 1081 5070; x_wconf 80' lang='lat' dir='ltr'><strong>vivo</strong></span> <span class='ocrx_word' id='word_1_831' title='bbox 1113 5018 1250 5086; x_wconf 64' lang='lat' dir='ltr'><strong>{atate</strong></span> <span class='ocrx_word' id='word_1_832' title='bbox 1270 5027 1562 5080; x_wconf 82' lang='lat' dir='ltr'><strong>manantes;</strong></span> <span class='ocrx_word' id='word_1_833' title='bbox 1595 5032 1871 5091; x_wconf 69' lang='lat' dir='ltr'><strong>ctsrenm,</strong></span> <span class='ocrx_word' id='word_1_834' title='bbox 1894 5034 2015 5091; x_wconf 73' lang='lat' dir='ltr'><strong>quas</strong></span> 
     </span>
    </p>
   </div>
   <div class='ocr_carea' id='block_1_125' title="bbox 435 5088 2009 5160">
    <p class='ocr_par' dir='ltr' id='par_1_125' title="bbox 435 5088 2009 5160">
     <span class='ocr_line' id='line_1_126' title="bbox 435 5088 2009 5160; baseline -0.001 -16"><span class='ocrx_word' id='word_1_835' title='bbox 435 5088 728 5160; x_wconf 58' lang='lat' dir='ltr'><strong>refrigerat,</strong></span> <span class='ocrx_word' id='word_1_836' title='bbox 757 5107 918 5157; x_wconf 88' lang='lat' dir='ltr'><strong>aquas</strong></span> <span class='ocrx_word' id='word_1_837' title='bbox 949 5104 1066 5140; x_wconf 90' lang='lat' dir='ltr'><strong>suas</strong></span> <span class='ocrx_word' id='word_1_838' title='bbox 1087 5099 1321 5141; x_wconf 71' lang='lat' dir='ltr'><strong>externas</strong></span> <span class='ocrx_word' id='word_1_839' title='bbox 1357 5097 1402 5140; x_wconf 90' lang='lat' dir='ltr'><strong>et</strong></span> <span class='ocrx_word' id='word_1_840' title='bbox 1429 5088 1739 5160; x_wconf 80' lang='lat' dir='ltr'><strong>adventicius</strong></span> <span class='ocrx_word' id='word_1_841' title='bbox 1765 5090 2009 5154; x_wconf 86' lang='lat' dir='ltr'><strong>possidet.</strong></span> 
     </span>
    </p>
   </div>
   <div class='ocr_carea' id='block_1_126' title="bbox 435 5157 2010 5222">
    <p class='ocr_par' dir='ltr' id='par_1_126' title="bbox 435 5157 2010 5222">
     <span class='ocr_line' id='line_1_127' title="bbox 435 5157 2010 5222; baseline -0.001 -7"><span class='ocrx_word' id='word_1_842' title='bbox 435 5157 676 5215; x_wconf 34' lang='lat' dir='ltr'><strong>-—&#39;Aliud</strong></span> <span class='ocrx_word' id='word_1_843' title='bbox 709 5171 780 5213; x_wconf 81' lang='lat' dir='ltr'><strong>est</strong></span> <span class='ocrx_word' id='word_1_844' title='bbox 833 5174 986 5222; x_wconf 76' lang='lat' dir='ltr'><strong>Loqui</strong></span> <span class='ocrx_word' id='word_1_845' title='bbox 1017 5173 1067 5211; x_wconf 75' lang='lat' dir='ltr'><strong>IN</strong></span> <span class='ocrx_word' id='word_1_846' title='bbox 1117 5173 1366 5221; x_wconf 62' lang='lat' dir='ltr'><strong>reasons,</strong></span> <span class='ocrx_word' id='word_1_847' title='bbox 1410 5157 1554 5210; x_wconf 86' lang='lat' dir='ltr'><strong>aliud</strong></span> <span class='ocrx_word' id='word_1_848' title='bbox 1598 5173 1665 5210; x_wconf 84' lang='grc' dir='ltr'><strong>Αυ</strong></span> <span class='ocrx_word' id='word_1_849' title='bbox 1694 5173 2010 5213; x_wconf 60' lang='lat' dir='ltr'><strong>ransom“:</strong></span> 
     </span>
    </p>
   </div>
   <div class='ocr_carea' id='block_1_127' title="bbox 436 5228 2014 5300">
    <p class='ocr_par' dir='ltr' id='par_1_127' title="bbox 436 5228 2014 5300">
     <span class='ocr_line' id='line_1_128' title="bbox 436 5228 2014 5300; baseline -0.001 -15"><span class='ocrx_word' id='word_1_850' title='bbox 436 5236 487 5285; x_wconf 93' lang='lat' dir='ltr'><strong>in</strong></span> <span class='ocrx_word' id='word_1_851' title='bbox 519 5248 736 5300; x_wconf 84' lang='lat' dir='ltr'><strong>persona</strong></span> <span class='ocrx_word' id='word_1_852' title='bbox 764 5230 978 5297; x_wconf 84' lang='lat' dir='ltr'><strong>nontpsi</strong></span> <span class='ocrx_word' id='word_1_853' title='bbox 1002 5228 1229 5296; x_wconf 83' lang='lat' dir='ltr'><strong>loquitur</strong></span> <span class='ocrx_word' id='word_1_854' title='bbox 1270 5242 1518 5300; x_wconf 68' lang='lat' dir='ltr'><strong>personae,</strong></span> <span class='ocrx_word' id='word_1_855' title='bbox 1543 5229 1630 5280; x_wconf 86' lang='lat' dir='ltr'><strong>sed</strong></span> <span class='ocrx_word' id='word_1_856' title='bbox 1667 5243 1759 5294; x_wconf 85' lang='lat' dir='ltr'><strong>pro</strong></span> <span class='ocrx_word' id='word_1_857' title='bbox 1797 5247 2014 5296; x_wconf 79' lang='lat' dir='ltr'><strong>persona</strong></span> 
     </span>
    </p>
   </div>
   <div class='ocr_carea' id='block_1_128' title="bbox 438 5299 2012 5370">
    <p class='ocr_par' dir='ltr' id='par_1_128' title="bbox 438 5299 2012 5370">
     <span class='ocr_line' id='line_1_129' title="bbox 438 5299 2012 5370; baseline -0.002 -15"><span class='ocrx_word' id='word_1_858' title='bbox 438 5299 665 5370; x_wconf 84' lang='lat' dir='ltr'><strong>loquitur</strong></span> <span class='ocrx_word' id='word_1_859' title='bbox 691 5302 757 5352; x_wconf 90' lang='lat' dir='ltr'><strong>ad</strong></span> <span class='ocrx_word' id='word_1_860' title='bbox 774 5300 939 5370; x_wconf 76' lang='lat' dir='ltr'><strong>alios;</strong></span> <span class='ocrx_word' id='word_1_861' title='bbox 968 5301 1033 5350; x_wconf 88' lang='lat' dir='ltr'><strong>ad</strong></span> <span class='ocrx_word' id='word_1_862' title='bbox 1057 5313 1325 5364; x_wconf 85' lang='lat' dir='ltr'><strong>personam</strong></span> <span class='ocrx_word' id='word_1_863' title='bbox 1359 5299 1728 5370; x_wconf 82' lang='lat' dir='ltr'><strong>vero_luqnens,</strong></span> <span class='ocrx_word' id='word_1_864' title='bbox 1751 5300 1818 5350; x_wconf 88' lang='lat' dir='ltr'><strong>ad</strong></span> <span class='ocrx_word' id='word_1_865' title='bbox 1850 5300 2012 5368; x_wconf 88' lang='lat' dir='ltr'><strong>ipsam</strong></span> 
     </span>
    </p>
   </div>
   <div class='ocr_carea' id='block_1_129' title="bbox 437 5364 2007 5440">
    <p class='ocr_par' dir='ltr' id='par_1_129' title="bbox 437 5364 2007 5440">
     <span class='ocr_line' id='line_1_130' title="bbox 437 5364 2007 5440; baseline 0 -18"><span class='ocrx_word' id='word_1_866' title='bbox 437 5364 608 5440; x_wconf 60' lang='lat' dir='ltr'><strong>signi/i</strong></span> <span class='ocrx_word' id='word_1_867' title='bbox 640 5381 757 5422; x_wconf 90' lang='lat' dir='ltr'><strong>atur</strong></span> <span class='ocrx_word' id='word_1_868' title='bbox 787 5369 1020 5440; x_wconf 77' lang='lat' dir='ltr'><strong>conferre</strong></span> <span class='ocrx_word' id='word_1_869' title='bbox 1037 5382 1335 5421; x_wconf 87' lang='lat' dir='ltr'><strong>sermonem.</strong></span> <span class='ocrx_word' id='word_1_870' title='bbox 1361 5394 1430 5440; x_wconf 60' lang='grc' dir='ltr'><strong>-έ-</strong></span> <span class='ocrx_word' id='word_1_871' title='bbox 1459 5364 1605 5418; x_wconf 85' lang='lat' dir='ltr'><strong>Inter</strong></span> <span class='ocrx_word' id='word_1_872' title='bbox 1632 5364 2007 5434; x_wconf 68' lang='lat' dir='ltr'><strong>rnnatcsutsu,</strong></span> 
     </span>
    </p>
   </div>
   <div class='ocr_carea' id='block_1_130' title="bbox 437 5438 2013 5507">
    <p class='ocr_par' dir='ltr' id='par_1_130' title="bbox 437 5438 2013 5507">
     <span class='ocr_line' id='line_1_131' title="bbox 437 5438 2013 5507; baseline -0.002 -13"><span class='ocrx_word' id='word_1_873' title='bbox 437 5438 502 5494; x_wconf 62' lang='lat' dir='ltr'><strong>ei</strong></span> <span class='ocrx_word' id='word_1_874' title='bbox 532 5438 844 5494; x_wconf 62' lang='lat' dir='ltr'><strong>accersunt</strong></span> <span class='ocrx_word' id='word_1_875' title='bbox 871 5443 963 5489; x_wconf 82' lang='lat' dir='ltr'><strong>hoc</strong></span> <span class='ocrx_word' id='word_1_876' title='bbox 1006 5438 1240 5501; x_wconf 88' lang='lat' dir='ltr'><strong>interest,</strong></span> <span class='ocrx_word' id='word_1_877' title='bbox 1265 5438 1400 5506; x_wconf 87' lang='lat' dir='ltr'><strong>quod</strong></span> <span class='ocrx_word' id='word_1_878' title='bbox 1431 5453 1742 5492; x_wconf 65' lang='lat' dir='ltr'><strong>ronmcsnu</strong></span> <span class='ocrx_word' id='word_1_879' title='bbox 1783 5450 1853 5491; x_wconf 90' lang='lat' dir='ltr'><strong>est</strong></span> <span class='ocrx_word' id='word_1_880' title='bbox 1898 5455 2013 5507; x_wconf 73' lang='lat' dir='ltr'><strong>qua:</strong></span> 
     </span>
    </p>
   </div>
   <div class='ocr_carea' id='block_1_131' title="bbox 437 5508 2011 5576">
    <p class='ocr_par' dir='ltr' id='par_1_131' title="bbox 437 5508 2011 5576">
     <span class='ocr_line' id='line_1_132' title="bbox 437 5508 2011 5576; baseline -0.002 -12"><span class='ocrx_word' id='word_1_881' title='bbox 437 5527 554 5564; x_wconf 79' lang='lat' dir='ltr'><strong>cum</strong></span> <span class='ocrx_word' id='word_1_882' title='bbox 581 5508 812 5576; x_wconf 86' lang='lat' dir='ltr'><strong>pluribus</strong></span> <span class='ocrx_word' id='word_1_883' title='bbox 851 5509 1140 5574; x_wconf 83' lang='lat' dir='ltr'><strong>copulatur,</strong></span> <span class='ocrx_word' id='word_1_884' title='bbox 1173 5524 1474 5572; x_wconf 61' lang='lat' dir='ltr'><strong>annuens,</strong></span> <span class='ocrx_word' id='word_1_885' title='bbox 1502 5523 1617 5571; x_wconf 72' lang='lat' dir='ltr'><strong>qua:</strong></span> <span class='ocrx_word' id='word_1_886' title='bbox 1667 5525 1822 5560; x_wconf 87' lang='lat' dir='ltr'><strong>unum</strong></span> <span class='ocrx_word' id='word_1_887' title='bbox 1852 5511 2011 5564; x_wconf 80' lang='lat' dir='ltr'><strong>virum</strong></span> 
     </span>
    </p>
   </div>
   <div class='ocr_carea' id='block_1_132' title="bbox 2119 4529 3690 4600">
    <p class='ocr_par' dir='ltr' id='par_1_132' title="bbox 2119 4529 3690 4600">
     <span class='ocr_line' id='line_1_133' title="bbox 2119 4529 3690 4600; baseline -0.001 -14"><span class='ocrx_word' id='word_1_888' title='bbox 2119 4548 2213 4586; x_wconf 74' lang='lat' dir='ltr'><strong>nus</strong></span> <span class='ocrx_word' id='word_1_889' title='bbox 2240 4532 2384 4585; x_wconf 89' lang='lat' dir='ltr'><strong>locus</strong></span> <span class='ocrx_word' id='word_1_890' title='bbox 2411 4532 2464 4584; x_wconf 90' lang='lat' dir='ltr'><strong>in</strong></span> <span class='ocrx_word' id='word_1_891' title='bbox 2490 4529 2591 4600; x_wconf 87' lang='lat' dir='ltr'><strong>quo</strong></span> <span class='ocrx_word' id='word_1_892' title='bbox 2613 4534 2798 4584; x_wconf 70' lang='lat' dir='ltr'><strong>animae</strong></span> <span class='ocrx_word' id='word_1_893' title='bbox 2828 4530 3160 4583; x_wconf 84' lang='lat' dir='ltr'><strong>recluduntur</strong></span> <span class='ocrx_word' id='word_1_894' title='bbox 3190 4529 3292 4581; x_wconf 89' lang='lat' dir='ltr'><strong>sive</strong></span> <span class='ocrx_word' id='word_1_895' title='bbox 3320 4531 3371 4580; x_wconf 89' lang='lat' dir='ltr'><strong>in</strong></span> <span class='ocrx_word' id='word_1_896' title='bbox 3401 4532 3690 4600; x_wconf 78' lang='lat' dir='ltr'><strong>refrigeria,</strong></span> 
     </span>
    </p>
   </div>
   <div class='ocr_carea' id='block_1_133' title="bbox 2116 4600 3687 4670">
    <p class='ocr_par' dir='ltr' id='par_1_133' title="bbox 2116 4600 3687 4670">
     <span class='ocr_line' id='line_1_134' title="bbox 2116 4600 3687 4670; baseline -0.002 -14"><span class='ocrx_word' id='word_1_897' title='bbox 2116 4603 2218 4656; x_wconf 86' lang='lat' dir='ltr'><strong>sive</strong></span> <span class='ocrx_word' id='word_1_898' title='bbox 2263 4602 2317 4654; x_wconf 89' lang='lat' dir='ltr'><strong>in</strong></span> <span class='ocrx_word' id='word_1_899' title='bbox 2346 4619 2607 4670; x_wconf 70' lang='lat' dir='ltr'><strong>poenarum</strong></span> <span class='ocrx_word' id='word_1_900' title='bbox 2655 4609 2903 4655; x_wconf 88' lang='lat' dir='ltr'><strong>tormenta</strong></span> <span class='ocrx_word' id='word_1_901' title='bbox 2932 4615 3043 4670; x_wconf 14' lang='lat' dir='ltr'><strong>pro,</strong></span> <span class='ocrx_word' id='word_1_902' title='bbox 3072 4600 3319 4670; x_wconf 81' lang='lat' dir='ltr'><strong>qualitate</strong></span> <span class='ocrx_word' id='word_1_903' title='bbox 3374 4601 3687 4653; x_wconf 84' lang='lat' dir='ltr'><strong>meritorum.</strong></span> 
     </span>
    </p>
   </div>
   <div class='ocr_carea' id='block_1_134' title="bbox 2117 4667 3693 4740">
    <p class='ocr_par' dir='ltr' id='par_1_134' title="bbox 2117 4667 3693 4740">
     <span class='ocr_line' id='line_1_135' title="bbox 2117 4667 3693 4740; baseline -0.002 -14"><span class='ocrx_word' id='word_1_904' title='bbox 2117 4667 2453 4740; x_wconf 85' lang='lat' dir='ltr'><strong>Comparatur</strong></span> <span class='ocrx_word' id='word_1_905' title='bbox 2482 4682 2650 4725; x_wconf 90' lang='lat' dir='ltr'><strong>autem</strong></span> <span class='ocrx_word' id='word_1_906' title='bbox 2680 4687 2815 4723; x_wconf 89' lang='lat' dir='ltr'><strong>mors</strong></span> <span class='ocrx_word' id='word_1_907' title='bbox 2845 4667 3385 4740; x_wconf 72' lang='lat' dir='ltr'><strong>multetifarnicarite,</strong></span> <span class='ocrx_word' id='word_1_908' title='bbox 3411 4671 3531 4738; x_wconf 88' lang='lat' dir='ltr'><strong>quia</strong></span> <span class='ocrx_word' id='word_1_909' title='bbox 3562 4674 3693 4724; x_wconf 88' lang='lat' dir='ltr'><strong>sicut</strong></span> 
     </span>
    </p>
   </div>
   <div class='ocr_carea' id='block_1_135' title="bbox 2117 4739 3697 4804">
    <p class='ocr_par' dir='ltr' id='par_1_135' title="bbox 2117 4739 3697 4804">
     <span class='ocr_line' id='line_1_136' title="bbox 2117 4739 3697 4804; baseline 0 -11"><span class='ocrx_word' id='word_1_910' title='bbox 2117 4739 2251 4795; x_wconf 83' lang='lat' dir='ltr'><strong>mors</strong></span> <span class='ocrx_word' id='word_1_911' title='bbox 2281 4743 2461 4795; x_wconf 73' lang='lat' dir='ltr'><strong>diridil</strong></span> <span class='ocrx_word' id='word_1_912' title='bbox 2488 4744 2712 4795; x_wconf 88' lang='lat' dir='ltr'><strong>animam</strong></span> <span class='ocrx_word' id='word_1_913' title='bbox 2736 4756 2768 4792; x_wconf 88' lang='lat' dir='ltr'><strong>a</strong></span> <span class='ocrx_word' id='word_1_914' title='bbox 2789 4752 3023 4804; x_wconf 86' lang='lat' dir='ltr'><strong>corpore,</strong></span> <span class='ocrx_word' id='word_1_915' title='bbox 3051 4739 3124 4790; x_wconf 90' lang='lat' dir='ltr'><strong>ita</strong></span> <span class='ocrx_word' id='word_1_916' title='bbox 3145 4739 3327 4790; x_wconf 84' lang='lat' dir='ltr'><strong>mulier</strong></span> <span class='ocrx_word' id='word_1_917' title='bbox 3357 4743 3596 4793; x_wconf 74' lang='lat' dir='ltr'><strong>meretrix</strong></span> <span class='ocrx_word' id='word_1_918' title='bbox 3615 4743 3697 4794; x_wconf 88' lang='lat' dir='ltr'><strong>di-</strong></span> 
     </span>
    </p>
   </div>
   <div class='ocr_carea' id='block_1_136' title="bbox 2115 4809 3695 4882">
    <p class='ocr_par' dir='ltr' id='par_1_136' title="bbox 2115 4809 3695 4882">
     <span class='ocr_line' id='line_1_137' title="bbox 2115 4809 3695 4882; baseline 0.001 -18"><span class='ocrx_word' id='word_1_919' title='bbox 2115 4813 2236 4865; x_wconf 84' lang='lat' dir='ltr'><strong>vidit</strong></span> <span class='ocrx_word' id='word_1_920' title='bbox 2258 4813 2386 4865; x_wconf 88' lang='lat' dir='ltr'><strong>inter</strong></span> <span class='ocrx_word' id='word_1_921' title='bbox 2405 4814 2611 4882; x_wconf 78' lang='lat' dir='ltr'><strong>fratres.</strong></span> <span class='ocrx_word' id='word_1_922' title='bbox 2643 4840 2713 4851; x_wconf 95' lang='lat'><strong><em>—</em></strong></span> <span class='ocrx_word' id='word_1_923' title='bbox 2743 4809 2898 4882; x_wconf 70' lang='lat' dir='ltr'><strong>Inter</strong></span> <span class='ocrx_word' id='word_1_924' title='bbox 2922 4823 3291 4862; x_wconf 67' lang='lat' dir='ltr'><strong>£GRI1‘UDINEM</strong></span> <span class='ocrx_word' id='word_1_925' title='bbox 3343 4819 3392 4882; x_wconf 83' lang='lat' dir='ltr'><strong>et</strong></span> <span class='ocrx_word' id='word_1_926' title='bbox 3414 4881 3418 4882; x_wconf 17' lang='grc' dir='ltr'><em>ν</em></span> <span class='ocrx_word' id='word_1_927' title='bbox 3439 4826 3695 4865; x_wconf 62' lang='grc' dir='ltr'><strong>ΑΕΕΠΟΤΑ·</strong></span> 
     </span>
    </p>
   </div>
   <div class='ocr_carea' id='block_1_137' title="bbox 2116 4880 3712 4958">
    <p class='ocr_par' dir='ltr' id='par_1_137' title="bbox 2116 4880 3712 4958">
     <span class='ocr_line' id='line_1_138' title="bbox 2116 4880 3712 4958; baseline 0.001 -24"><span class='ocrx_word' id='word_1_928' title='bbox 2116 4898 2313 4936; x_wconf 62' lang='lat' dir='ltr'><strong>nomen</strong></span> <span class='ocrx_word' id='word_1_929' title='bbox 2362 4880 2458 4934; x_wconf 79' lang='lat' dir='ltr'><strong>hoc</strong></span> <span class='ocrx_word' id='word_1_930' title='bbox 2505 4883 2732 4943; x_wconf 85' lang='lat' dir='ltr'><strong>interest,</strong></span> <span class='ocrx_word' id='word_1_931' title='bbox 2762 4880 2898 4958; x_wconf 80' lang='lat' dir='ltr'><strong>quod</strong></span> <span class='ocrx_word' id='word_1_932' title='bbox 2937 4893 3211 4933; x_wconf 67' lang='lat' dir='ltr'><strong>£6:tl&#39;l‘U.0</strong></span> <span class='ocrx_word' id='word_1_933' title='bbox 3259 4881 3422 4933; x_wconf 88' lang='lat' dir='ltr'><strong>animi</strong></span> <span class='ocrx_word' id='word_1_934' title='bbox 3478 4884 3712 4950; x_wconf 82' lang='lat' dir='ltr'><strong>dicitur,-</strong></span> 
     </span>
    </p>
   </div>
   <div class='ocr_carea' id='block_1_138' title="bbox 2115 4961 2893 5018">
    <p class='ocr_par' dir='ltr' id='par_1_138' title="bbox 2115 4961 2893 5018">
     <span class='ocr_line' id='line_1_139' title="bbox 2115 4961 2893 5018; baseline -0.013 -10"><span class='ocrx_word' id='word_1_935' title='bbox 2115 4967 2432 5008; x_wconf 70' lang='lat' dir='ltr'><strong>£cnornto</strong></span> <span class='ocrx_word' id='word_1_936' title='bbox 2455 4961 2624 5004; x_wconf 90' lang='lat' dir='ltr'><strong>autem</strong></span> <span class='ocrx_word' id='word_1_937' title='bbox 2645 4965 2893 5018; x_wconf 76' lang='lat' dir='ltr'><strong>corporis.</strong></span> 
     </span>
    </p>
   </div>
   <div class='ocr_carea' id='block_1_139' title="bbox 2187 5038 3696 5106">
    <p class='ocr_par' dir='ltr' id='par_1_139' title="bbox 2187 5038 3696 5106">
     <span class='ocr_line' id='line_1_140' title="bbox 2187 5038 3696 5106; baseline -0.001 -8"><span class='ocrx_word' id='word_1_938' title='bbox 2187 5043 2276 5098; x_wconf 72' lang='lat'><strong>52.</strong></span> <span class='ocrx_word' id='word_1_939' title='bbox 2311 5043 2442 5096; x_wconf 89' lang='lat' dir='ltr'><strong>Cod.</strong></span> <span class='ocrx_word' id='word_1_940' title='bbox 2473 5040 2591 5094; x_wconf 82' lang='lat' dir='ltr'><strong>Vat.</strong></span> <span class='ocrx_word' id='word_1_941' title='bbox 2618 5038 2741 5105; x_wconf 71' lang='lat'><strong>624,</strong></span> <span class='ocrx_word' id='word_1_942' title='bbox 2776 5055 2932 5106; x_wconf 87' lang='lat' dir='ltr'><strong>pavor</strong></span> <span class='ocrx_word' id='word_1_943' title='bbox 2961 5041 3120 5093; x_wconf 84' lang='lat' dir='ltr'><strong>animi</strong></span> <span class='ocrx_word' id='word_1_944' title='bbox 3150 5050 3335 5105; x_wconf 71' lang='lat' dir='ltr'><strong>motus,</strong></span> <span class='ocrx_word' id='word_1_945' title='bbox 3361 5042 3493 5095; x_wconf 82' lang='lat' dir='ltr'><strong>unde</strong></span> <span class='ocrx_word' id='word_1_946' title='bbox 3520 5043 3696 5098; x_wconf 86' lang='lat' dir='ltr'><strong>etiam.</strong></span> 
     </span>
    </p>
   </div>
   <div class='ocr_carea' id='block_1_140' title="bbox 2186 5110 3445 5180">
    <p class='ocr_par' dir='ltr' id='par_1_140' title="bbox 2186 5110 3445 5180">
     <span class='ocr_line' id='line_1_141' title="bbox 2186 5110 3445 5180; baseline -0.001 -13"><span class='ocrx_word' id='word_1_947' title='bbox 2186 5115 2275 5167; x_wconf 76' lang='grc'><strong>55.</strong></span> <span class='ocrx_word' id='word_1_948' title='bbox 2303 5112 2437 5166; x_wconf 92' lang='lat' dir='ltr'><strong>Cod.</strong></span> <span class='ocrx_word' id='word_1_949' title='bbox 2473 5112 2589 5164; x_wconf 82' lang='lat' dir='ltr'><strong>Vat.</strong></span> <span class='ocrx_word' id='word_1_950' title='bbox 2613 5110 2735 5172; x_wconf 71' lang='lat'><strong>624,</strong></span> <span class='ocrx_word' id='word_1_951' title='bbox 2768 5127 2984 5180; x_wconf 85' lang='lat' dir='ltr'><strong>quorum</strong></span> <span class='ocrx_word' id='word_1_952' title='bbox 3012 5121 3146 5164; x_wconf 88' lang='lat' dir='ltr'><strong>ment</strong></span> <span class='ocrx_word' id='word_1_953' title='bbox 3168 5128 3198 5163; x_wconf 89' lang='grc' dir='ltr'><strong>ο</strong></span> <span class='ocrx_word' id='word_1_954' title='bbox 3221 5127 3322 5164; x_wconf 86' lang='lat' dir='ltr'><strong>una</strong></span> <span class='ocrx_word' id='word_1_955' title='bbox 3350 5121 3445 5167; x_wconf 85' lang='lat' dir='ltr'><strong>est.</strong></span> 
     </span>
    </p>
   </div>
   <div class='ocr_carea' id='block_1_141' title="bbox 2114 5181 3696 5322">
    <p class='ocr_par' dir='ltr' id='par_1_141' title="bbox 2114 5181 3696 5322">
     <span class='ocr_line' id='line_1_142' title="bbox 2121 5181 3696 5266; baseline 0.001 -29"><span class='ocrx_word' id='word_1_956' title='bbox 2121 5255 2132 5266; x_wconf 40' lang='grc' dir='ltr'><strong>ο</strong></span> <span class='ocrx_word' id='word_1_957' title='bbox 2186 5184 2277 5237; x_wconf 82' lang='grc'><strong>56.</strong></span> <span class='ocrx_word' id='word_1_958' title='bbox 2315 5183 2430 5236; x_wconf 85' lang='lat' dir='ltr'><strong>Vat.</strong></span> <span class='ocrx_word' id='word_1_959' title='bbox 2464 5181 2590 5248; x_wconf 62' lang='lat'><strong>634,</strong></span> <span class='ocrx_word' id='word_1_960' title='bbox 2622 5181 2888 5236; x_wconf 86' lang='lat' dir='ltr'><strong>necessitas</strong></span> <span class='ocrx_word' id='word_1_961' title='bbox 2918 5181 3085 5248; x_wconf 84' lang='lat' dir='ltr'><strong>detur,</strong></span> <span class='ocrx_word' id='word_1_962' title='bbox 3120 5181 3334 5248; x_wconf 75' lang='lat' dir='ltr'><strong>dictum,</strong></span> <span class='ocrx_word' id='word_1_963' title='bbox 3358 5184 3476 5252; x_wconf 85' lang='lat' dir='ltr'><strong>quia</strong></span> <span class='ocrx_word' id='word_1_964' title='bbox 3504 5182 3696 5238; x_wconf 72' lang='lat' dir='ltr'><strong>substet</strong></span> 
     </span>
     <span class='ocr_line' id='line_1_143' title="bbox 2114 5262 2416 5322; baseline -0.003 -14"><span class='ocrx_word' id='word_1_965' title='bbox 2114 5272 2168 5308; x_wconf 84' lang='lat' dir='ltr'><strong>tn</strong></span> <span class='ocrx_word' id='word_1_966' title='bbox 2197 5262 2416 5322; x_wconf 86' lang='lat' dir='ltr'><strong>tempus.</strong></span> 
     </span>
    </p>
   </div>
   <div class='ocr_carea' id='block_1_142' title="bbox 2185 5340 3698 5409">
    <p class='ocr_par' dir='ltr' id='par_1_142' title="bbox 2185 5340 3698 5409">
     <span class='ocr_line' id='line_1_144' title="bbox 2185 5340 3698 5409; baseline -0.003 -10"><span class='ocrx_word' id='word_1_967' title='bbox 2185 5345 2273 5399; x_wconf 82' lang='grc'><strong>58.</strong></span> <span class='ocrx_word' id='word_1_968' title='bbox 2307 5344 2433 5398; x_wconf 68' lang='grc' dir='ltr'><strong>Ηιιιο</strong></span> <span class='ocrx_word' id='word_1_969' title='bbox 2459 5343 2758 5398; x_wconf 81' lang='lat' dir='ltr'><strong>differentia</strong></span> <span class='ocrx_word' id='word_1_970' title='bbox 2790 5357 2973 5398; x_wconf 88' lang='lat' dir='ltr'><strong>rursus</strong></span> <span class='ocrx_word' id='word_1_971' title='bbox 2995 5341 3224 5397; x_wconf 89' lang='lat' dir='ltr'><strong>occurrit</strong></span> <span class='ocrx_word' id='word_1_972' title='bbox 3249 5358 3400 5398; x_wconf 89' lang='lat' dir='ltr'><strong>num.</strong></span> <span class='ocrx_word' id='word_1_973' title='bbox 3433 5341 3560 5409; x_wconf 69' lang='lat' dir='ltr'><strong>25I,</strong></span> <span class='ocrx_word' id='word_1_974' title='bbox 3606 5340 3698 5396; x_wconf 90' lang='lat' dir='ltr'><strong>ubi</strong></span> 
     </span>
    </p>
   </div>
   <div class='ocr_carea' id='block_1_143' title="bbox 2116 5417 3495 5484">
    <p class='ocr_par' dir='ltr' id='par_1_143' title="bbox 2116 5417 3495 5484">
     <span class='ocr_line' id='line_1_145' title="bbox 2116 5417 3495 5484; baseline -0.004 -15"><span class='ocrx_word' id='word_1_975' title='bbox 2116 5417 2282 5470; x_wconf 83' lang='lat' dir='ltr'><strong>fusius</strong></span> <span class='ocrx_word' id='word_1_976' title='bbox 2313 5420 2614 5484; x_wconf 71' lang='lat' dir='ltr'><strong>exponitur.</strong></span> <span class='ocrx_word' id='word_1_977' title='bbox 3485 5426 3495 5433; x_wconf 75' lang='grc'><em>”</em></span> 
     </span>
    </p>
   </div>
   <div class='ocr_carea' id='block_1_144' title="bbox 2185 5502 3694 5575">
    <p class='ocr_par' dir='ltr' id='par_1_144' title="bbox 2185 5502 3694 5575">
     <span class='ocr_line' id='line_1_146' title="bbox 2185 5502 3694 5575; baseline -0.003 -17"><span class='ocrx_word' id='word_1_978' title='bbox 2185 5507 2272 5560; x_wconf 87' lang='lat'><strong>60.</strong></span> <span class='ocrx_word' id='word_1_979' title='bbox 2298 5505 2602 5575; x_wconf 83' lang='lat' dir='ltr'><strong>Legendum</strong></span> <span class='ocrx_word' id='word_1_980' title='bbox 2651 5506 2845 5571; x_wconf 87' lang='lat' dir='ltr'><strong>simitu,</strong></span> <span class='ocrx_word' id='word_1_981' title='bbox 2894 5521 3000 5558; x_wconf 92' lang='lat' dir='ltr'><strong>non</strong></span> <span class='ocrx_word' id='word_1_982' title='bbox 3048 5505 3306 5568; x_wconf 87' lang='lat' dir='ltr'><strong>simitum;</strong></span> <span class='ocrx_word' id='word_1_983' title='bbox 3359 5514 3480 5575; x_wconf 85' lang='lat' dir='ltr'><strong>nam</strong></span> <span class='ocrx_word' id='word_1_984' title='bbox 3520 5502 3694 5554; x_wconf 87' lang='lat' dir='ltr'><strong>simitu</strong></span> 
     </span>
    </p>
   </div>
   <div class='ocr_carea' id='block_1_145' title="bbox 438 5554 3693 5647">
    <p class='ocr_par' dir='ltr' id='par_1_145' title="bbox 438 5554 3693 5647">
     <span class='ocr_line' id='line_1_147' title="bbox 438 5554 3693 5647; baseline -0.004 -12"><span class='ocrx_word' id='word_1_985' title='bbox 438 5554 702 5646; x_wconf 52' lang='lat' dir='ltr'><strong>deserens,</strong></span> <span class='ocrx_word' id='word_1_986' title='bbox 729 5578 877 5631; x_wconf 88' lang='lat' dir='ltr'><strong>alteri</strong></span> <span class='ocrx_word' id='word_1_987' title='bbox 914 5554 1174 5647; x_wconf 52' lang='lat' dir='ltr'><strong>Sungilui&#39;.</strong></span> <span class='ocrx_word' id='word_1_988' title='bbox 1207 5607 1276 5617; x_wconf 88' lang='lat'><strong>-—</strong></span> <span class='ocrx_word' id='word_1_989' title='bbox 1305 5554 1669 5631; x_wconf 29' lang='lat' dir='ltr'><strong>Interminatus</strong></span> <span class='ocrx_word' id='word_1_990' title='bbox 1697 5589 1742 5631; x_wconf 91' lang='lat' dir='ltr'><strong>et</strong></span> <span class='ocrx_word' id='word_1_991' title='bbox 1767 5554 2011 5635; x_wconf 43' lang='lat' dir='ltr'><strong>cnsoewns</strong></span> <span class='ocrx_word' id='word_1_992' title='bbox 2045 5554 2091 5608; x_wconf 55' lang='grc' dir='ltr'>δ</span> <span class='ocrx_word' id='word_1_993' title='bbox 2114 5594 2214 5631; x_wconf 76' lang='lat' dir='ltr'><strong>vox</strong></span> <span class='ocrx_word' id='word_1_994' title='bbox 2267 5554 2617 5646; x_wconf 19' lang='lat' dir='ltr'><strong>antiquari—et</strong></span> <span class='ocrx_word' id='word_1_995' title='bbox 3244 5554 3503 5647; x_wconf 69' lang='lat' dir='ltr'><strong>occurrit</strong></span> <span class='ocrx_word' id='word_1_996' title='bbox 3554 5576 3693 5642; x_wconf 82' lang='lat' dir='ltr'><strong>apud</strong></span> 
     </span>
    </p>
   </div>
   <div class='ocr_carea' id='block_1_146' title="bbox 439 5648 2011 5717">
    <p class='ocr_par' dir='ltr' id='par_1_146' title="bbox 439 5648 2011 5717">
     <span class='ocr_line' id='line_1_148' title="bbox 439 5648 2011 5717; baseline 0 -13"><span class='ocrx_word' id='word_1_997' title='bbox 439 5653 534 5705; x_wconf 76' lang='lat' dir='ltr'><strong>hoc</strong></span> <span class='ocrx_word' id='word_1_998' title='bbox 553 5650 779 5714; x_wconf 85' lang='lat' dir='ltr'><strong>interest,</strong></span> <span class='ocrx_word' id='word_1_999' title='bbox 809 5648 942 5717; x_wconf 82' lang='lat' dir='ltr'><strong>quod</strong></span> <span class='ocrx_word' id='word_1_1000' title='bbox 969 5663 1191 5701; x_wconf 77' lang='lat' dir='ltr'><strong>vtnsuus</strong></span> <span class='ocrx_word' id='word_1_1001' title='bbox 1215 5648 1419 5715; x_wconf 83' lang='lat' dir='ltr'><strong>quidem</strong></span> <span class='ocrx_word' id='word_1_1002' title='bbox 1441 5653 1727 5716; x_wconf 64' lang='lat' dir='ltr'><strong>praesentia,</strong></span> <span class='ocrx_word' id='word_1_1003' title='bbox 1753 5665 2011 5705; x_wconf 67' lang='lat' dir='ltr'><strong>caesurus</strong></span> 
     </span>
    </p>
   </div>
   <div class='ocr_carea' id='block_1_147' title="bbox 441 5715 2007 5788">
    <p class='ocr_par' dir='ltr' id='par_1_147' title="bbox 441 5715 2007 5788">
     <span class='ocr_line' id='line_1_149' title="bbox 441 5715 2007 5788; baseline -0.001 -12"><span class='ocrx_word' id='word_1_1004' title='bbox 441 5737 556 5776; x_wconf 85' lang='lat' dir='ltr'><strong>vero</strong></span> <span class='ocrx_word' id='word_1_1005' title='bbox 584 5715 1026 5788; x_wconf 61' lang='lat' dir='ltr'><strong>futui-a.-¥—lrtter</strong></span> <span class='ocrx_word' id='word_1_1006' title='bbox 1044 5732 1257 5770; x_wconf 69' lang='lat' dir='ltr'><strong>nomen</strong></span> <span class='ocrx_word' id='word_1_1007' title='bbox 1298 5727 1343 5770; x_wconf 84' lang='lat' dir='ltr'><strong>et</strong></span> <span class='ocrx_word' id='word_1_1008' title='bbox 1372 5733 1629 5772; x_wconf 65' lang='lat' dir='ltr'><strong>INFHINUII</strong></span> <span class='ocrx_word' id='word_1_1009' title='bbox 1658 5722 1751 5773; x_wconf 83' lang='lat' dir='ltr'><strong>Itoc</strong></span> <span class='ocrx_word' id='word_1_1010' title='bbox 1771 5721 2007 5775; x_wconf 64' lang='lat' dir='ltr'><strong>inle&#39;cst:</strong></span> 
     </span>
    </p>
   </div>
   <div class='ocr_carea' id='block_1_148' title="bbox 723 5809 1391 5873">
    <p class='ocr_par' dir='ltr' id='par_1_148' title="bbox 723 5809 1391 5873">
     <span class='ocr_line' id='line_1_150' title="bbox 723 5809 1391 5873; baseline -0.006 -1"><span class='ocrx_word' id='word_1_1011' title='bbox 723 5813 993 5873; x_wconf 70' lang='lat' dir='ltr'><strong>PATROL.</strong></span> <span class='ocrx_word' id='word_1_1012' title='bbox 1043 5809 1391 5869; x_wconf 76' lang='lat' dir='ltr'><strong>LXXXIII.</strong></span> 
     </span>
    </p>
   </div>
   <div class='ocr_carea' id='block_1_149' title="bbox 2115 5646 3693 5771">
    <p class='ocr_par' dir='ltr' id='par_1_149' title="bbox 2115 5646 3693 5771">
     <span class='ocr_line' id='line_1_151' title="bbox 2115 5646 3693 5771; baseline -0.006 -68"><span class='ocrx_word' id='word_1_1013' title='bbox 2115 5649 2355 5769; x_wconf 48' lang='lat' dir='ltr'><strong>I’iautitnt</strong></span> <span class='ocrx_word' id='word_1_1014' title='bbox 2388 5663 2635 5771; x_wconf 53' lang='lat' dir='ltr'><strong>prgoit‘ma,</strong></span> <span class='ocrx_word' id='word_1_1015' title='bbox 2668 5647 2840 5712; x_wconf 80' lang='lat' dir='ltr'><strong>sintut,</strong></span> <span class='ocrx_word' id='word_1_1016' title='bbox 2871 5662 2972 5698; x_wconf 88' lang='lat' dir='ltr'><strong>uno</strong></span> <span class='ocrx_word' id='word_1_1017' title='bbox 3003 5656 3242 5713; x_wconf 84' lang='lat' dir='ltr'><strong>tempore.</strong></span> <span class='ocrx_word' id='word_1_1018' title='bbox 3281 5646 3412 5698; x_wconf 79' lang='lat' dir='ltr'><strong>Vide</strong></span> <span class='ocrx_word' id='word_1_1019' title='bbox 3439 5647 3693 5708; x_wconf 72' lang='lat' dir='ltr'><strong>Nonium,</strong></span> 
     </span>
     <span class='ocr_line' id='line_1_152' title="bbox 2115 5724 2557 5771; baseline -0.002 0"><span class='ocrx_word' id='word_1_1020' title='bbox 2115 5736 2232 5771; x_wconf 85' lang='lat' dir='ltr'><strong>can.</strong></span> <span class='ocrx_word' id='word_1_1021' title='bbox 2262 5724 2279 5745; x_wconf 63' lang='grc'><strong><em>⁸</em></strong></span> <span class='ocrx_word' id='word_1_1022' title='bbox 2303 5757 2317 5771; x_wconf 87' lang='grc'><strong>.</strong></span> <span class='ocrx_word' id='word_1_1023' title='bbox 2351 5735 2402 5771; x_wconf 90' lang='lat' dir='ltr'><strong>II.</strong></span> <span class='ocrx_word' id='word_1_1024' title='bbox 2543 5755 2557 5770; x_wconf 95' lang='lat'><strong>.</strong></span> 
     </span>
    </p>
   </div>
   <div class='ocr_carea' id='block_1_150' title="bbox 2115 5724 2557 5789">
    <p class='ocr_par' dir='ltr' id='par_1_150' title="bbox 2115 5724 2557 5789">
     <span class='ocr_line' id='line_1_153' title="bbox 2115 5724 2557 5789; baseline -0.009 -14"><span class='ocrx_word' id='word_1_1025' title='bbox 2115 5736 2232 5789; x_wconf 83' lang='lat' dir='ltr'><strong>cap.</strong></span> <span class='ocrx_word' id='word_1_1026' title='bbox 2262 5724 2317 5785; x_wconf 77' lang='grc'><strong>2,</strong></span> <span class='ocrx_word' id='word_1_1027' title='bbox 2351 5735 2402 5773; x_wconf 82' lang='grc' dir='ltr'><strong>ιι.</strong></span> <span class='ocrx_word' id='word_1_1028' title='bbox 2433 5724 2557 5771; x_wconf 75' lang='grc'><strong>811.</strong></span> 
     </span>
    </p>
   </div>
   <div class='ocr_carea' id='block_1_151' title="bbox 2595 5808 3391 5866">
    <p class='ocr_par' dir='ltr' id='par_1_151' title="bbox 2595 5808 3391 5866">
     <span class='ocr_line' id='line_1_154' title="bbox 2595 5808 3391 5866; baseline 0 0"><span class='ocrx_word' id='word_1_1029' title='bbox 2595 5817 2633 5852; x_wconf 70' lang='grc' dir='ltr'><strong>ο</strong></span> <span class='ocrx_word' id='word_1_1030' title='bbox 3316 5808 3391 5866; x_wconf 66' lang='grc'><strong>119</strong></span> 
     </span>
    </p>
   </div>
  </div>
