4104 6184
488 282 501 331 l
510 278 621 336 3&3

1266 276 1356 331 AD
1396 275 1454 332 S.
1497 272 1745 330 ISIDORI
1787 268 2234 329 IIISI‘ALENSIS
2270 271 2497 328 OPERA
2541 273 2989 332 APPENDICES.

3608 281 3756 339 I324

552 397 641 452 GI.
682 394 826 450 Inter
853 393 1141 457 scelestum,
1180 390 1479 444 sceleratum
1522 397 1577 443 et
1614 386 2061 462 scelerosamuhoc
2090 395 2131 448 Α
2166 386 2257 462 qui
2300 387 2497 462 aliquid
2536 388 2793 460 relinquit
2820 389 2875 444 in
2908 389 3116 459 poculo,
3144 389 3313 446 ebibit
3337 392 3427 462 qui
3452 400 3623 448 totum
3660 411 3755 450 ex-

478 469 727 529 interest,
777 464 920 533 quod
972 462 1292 523 sceleratus,
1341 475 1440 533 suo
1487 463 1731 533 scelere,
1763 458 1847 512 vel
1887 460 2062 533 alieno

475 530 903 599 contaminatus;
936 534 1220 595 scelestus,
1252 532 1515 585 scelerum
1562 530 1856 597 cogitatur;
1890 532 2064 581 scele-

483 623 660 673 rosus,
688 606 840 675 quasi
870 603 1184 675 insidiosus,
1215 602 1582 669 periculosus,
1612 601 1641 634 ἰ
1667 600 1748 653 vel
1782 608 1925 655 totus
1949 599 2065 653 dies

483 681 564 734 vel
588 672 797 733 animus
819 684 1037 744 propter
1059 672 1401 726 arduitatem.

553 747 643 802 62.
683 737 1070 813 Inter'reliquos
1098 752 1153 798 et
1175 754 1382 797 cateros
1409 741 1509 813 hoc
1534 738 1778 802 interest,
1809 737 1951 806 quod
1982 752 2066 792 re-

483 820 656 889 liquos
701 815 931 870 dicimus
956 810 1195 870 relictos
1234 828 1299 868 ex
1345 810 1628 875 omnibus;
1663 818 1889 864 caeteros
1931 823 2067 878 quos

486 902 776 945 ιιεευιιηιιε.

554 958 641 1013 63.
686 958 825 1011 Inter
866 953 1155 1008 redibidum
1201 967 1297 1021 per
1326 951 1353 1003 b
1398 951 1652 1021 litteram,
1684 956 1740 1005 et
1782 949 2063 1003 redivivum

486 1042 581 1099 per
610 1045 636 1099 ο
668 1028 897 1099 litteram
924 1025 1026 1099 hoc
1050 1020 1295 1099 interest,
1318 1021 1461 1099 quod
1487 1020 1788 1099 redibidum
1817 1033 1900 1075 est
1924 1020 2066 1088 quod

488 1092 746 1164 nascitur,
775 1094 1071 1151 redivivum
1103 1095 1243 1163 quod
1270 1092 1564 1148 reviviss-it.

559 1170 649 1223 64.
696 1161 835 1221 Inter
866 1167 1087 1235 patrium
1115 1161 1168 1220 et
1201 1172 1471 1233 paternum
1511 1167 1611 1216 Itoc
1656 1162 1903 1227 interest,
1927 1161 2068 1230 quod

495 1240 726 1310 patrium
757 1252 787 1291 a
818 1238 987 1303 patria
1012 1238 1178 1299 venit,
1211 1242 1492 1310 paternum
1512 1246 1542 1285 a
1576 1242 1749 1310 patre.

563 1310 654 1365 65.
694 1302 835 1362 Inter
863 1317 1068 1375 pometa
1112 1316 1166 1361 et
1197 1305 1448 1376 pomaria
1481 1302 1583 1376 hoc
1627 1304 1874 1376 interest,
1921 1302 2067 1371 quod

495 1378 737 1450 pomaria
785 1373 917 1450 vaga
947 1373 1205 1450 dicimus,
1226 1378 1364 1429 sicut
1397 1373 1599 1450 olearia
1626 1384 1682 1428 et
1714 1375 1931 1439 Iicaria;
1976 1386 2072 1442 po-

494 1445 656 1517 ineta,
684 1449 833 1518 quasi
861 1448 1075 1511 maleta,
1105 1448 1255 1500 liceta
1283 1454 1337 1499 et
1362 1445 1525 1518 oleta.

563 1512 653 1574 60.
696 1512 839 1573 Inter
861 1532 1054 1585 aegrum
1104 1526 1161 1572 et
1189 1525 1439 1586 wgrotum
1484 1513 1588 1569 boc
1629 1513 1878 1578 interest,
1926 1512 2070 1583 quod

495 1606 637 1661 aeger
667 1591 868 1661 animo,
890 1598 1123 1658 :egrotus
1155 1601 1404 1661 corpore.

566 1653 655 1714 67.
698 1659 842 1713 Inter
884 1653 1025 1727 prior
1062 1658 1196 1710 venit
1240 1665 1294 1709 et
1335 1664 1452 1709 ante
1503 1654 1635 1727 venit
1678 1653 1781 1708 Itoc
1826 1653 2070 1727 interest,

2166 458 2363 512 haurit.

2235 526 2345 602 84.
2381 528 2519 583 Inter
2558 529 2891 602 geminatum,
2928 530 3165 597 junctum
3185 538 3247 602 et
3281 531 3594 601 duplicatum
3626 534 3759 602 quid

2167 597 2376 652 intersit
2405 597 2649 667 quamvis
2678 610 2832 653 acute
2863 601 3278 666 intelligentibus
3308 597 3545 655 bieviter
3577 597 3755 666 exlio-

2165 667 2457 735 suerimus,
2518 679 2693 723 tamen
2749 671 2849 722 sub
2901 671 3165 735 exemplis
3215 670 3374 724 latius
3428 668 3749 727 dot‘eamus.

2169 734 2507 792 Geminatum
2530 749 2613 793 est
2637 740 2777 803 quod
2801 754 2865 792 ex
2890 734 3096 793 duabus
3118 740 3278 795 rebus
3312 741 3581 796 similibus
3620 758 3761 798 con-

2166 817 2299 881 stat,
2324 818 2389 881 ut
2408 810 2633 881 Cicero:
2664 805 2880 881 Gemina
2920 811 3159 862 audacia.
3205 809 3451 881 .Innctum
3489 822 3573 868 est
3609 814 3762 881 quod

2168 891 2234 931 ex
2270 880 2477 933 duabus
2505 879 2666 933 rebus
2695 880 2909 945 paribus
2942 889 3171 944 constat,
3206 891 3265 932 ut
3296 880 3547 950 Virgilius
3572 901 3585 935 :
3609 879 3761 936 Jun-

2167 958 2352 1020 gentur
2394 951 2507 1019 jam
2556 951 2774 1020 grypltes
2816 952 2975 1017 equis.
3024 950 3356 1019 Duplicatum
3389 962 3471 1005 est
3497 969 3614 1008 cum
3651 969 3759 1008 una

2170 1033 2264 1092 res»
2281 1019 2644 1092 bispnnitnr':
2676 1019 2867 1092 Ingens
2896 1022 3191 1092 adﬂterram
3220 1022 3493 1092 duplicato
3538 1024 3757 1092 poplite.

2240 1088 2330 1143 85.
2382 1087 2533 1161 Inter_
2567 1087 2761 1142 decline
2779 1098 2844 1161 iet
2872 1091 3061 1143 declive
3090 1095 3191 1143 hoc
3217 1087 3457 1155 interest,
3489 1087 3626 1161 quod
3655 1095 3759 1148 de—

2168 1157 2342 1213 clinus
2371 1160 2471 1223 sul,
2504 1159 2746 1214 declivus
2776 1160 2945 1213 locus.
2977 1161 3065 1214 Sic
3094 1157 3520 1230 intelligendum
3540 1173 3623 1217 est
3662 1179 3754 1215 ac-

2171 1231 2322 1294 cline,
2356 1230 2569 1294 acclive,
2601 1238 2659 1282 ut
2686 1232 2921 1286 acclinus
2954 1232 3138 1298 homo,
3173 1234 3408 1285 acclivus
3452 1231 3636 1298 locus;
3690 1248 3763 1288 ex

2174 1300 2276 1353 hoc
2303 1300 2561 1353 acclivum
2585 1300 2797 1354 dicitur.

2240 1368 2402 1440 432
2439 1370 2530 1425 86.
2580 1372 2719 1425 Inter
2755 1369 3145 1424 commentarios
3172 1377 3226 1424 et
3254 1374 3627 1425 commentaria
3657 1372 3766 1427 hoc

2175 1440 2417 1510 interest,
2450 1440 2591 1510 quod
2618 1442 2986 1495 commentarii
3018 1440 3158 1507 libri,
3193 1444 3580 1497 commentaria
3612 1444 3769 1496 volu-

2174 1509 2320 1563 mina
2352 1509 2558 1564 dicunt.

2245 1578 2335 1634 87.
2385 1580 2527 1635 Inter
2569 1579 2789 1651 primum
2817 1588 2872 1635 et
2901 1580 3125 1651 priorem
3172 1580 3275 1635 hoc
3322 1583 3565 1647 interest,
3620 1583 3771 1651 quod

2177 1650 2379 1717 primus
2410 1666 2441 1705 e
2473 1650 2673 1722 multis,
2718 1653 2863 1718 prior
2888 1666 2951 1703 ex
2989 1650 3221 1707 duobus.
3256 1651 3345 1707 Sic
3375 1653 3517 1707 inter
3549 1650 3769 1722 postre-

493 1730 632 1802 quod
665 1732 810 1802 prior
838 1720 903 1802 ad
927 1728 1269 1802 dignitatem,
1319 1736 1446 1802 ante
1474 1726 1540 1802 ad
1570 1736 1779 1793 tempus
1808 1724 2066 1802 refertur.
2104 1742 2149 1802 Β
2178 1735 2322 1802 mum
2353 1731 2405 1802 e_t
2431 1720 2778 1802 posteriorem
2809 1721 3139 1802 observabis.

564 1794 680 1853 68f
699 1799 841 1853 Inter
866 1794 1073 1864 inﬁcére
1093 1806 1146 1850 et
1168 1796 1359 1866 oﬂicere
1386 1796 1488 1849 hoc
1510 1798 1753 1859 interest,
1786 1794 1925 1864 quod
1953 1794 2073 1847 olli-

499 1871 575 1926 cit
604 1870 901 1939 quiinocet,
931 1866 1100 1939 inlicit
1127 1872 1217 1935 qui
1243 1867 1416 1939 lanam
1446 1877 1537 1919 aut
1566 1866 1668 1918 alia
1694 1867 1883 1939 inlicit.

566 1934 654 1994 69.
700 1938 842 1993 Inter
870 1934 1189 2007 contingere,
1220 1936 1448 2007 accidere
1493 1945 1553 2007 et
1582 1935 1794 2007 evenire
1838 1936 1939 1990 Itoc
1996 1934 2077 1989 in.

498 2020 683 2071 II‘I‘CSI,
716 2008 855 2075 quod
887 2006 1207 2078 contingunt
1259 2006 1421 2072 bona,
1446 2006 1695 2061 accidunt
1738 2007 1899 2070 mala,
1946 2021 2077 2060 eve-

496 2080 650 2135 niunt
676 2088 922 2146 utraque.
1128 2120 1131 2123 .

566 2151 654 2203 70.
698 2149 837 2203 Inter
866 2156 1033 2219 grates
1062 2156 1116 2202 et
1145 2146 1342 2218 gratias
1370 2147 1471 2203 bne
1513 2147 1757 2211 interest,
1789 2146 1928 2216 quod
1959 2160 2078 2216 gra—

498 2230 579 2277 tes
609 2220 912 2285 referimus,
942 2220 1143 2287 gratias
1172 2219 1401 2286 agimus.

570 2312 661 2366 7I.
695 2311 837 2366 Inter
881 2312 1019 2365 oleas
1066 2317 1122 2366 et
1160 2311 1319 2365 olivas
1350 2309 1451 2365 hoc
1483 2309 1745 2365 interest:
1776 2309 1945 2365 olivas
1998 2308 2080 2378 ip-

499 2397 617 2436 sum
643 2380 876 2437 fructum
900 2382 1147 2443 dicimus,
1182 2380 1323 2435 unde
1354 2382 1410 2435 lit
1443 2382 1643 2436 oleum.
1672 2381 1833 2436 Oleas
1859 2381 2082 2435 arbores

500 2451 748 2517 dicimus,
783 2452 923 2536 unde
947 2452 1079 2505 fiunt
1100 2452 1315 2536 oliveta.

573 2529 874 2617 53172.
909 2544 1051 2600 Inter
1072 2546 1221 2617 nixus
1242 2529 1304 2598 'et
1333 2544 1473 2617 nimus
1520 2544 1622 2617 ltoc
1666 2544 1908 2617 interest,
1931 2540 2083 2617 quod

502 2614 666 2670 nixus
698 2614 763 2670 ad
798 2631 993 2686 corpus
1023 2616 1268 2682 refertur,
1313 2614 1461 2669 nisus
1488 2614 1555 2669 ad
1600 2615 1861 2678 animum,
1894 2614 1945 2667 id
1977 2621 2079 2678 est,

501 2695 751 2740 conatus.

569 2779 660 2849 75.
694 2777 838 2833 Inter
866 2776 1145 2847 nefandum
1176 2787 1231 2833 et
1259 2780 1518 2849 nefarium
1544 2778 1646 2849 hoc
1672 2779 1916 2837 interest,
1943 2774 2085 2839 quod

509 2847 746 2904 nefarius
772 2863 799 2902 a
833 2851 1114 2916 praeteritis
1146 2846 1481 2914 intelligitur,
1515 2846 1776 2902 nefandus
1807 2849 1858 2901 in
1889 2860 2078 2915 opere.

573 2918 662 2973 74.
689 2918 832 2973 Inter
859 2920 1015 2971 nutrit
1041 2928 1095 2973 et
1123 2921 1348 2973 nutricat
1391 2921 1491 2974 hoc
1524 2921 1768 2985 interest,
1798 2918 1941 2986 quod
1972 2931 2090 2969 mu-

508 2989 607 3045 Iier
634 2989 820 3051 ttulrit,
850 2989 1080 3042 ntttricat
1111 2991 1383 3043 nutritius.

572 3059 662 3113 75.
714 3057 855 3113 Inter
897 3060 1210 3113 maritimum
1266 3070 1320 3114 et
1371 3059 1627 3113 marinum
1678 3058 1781 3113 hoc
1838 3058 2079 3121 interest,

503 3129 642 3212 quod
676 3130 1001 3184 maritimum
1040 3130 1341 3200 proximum
1388 3130 1540 3193 mari,
1574 3130 1842 3184 marinum
1872 3144 1936 3182 ex
1966 3127 2083 3196 ipso

573 3270 662 3325 76.
712 3264 854 3323 Inter
901 3269 1087 3334 laniat,
1135 3269 1327 3322 lacerat
1356 3278 1410 3322 et
1438 3268 1665 3321 lancinat
1702 3268 1803 3321 hoc
1840 3268 2083 3330 interest,

507 3338 982 3415 quodlaniarqui
1034 3339 1372 3415 membratim
1413 3339 1698 3415 distendit,
1746 3338 1946 3415 lacerat
1994 3337 2085 3415 qui

507 3407 746 3479 partibus
789 3407 1174 3463 suismembra
1204 3410 1473 3479 destituit,
1504 3410 1738 3463 lancinat
1765 3408 1855 3479 qui
1889 3407 2088 3461 inutili-

505 3493 587 3537 ter
612 3480 852 3535 membra
872 3479 1146 3547 discerpit.
1784 3538 1787 3541 Ἴ

576 3553 665 3606 77.
698 3549 839 3604 Inter
870 3542 1101 3616 patulum
1128 3557 1183 3604 et
1207 3556 1383 3618 patens
1414 3549 1516 3603 hoc
1544 3550 1785 3611 interest,
1817 3549 1954 3618 quod
1989 3563 2085 3611 pa-

509 3622 678 3675 tulum
707 3620 878 3690 claudi
908 3620 990 3674 vel
1025 3619 1127 3690 tegi
1164 3635 1268 3673 non
1312 3630 1522 3688 potest;
1556 3630 1762 3685 patens,
1796 3618 1938 3688 quod
1966 3634 2087 3672 cum

513 3700 807 3759 reseratum
833 3688 1014 3755 fuerit,
1041 3688 1230 3743 iterum
1256 3690 1429 3744 claudi
1464 3697 1660 3759 potest.

577 3762 665 3815 78.
696 3758 838 3815 Inter
869 3769 1065 3829 guttam
1087 3771 1138 3815 et
1159 3759 1351 3814 stillam
1382 3758 1484 3815 hoc
1508 3758 1754 3827 interest,
1784 3760 1925 3829 quod
1950 3759 2089 3814 stilla

507 3830 669 3895 cadit,
704 3838 845 3901 gutta
867 3839 991 3884 stat.

578 3903 668 3956 79.
708 3899 859 3956 Inter
896 3901 1136 3954 delictum
1165 3910 1221 3955 et
1248 3909 1511 3971 peccatum
1544 3901 1646 3955 hoc
1672 3899 1918 3963 interest,
1949 3900 2089 3969 quod

508 3972 866 4041 delinquimus
916 3987 1036 4025 cum
1077 3971 1224 4039 jussa
1252 3970 1507 4025 salubria
1550 3987 1655 4025 nun
1702 3970 2090 4039 adimplemus,

512 4055 795 4109 peccamus
817 4056 935 4096 cum
958 4056 1021 4097 ea
1053 4057 1171 4111 qua:
1192 4042 1450 4110 jubentur
1481 4057 1586 4095 non
1611 4042 1693 4111 agi
1721 4043 2094 4112 praesumimus

510 4128 691 4167 acere.

613 4128 637 4165 r
679 4151 691 4163 .

543 4128 669 4235 88οῗ
716 4181 858 4236 Inter
881 4181 1123 4245 incolam,
1154 4183 1387 4235 accolam
1416 4188 1471 4236 et
1498 4181 1747 4235 advenam
1793 4180 1895 4235 Itoc
1930 4182 2095 4235 inter-

515 4260 617 4315 est,
644 4252 785 4319 quod
812 4250 985 4305 incola
1009 4261 1094 4305 est
1113 4254 1201 4321 qui
1227 4253 1495 4321 propriam
1515 4261 1707 4307 terram
1737 4255 1786 4305 in
1809 4266 1912 4321 qua
1942 4261 2096 4308 natus

512 4332 593 4377 est
616 4322 1069 4391 excolit;accola
1118 4326 1208 4391 qui
1253 4331 1451 4375 terram
1504 4323 1796 4377 nativitatis
1835 4338 1970 4385 sure,
1999 4325 2095 4377 sed

512 4394 741 4447 alienam
772 4390 937 4458 colit;
990 4390 1192 4447 advena
1224 4391 1315 4461 qui
1356 4392 1422 4446 de
1471 4407 1564 4446 sua
1600 4403 1738 4447 terra
1772 4394 1823 4446 in
1860 4393 2092 4448 alienam

514 4465 681 4519 venit.

583 4534 673 4588 8|.
707 4531 850 4587 Inter
869 4531 1157 4603 hesternum
1182 4545 1237 4587 et
1264 4543 1529 4586 externum
1558 4530 1659 4587 Itoc
1683 4532 1924 4597 interest,
1951 4534 2095 4603 quod

518 4605 827 4667 hesternum
869 4602 938 4656 ab
969 4602 1219 4657 hesterna
1254 4604 1342 4657 die
1381 4603 1596 4665 dicitur,
1645 4611 1925 4659 externum
1970 4602 2097 4660 vero

515 4686 856 4737 extraneum.
884 4673 1014 4727 Nam
1048 4673 1196 4728 multi
1230 4675 1595 4743 imperitorum
1619 4684 1840 4730 externa
1867 4676 1985 4731 dies
2013 4676 2095 4730 di-

517 4753 647 4815 cunt
666 4745 808 4815 quod
837 4760 941 4815 non
969 4744 1280 4798 admittitur.

588 4813 859 4887 82.'ln_ter
887 4814 1051 4887 baltea
1071 4824 1134 4887 _et
1161 4816 1352 4870 balteos
1382 4815 1484 4870 hoc
1512 4815 1756 4881 interest,
1799 4816 1941 4887 quod
1982 4816 2095 4871 bal-

519 4883 744 4955 tea_ipsa
778 4885 889 4938 lora
920 4884 1304 4955 signiﬁcamus,
1351 4894 1578 4941 caeteros
1609 4883 2096 4943 balteos'dicimus.

592 4950 684 5009 83.
717 4954 857 5010 Inter
881 4950 1048 5009 bibire
1068 4964 1123 5009 et
1144 4950 1337 5010 ebibere
1375 4957 1476 5011 hoc
1509 4958 1752 5024 interest,
1775 4960 1917 5028 quod
1946 4958 2097 5023 bibit,

589 5085 1022 5162 65.‘Redib‘idum
1075 5102 1189 5162 non
1213 5087 1370 5162 facile
1422 5089 1558 5162 apud
1588 5090 1724 5146 alios
1778 5091 2097 5162 reperietur.

520 5156 816 5233 Discrimen
864 5158 1004 5233 inter
1032 5158 1357 5213 recidivivam
1381 5168 1435 5215 et
1461 5156 1743 5215 redivivum
1770 5178 1799 5215 a
1832 5156 2101 5233 gramma-

523 5229 642 5283 ticis
664 5229 821 5297 vulgo
848 5228 1164 5297 explicatur.

593 5298 684 5355 65.
707 5299 903 5354 Confer
932 5298 1090 5365 infra,
1124 5314 1269 5353 num.
1299 5300 1425 5356 I58.

589 5368 685 5424 72.
717 5370 888 5425 Aliter
912 5384 1059 5423 num.
1088 5371 1211 5426 152.

591 5441 679 5496 76.
706 5442 761 5495 In
796 5440 910 5494 Vat.
936 5438 1042 5492 6'24
1070 5441 1311 5511 sequitur
1346 5458 1360 5495 ε
1395 5441 1541 5497 Inter
1562 5459 1752 5498 uterum
1776 5452 1823 5497 et
1854 5454 2105 5500 meratum

526 5510 620 5563 ltoc
646 5512 873 5576 interest,
906 5513 1042 5578 quod
1072 5510 1287 5565 merum.

594 5556 1465 5639 78:1“id'modowbaic'dillerentia
1490 5582 1785 5640 exhibetur
1808 5601 1953 5641 num.
1973 5586 2102 5642 258.
2154 5556 2195 5605 θ

595 5648 684 5705 85.
706 5650 1168 5726 lt_t__commcut.ad
1201 5655 1547 5710 Prudentium
1582 5656 2101 5726 Itytnn.IiCathettt.,

533 5733 669 5774 vers.
704 5718 827 5790 I50,
858 5722 924 5778 de
954 5725 1171 5783 nomine
1197 5726 1401 5782 reclinis
1431 5734 1484 5783 ct
1514 5718 1712 5783 reclfvis
1739 5727 1989 5798 disserui,
2019 5718 2106 5786 ubi

2112 3091 2159 3154 C

2248 1788 2339 1845 88.
2372 1790 2515 1844 Inter
2544 1791 2792 1863 disertum
2826 1797 2881 1844 et
2904 1789 3160 1863 desertum
3204 1790 3305 1863 Itoc
3344 1793 3591 1860 interest,
3622 1793 3771 1863 quod

2178 1859 2412 1915 disertus
2439 1871 2623 1915 orator
2650 1860 2866 1925 dicitur,
2905 1861 3156 1916 desertus
3190 1860 3502 1918 derelictus.

2249 1929 2341 2004 89.
2368 1933 2506 1984 Inter
2528 1929 2799 2004 dilatorem
2826 1941 2881 1985 et
2905 1932 3183 2004 delatorem
3214 1933 3316 2004 hoc
3346 1936 3590 1997 interest,
3621 1934 3771 2004 quod

2180 2000 2388 2075 delator
2431 2009 2514 2075 est
2555 2001 2644 2075 qui
2692 2002 2868 2055 defert
2912 2001 2979 2054 ad
3030 2003 3420 2071 accusandum,
3452 2000 3655 2059 dilator
3674 2006 3771 2075 qui

2181 2070 2358 2125 diﬂ'ert
2388 2071 2454 2125 ad
2488 2070 2884 2140 proferendum.

2250 2142 2342 2196 90.
2390 2141 2530 2196 Inter
2558 2142 2825 2215 adversum
2848 2148 2904 2196 et
2926 2142 3168 2215 adversus
3204 2142 3308 2198 hoc
3346 2143 3589 2211 interest,
3624 2145 3771 2215 quod

2183 2210 2464 2266 adversum
2522 2219 2573 2266 te
2617 2213 2974 2276 adversarius,
3022 2213 3281 2267 adversus
3333 2224 3387 2269 te
3441 2210 3695 2271 mutator.

2252 2282 2344 2336 9I.
2375 2281 2515 2335 Inter
2562 2283 2857 2352 pauperiem
2903 2293 2957 2337 et
2994 2293 3345 2354 paupertatem
3386 2285 3487 2339 hoc
3517 2286 3768 2351 interest,

2184 2354 2655 2475 gugdkpauperies
2702 2354 2957 2407 damnum
3003 2364 3108 2422 cst,
3162 2364 3453 2424 paupertas
3493 2359 3584 2427 qui
3631 2358 3773 2412 nitnl

2225 2438 2251 2474 a
2293 2436 2325 2475 e

2225 2438 2251 2474 a
2260 2432 2366 2477 υει.

2255 2492 2346 2549 92.
2395 2491 2539 2563 Inter
2578 2493 2886 2561 exprobrare
2915 2502 2969 2548 et
3004 2493 3317 2562 obprobrare
3366 2494 3467 2549 hoc
3517 2495 3769 2563 interest,

2186 2562 2325 2637 quod
2356 2562 2650 2637 exprobrat
2670 2565 2756 2629 qui
2779 2565 3053 2637 proprium
3078 2567 3313 2633 objectat
3337 2565 3545 2633 vitium,
3571 2569 3696 2637 0pr
3712 2562 3771 2621 04

2190 2635 2323 2703 brat_
2339 2636 2428 2703 qui
2462 2633 2799 2687 maledictum
2827 2634 3003 2688 infert.

2257 2701 2793 2780 93.'_Inter_accersire
2836 2713 2893 2757 et
2918 2704 3164 2780 arcessire
3203 2706 3304 2759 hoc
3346 2705 3584 2773 interest,
3620 2708 3770 2780 quod

2188 2778 2415 2827 accersit
2442 2774 2533 2841 qui
2559 2784 2768 2842 evocat,
2799 2777 3023 2829 arceSsiI
3050 2778 3137 2842 qui
3169 2785 3407 2831 accusat.

2259 2844 2350 2897 94.
2395 2843 2542 2919 lnter_
2581 2859 2821 2897 acervum
2849 2852 2904 2919 et
2938 2847 3175 2919 acerbum
3209 2847 3310 2900 hoc
3349 2847 3587 2914 interest,
3621 2847 3771 2919 quod

2189 2927 2410 2985 aceryus
2441 2915 2607 2968 moles
2632 2924 2734 2976 est,
2766 2914 2989 2969 acerbus
3022 2918 3333 2971 immaturus
3358 2925 3409 2970 et
3434 2932 3610 2985 asper.

2262 2982 2352 3038 95.
2386 2986 2525 3038 Inter
2540 2984 2751 3058 labrum
2778 2994 2833 3038 et
2865 2986 3059 3058 labinm
3105 2987 3207 3040 line
3255 2988 3463 3042 interest
3497 2982 3652 3058 quod
3678 2990 3768 3041 Ia-

2191 3053 2343 3109 brum
2376 3056 2638 3122 superius,
2669 3056 2860 3109 lanium
2890 3055 3110 3109 inferius
3134 3059 3346 3112 dicitur.

2261 3127 2350 3196 96.
2400 3125 2543 3178 Inter
2582 3133 2723 3196 toga,
2772 3136 2915 3194 luga,
2948 3129 3068 3179 tuba
3122 3141 3175 3180 et
3218 3128 3326 3196 tufa
3375 3128 3471 3181 hoc
3516 3130 3773 3194 interest,

2188 3194 2328 3263 quod
2355 3204 2473 3264 toga
2498 3194 2996 3267 vestimentumest,
3024 3207 3141 3265 luga
3168 3194 3281 3264 qua
3297 3212 3431 3267 aqua
3455 3200 3778 3265 deducitur;

2190 3266 2314 3339 tuba
2344 3281 2446 3335 qua
2473 3267 2776 3339 clangitur;
2808 3266 2916 3339 tufa
2948 3267 3081 3334 lapis
3109 3268 3199 3336 qui
3229 3284 3292 3323 ex
3325 3266 3461 3339 aqua
3492 3271 3777 3338 coagulata

2188 3336 2441 3399 ellicitur,
2471 3337 2611 3403 quod
2641 3335 2810 3390 tulttnt
2838 3338 3092 3390 dicimus.

2260 3406 2347 3458 97.
2388 3405 2529 3460 Inter
2568 3421 2828 3459 comesum
2856 3416 3186 3479 etcomatum
3215 3407 3315 3460 ltoc
3341 3408 3585 3474 interest,
3636 3410 3779 3479 quod

2189 3490 2488 3529 COﬂtuStlsa
2518 3490 2689 3529 cerua:
2738 3491 2833 3530 usu
2881 3477 3113 3543 dicitur;
3162 3488 3411 3533 comatus
3459 3477 3671 3544 natura,
3726 3488 3782 3532 ut

2189 3554 2397 3601 comata
2420 3544 2609 3599 Gallia.

2261 3615 2351 3670 98.
2378 3615 2523 3669 Inter
2552 3627 2689 3669 certo
2721 3616 2996 3689 et‘certius
3036 3615 3139 3671 hoc
3180 3618 3428 3685 interest,
3458 3620 3603 3689 quod
3632 3629 3781 3675 certo

2191 3695 2278 3740 cst
2305 3703 2331 3738 ιι
2359 3697 2559 3750 certus,
2591 3696 2640 3741 et
2668 3687 2870 3740 certius
2892 3701 2921 3739 a
2948 3696 3114 3743 certe.

2260 3758 2350 3812 99.
2384 3758 2524 3811 Inter
2570 3757 2920 3811 ccecitudinem
2965 3766 3021 3812 et
3072 3760 3351 3813 siccitatem
3396 3758 3502 3814 hoc
3534 3759 3779 3824 interest,

2192 3829 2333 3897 quod
2361 3828 2578 3881 caritas
2609 3831 2720 3894 ipsa
2752 3839 3000 3894 tanquam
3034 3832 3132 3883 viae
3162 3831 3382 3895 ceritas,
3418 3842 3471 3883 et
3503 3830 3783 3886 calamitas

2194 3898 2698 3963 dicitur;c:ecitudo
2720 3911 2896 3953 autem
2920 3898 3153 3967 alTeCtio,
3185 3911 3241 3953 ut
3267 3901 3534 3968 lippztu-lo
3562 3904 3779 3955 dieitur.

2267 3970 2393 4023 100.
2437 3968 2579 4022 Inter
2619 3970 2969 4021 castimoniam
2999 3982 3054 4023 et
3083 3981 3371 4024 castitatem
3402 3973 3506 4025 hoc
3534 3971 3787 4037 interest,

2194 4042 2333 4110 quod
2379 4043 2691 4093 castunonia
2733 4039 2886 4110 quasi
2926 4042 3245 4095 eas-remouit:
3297 4044 3516 4107 dicitur,
3564 4046 3792 4097 castitas

2195 4109 2370 4165 autem
2404 4118 2605 4163 tantum
2637 4109 2900 4180 corporis.

2270 4182 2395 4234 IIII.
2428 4180 2570 4254 Inter
2597 4184 2771 4254 copias
2801 4189 2855 4233 et
2880 4181 3077 4250 capiam
3115 4181 3218 4254 bac
3248 4181 3495 4246 Interest,
3529 4182 3680 4254 quod
3700 4198 3793 4236 eo—

2195 4252 2333 4323 pias,
2359 4252 2630 4307 exercitus
2660 4252 3051 4320 signiliCatimte
3076 4252 3329 4319 dicimus,
3362 4252 3575 4325 copiam
3608 4264 3790 4308 autem

2198 4338 2404 4377 rerum-

2273 4392 2397 4446 I02.
2430 4390 2573 4446 Inter
2600 4392 2814 4456 circum,
2865 4392 3002 4445 circa
3044 4401 3098 4447 et
3140 4392 3348 4447 circiter
3390 4394 3495 4447 bac
3525 4393 3787 4462 interest,

2126 4449 2175 4509 Ι)
2201 4462 2341 4533 quod
2388 4463 2590 4517 circum
2618 4463 2683 4515 ad
2717 4449 2948 4532 tempus,
2980 4465 3120 4518 circa
3144 4467 3210 4518 ad
3245 4466 3442 4531 locum,
3478 4464 3708 4519 circiter
3728 4449 3793 4518 ad

2197 4548 2476 4589 numerum
2504 4534 2748 4587 refertur.

2279 4603 2400 4659 I03.
2447 4601 2594 4658 Inter
2623 4604 2781 4672 ﬁdum
2807 4610 2861 4656 et
2882 4602 3085 4672 ﬁdelem
3117 4604 3218 4661 hoc
3243 4606 3468 4660 interest
3497 4623 3512 4658 :
3552 4603 3791 4660 famulus

2199 4673 2392 4731 dicitur
2422 4675 2579 4737 fidus,
2611 4675 2818 4728 arnicus
2850 4675 3046 4729 lideﬁs.

2273 4747 2398 4800 104.
2449 4748 2590 4799 Inter
2610 4745 2749 4798 illius
2800 4746 2983 4799 similis
3010 4745 3163 4800 etilli
3190 4745 3374 4799 similis
3405 4745 3509 4801 hoc
3534 4748 3783 4811 interest,

2200 4818 2340 4887 quod
2366 4816 2503 4870 IIIIIIS
2525 4816 2711 4887 similis
2730 4815 2986 4881 moribus,
3012 4815 3084 4870 illi
3115 4817 3304 4870 similis
3330 4819 3498 4871 vultu.

2270 4885 2431 4957 433
2472 4883 2593 4941 I05.
2623 4888 2764 4939 Inter
2791 4888 3088 4957 ﬂemmaet
3123 4888 3345 4949 plemma
3395 4888 3498 4943 Ituc
3542 4889 3790 4953 interest,

2201 4956 2571 5029 qued’tletnnta
2586 4957 2654 5012 sit
2666 4971 2787 5010 cum
2803 4972 2960 5012 crura
2975 4956 3245 5011 abundant
3258 4962 3544 5029 sanguine,
3562 4960 3792 5029 plerum:

2203 5091 2364 5147 verba
2399 5089 2851 5163 Itmcrlsidoriita
2905 5089 3183 5145 reformari
3245 5105 3403 5163 posse
3451 5092 3629 5160 innui,
3659 5095 3798 5163 quod

2205 5163 2417 5231 declinis
2446 5162 2546 5225 sol,
2574 5161 2784 5214 declivis
2813 5164 3023 5215 locus...
3056 5172 3111 5215 ut
3139 5163 3350 5215 acclinis
3375 5162 3555 5231 homo,
3585 5161 3800 5218 acclinis

2204 5234 2367 5287 locus.
2394 5230 2462 5285 Et
2483 5237 2576 5285 hoc
2604 5232 2850 5284 acclit'um
2879 5232 3086 5285 dicitur.

2276 5303 2364 5358 87.
2402 5303 2518 5356 Vat.
2550 5300 2677 5369 6'24,
2702 5304 2836 5368 quod
2865 5308 3005 5371 prior
3034 5303 3253 5355 alterum
3296 5304 3565 5372 praedii,
3599 5307 3802 5373 primus

2205 5389 2397 5429 omnes.

2276 5446 2365 5514 96.
2400 5444 2509 5496 Vox
2527 5450 2664 5514 luga
2690 5459 2755 5496 ne
2785 5441 2921 5514 apud
2976 5444 3299 5514 Ducangium
3359 5445 3579 5513 quidem
3607 5462 3801 5503 occur-

2207 5513 2494 5595 rit.._Tofus
2522 5513 2707 5595 Latine
2740 5513 2842 5567 dicit
2866 5518 3034 5595 solet,_
3061 5513 3287 5583 proque
3315 5519 3494 5571 medio
3509 5535 3629 5573 auro
3658 5522 3801 5595 rufus

2208 5584 2560 5660 scribebatur.
2590 5584 2631 5637 Τ
2635 5589 2749 5660 ara,
2800 5597 2889 5660 aut
2922 5584 3105 5660 tupha,
3159 5601 3254 5653 pro
3311 5601 3513 5653 genere
3567 5584 3802 5660 quod'sus

2212 5655 2390 5711 vexilli
2418 5672 2447 5710 a
2482 5655 2751 5709 nOnnullis
2778 5656 3057 5723 accipitur.

2280 5727 2404 5783 105.
2436 5725 2541 5784 Pro
2568 5728 2777 5796 [lcruma
2820 5726 3105 5797 legendum
3155 5726 3365 5784 videtur
3411 5728 3683 5803 ρΙιιιψπα,
3714 5740 3813 5787 aut
