4180 6178
473 344 610 399 1320

1210 340 1503 414 ΑΡΡΕΝΒ.
1550 339 1741 397 XXIII.
1783 369 1851 381 -—
1892 338 1981 394 DE
2021 336 2502 395 PROPRIETATE
2542 337 2960 396 SERMONUII.»

3605 343 3745 397 Ibat

541 453 663 507 188.
708 451 849 506 Inter
879 452 1061 505 liberos
1084 459 1137 506 et
1165 451 1300 516 ﬁlios
1332 450 1434 505 hoc
1478 451 1731 513 interest,
1778 450 1917 518 quod
1950 448 2044 502 lilii
2072 455 2123 512 Α
2152 448 2344 501 vulnus
2382 449 2691 516 gravitatis;
2746 450 2911 516 plagae
2963 451 3120 504 etiam
3174 449 3396 505 verbera
3456 463 3734 509 vocantur.

469 523 770 578 masculino
794 536 991 590 genere
1018 530 1309 591 ponuntur,
1338 520 1488 575 liberi
1518 524 1569 575 in
1602 529 1825 589 utroque
1869 534 1999 591 sesu
2028 538 2043 586 ;

470 607 523 647 et
554 592 694 659 quod
727 589 817 646 lilii
852 592 903 644 in
934 589 1157 647 numero
1187 590 1439 657 singulari
1469 591 1640 643 vocari
1668 598 1906 655 possunt.
1940 589 2046 644 Ne—

473 658 729 717 muenim
758 661 905 723 dicit,
931 663 1018 731 qui
1044 660 1205 716 habet
1232 660 1420 724 lilium,
1443 677 1604 713 unum
1626 659 1838 731 liberum
1862 658 2045 731 habeo.

472 734 625 796 Item,
656 732 793 799 quod
823 732 915 785 lilii
949 729 1249 799 promiscue
1279 731 1454 784 omnis
1484 729 1807 784 conditionis
1850 729 2047 784 intelli-

469 810 681 871 guntur,
719 812 824 855 tam
863 799 1079 872 ingenui
1126 816 1283 871 quam
1328 800 1506 865 servi;
1538 800 1691 856 liberi
1724 816 1827 856 non
1858 800 2047 855 dicun-

471 884 555 927 tur
586 872 685 941 nisi
712 872 946 941 ingenui.

542 940 666 997 189.
709 939 851 996 Inter
879 941 1030 996 dulce
1054 950 1109 996 et
1136 957 1287 995 suave
1314 939 1418 995 hoc
1449 940 1696 1006 interest,
1724 941 1865 1010 quod
1894 940 2048 997 dulce

468 1012 608 1082 idem
636 1019 807 1082 potest
833 1026 954 1066 esse
979 1011 1119 1081 quod
1150 1025 1334 1072 suave,
1368 1025 1473 1064 non
1505 1011 1685 1077 utique
1707 1025 1876 1066 suave
1905 1010 2046 1079 quod

463 1081 645 1137 dulce.
677 1082 844 1136 Dulce
872 1082 1013 1136 enim
1043 1083 1149 1137 mel
1179 1082 1406 1136 dicimus
1430 1119 1445 1147 ,
1495 1088 1548 1136 et
1592 1094 1755 1136 suave
1794 1091 2002 1136 acetum
2026 1124 2041 1149 ,

466 1153 606 1221 quod
629 1151 785 1206 dulce
812 1166 918 1206 non
945 1161 1047 1206 est.

539 1220 662 1277 190.
707 1221 849 1275 Inter
891 1221 1077 1276 bellum
1116 1230 1171 1275 et
1209 1221 1428 1275 avellum
1476 1221 1576 1275 hoc
1615 1220 1836 1276 interest
1861 1263 1874 1285 ,
1906 1222 2047 1291 quod

466 1293 670 1346 bellum
704 1291 841 1347 inter
864 1304 1074 1347 exteras
1099 1302 1285 1363 gentes
1306 1334 1337 1363 ,ί
1359 1291 1589 1363 avcilum
1622 1291 1762 1346 inter
1787 1292 1932 1345 cives
1960 1291 2045 1346 di-

468 1372 638 1427 ctum,
669 1364 810 1430 quod
841 1361 1136 1416 avellantur
1163 1361 1341 1430 populi
1373 1361 1424 1414 in
1452 1362 1581 1414 duas
1607 1370 1803 1429 partes.

543 1431 665 1487 191.
690 1429 850 1486 Inter
876 1429 1174 1499 exemplum
1193 1441 1247 1487 et
1267 1431 1653 1485 similitudinem
1676 1429 1777 1486 hoc
1802 1432 2042 1499 interest,

465 1502 939 1572 quodexemplum
973 1501 1193 1556 IlISlul’Ia
1221 1511 1325 1566 est,
1351 1500 1646 1555 similitudo
1670 1503 2006 1572 approbatio.

540 1569 662 1627 192.
702 1569 843 1625 Inter
869 1572 1231 1626 divinationem
1253 1583 1306 1626 et
1332 1572 1650 1625 divinitalem
1678 1569 1779 1625 hoc
1800 1570 2043 1639 interest,

465 1642 603 1712 quod
636 1640 887 1712 divinitas
912 1643 976 1697 ad
1003 1642 1297 1712 potentiam
1330 1642 1573 1712 numinis
1616 1640 1871 1707 refertur,
1912 1642 2045 1697 divi-

466 1710 609 1767 natio
636 1710 932 1767 futurorum
963 1710 1215 1779 praescios
1243 1710 1386 1768 facit.

2220 518 2355 592 208.Δ
2382 519 2522 574 Inter
2545 520 2619 592 sic
2647 529 2718 592 et
2738 521 2810 573 ita
2843 523 2943 592 hoc
2967 521 3207 585 interest,
3238 521 3380 589 quod
3407 524 3484 577 sic
3524 522 3743 592 quidem

2150 588 2383 643 ostendit
2411 588 2678 656 exempla,
2709 590 2778 643 ita
2809 590 2874 643 ad
2911 595 3166 645 rationem
3199 588 3448 647 refertur.

2218 658 2347 713 209.
2400 657 2540 713 Inter
2569 660 2697 733 duos
2727 668 2779 714 et
2822 660 2999 714 ambos
3042 663 3144 716 hoc
3189 661 3432 729 interest,
3464 666 3605 733 quod
3634 664 3742 719 duo

2151 738 2517 799 numerantur,
2549 729 2708 783 ambo
2735 742 3146 799 congregantur.

2219 798 2345 875 210.
2384 800 2526 875 Inter
2554 810 2695 867 paret
2738 809 2793 854 et
2817 798 3159 875 apparethoc
3189 802 3432 871 interem,
3469 804 3607 872 quod
3651 820 3743 875 pa-

2150 876 2254 933 ret,
2288 870 2552 936 imperio;
2583 879 2825 937 apparet,
2853 870 3176 927 videntibus.

2219 938 2344 1015 _211.
2380 940 2521 1015 Inter
2574 941 2794 1015 pullum_
2826 952 2881 995 et
2924 942 3267 1015 nigrumhoc
3309 943 3553 1015 interest,
3598 947 3737 1015 quod

2148 1010 2349 1089 pullum
2397 1011 2520 1064 albo
2563 1010 2888 1065 contrarium
2939 1021 3051 1077 est,
3101 1014 3309 1083 nigrum
3359 1014 3541 1070 colore
3597 1010 3740 1071 acci-

2188 1094 2345 1132 "IIIIS.

2188 1094 2200 1131 Ι
2242 1095 2292 1131 Ill
2332 1120 2345 1132 .

2152 1094 2184 1149 μ
2208 1094 2347 1224 [2128.
2394 1150 2538 1224 Inter
2576 1159 2743 1224 putat,
2782 1152 3021 1221 a’stimat,
3062 1154 3318 1224 opinatur,
3352 1154 3634 1207 arbitratur
3685 1165 3740 1211 et

2147 1220 2441 1287 suspicatur
2470 1219 2582 1275 hoc
2603 1220 2846 1287 interest,
2876 1219 3018 1290 quod
3053 1219 3199 1291 putat.
3220 1219 3311 1291 qui
3334 1225 3560 1290 dubitat;
3592 1227 3736 1279 msti-

2149 1301 2258 1343 mat
2289 1290 2779 1361 quiesistimaturo
2815 1307 2934 1359 qua:
2978 1290 3095 1348 acta
3135 1290 3261 1348 sunt
3301 1294 3461 1360 dicit;
3492 1298 3739 1361 opinatur

2147 1361 2237 1427 qui
2264 1359 2498 1427 οι)ίηίοηὶ
2536 1369 2628 1413 aut
2669 1375 2779 1414 811:9
2808 1370 2902 1416 aut
2945 1365 3169 1418 alterius
3209 1366 3414 1428 credit;
3448 1359 3738 1419 arbitratur

2147 1430 2238 1504 qui
2262 1430 2438 1504 dubiae
2466 1429 2557 1504 rei
2585 1430 2743 1485 linem
2778 1431 3040 1502 imponit;
3073 1435 3377 1503 suspicatur
3402 1438 3490 1504 qui
3524 1436 3737 1491 latentis

2146 1503 2222 1555 rei
2257 1499 2510 1568 prospicit
2539 1500 2783 1555 formam.

2216 1569 2343 1645 213g.
2376 1572 2517 1625 Inter
2542 1572 2806 1645 prohibere
2829 1580 2883 1645 et
2907 1572 3133 1645 inhibere
3162 1573 3265 1630 hoc
3306 1574 3549 1639 interest,
3594 1574 3737 1645 quod

2149 1641 2434 1712 prohibere
2463 1650 2544 1712 est
2570 1641 2691 1710 jure
2718 1656 2821 1696 non
2858 1643 3094 1709 habere;
3142 1645 3402 1710 inhibere,
3432 1648 3480 1697 vi
3508 1641 3735 1712 dicitur,

2146 1720 2197 1766 et
2223 1711 2371 1783 quod
2404 1711 2705 1767 inhibemus
2723 1714 2844 1781 jure
2880 1715 3221 1783 prohibemus
3251 1717 3496 1783 imperio.

538 1781 661 1865 195.
686 1780 847 1865 Inter
870 1784 1316 1865 vimgetvirlulem
1343 1783 1444 1837 ltoc
1468 1781 1729 1849 interest,
1753 1781 1906 1862 quod
1938 1783 2038 1838 vir-
2072 1804 2120 1865 Β
2148 1851 2160 1862 ⁸
2208 1781 2359 1865 214.
2387 1780 2847 1865 Inter_ostentum,
2879 1780 3167 1865 prodigium
3215 1795 3270 1841 et
3307 1780 3590 1865 monstrum
3636 1785 3740 1841 hoc

466 1861 548 1907 tua
582 1852 779 1908 hortari
809 1860 920 1919 est,
950 1858 1030 1907 vis
1059 1853 1271 1921 injuria.

536 1922 680 1994 19th
702 1923 846 1994 Inter
873 1939 1053 1993 rogum
1082 1935 1131 1978 et
1159 1940 1340 1994 pyram
1371 1922 1470 1976 hoc
1498 1925 1750 1992 interest,
1779 1923 1921 1994 quod
1950 1939 2039 1979 ro-

462 2009 561 2063 gns
581 1992 853 2064 defunctis
884 2003 1117 2061 paratur,
1152 1992 1275 2064 pyra
1307 1994 1606 2050 sacriﬁciis.

534 2062 656 2119 195.
700 2063 841 2117 Inter
870 2080 1048 2127 arma,
1083 2061 1395 2118 armamenta
1425 2071 1481 2119 et
1519 2066 1620 2117 tela
1646 2061 1749 2118 hoc
1779 2065 1998 2120 interest
2024 2109 2039 2134 ,

461 2135 601 2201 quod
648 2148 797 2189 arma
841 2143 967 2190 sunt
1003 2135 1196 2203 quibus
1236 2149 1461 2203 corpora
1493 2142 1672 2189 nostra
1701 2134 1752 2187 in
1785 2136 1930 2191 bello
1962 2146 2041 2191 te-

460 2215 689 2327 gulutur;
732 2214 1087 2272 armamenta,
1144 2204 1387 2272 navium;
1429 2204 1531 2261 tela
1571 2205 1824 2273 missilia,
1856 2214 1913 2261 ut
1959 2205 2043 2277 ja-

460 2290 525 2327 cu
552 2290 603 2327 ll.

459 2290 603 2329 cuia.

536 2344 657 2401 196.
691 2344 833 2401 Inter
878 2347 1040 2400 virum
1068 2354 1122 2401 et
1165 2346 1451 2400 masculum
1496 2345 1596 2399 hoc
1626 2345 1869 2411 interest,
1903 2346 2045 2411 quod

460 2416 542 2469 vir
568 2420 748 2483 specie
777 2417 1114 2486 intelligitur,
1164 2417 1430 2471 masculus
1459 2431 1677 2487 genere,
1711 2425 1764 2470 et
1793 2417 1933 2485 quod
1964 2419 2043 2471 vir

460 2486 631 2543 tribus
669 2488 841 2542 modis
872 2487 1203 2557 intelligitur,
1238 2486 1685 2552 uatura,’virlute
1723 2493 1779 2557 et
1814 2488 2041 2556 nuptiis;

456 2558 730 2682 {nﬁculus
764 2560 926 2613 etiam
963 2558 1033 2612 ab
1052 2555 1282 2613 homine
1308 2566 1638 2628 segregatur,
1666 2564 1725 2610 ut
1755 2555 1808 2611 in
1837 2555 2013 2612 anima
2032 2585 2045 2597 -

481 2646 492 2680 l
571 2642 616 2682 ς.

481 2642 616 2684 ωας.

532 2696 652 2754 197.
681 2700 822 2755 Inter
861 2700 1155 2770 profugum,
1186 2700 1433 2770 exsulem,
1473 2698 1753 2769 relegatum
1781 2704 1837 2770 et
1867 2706 2047 2753 trans-

458 2769 635 2840 fugam
673 2770 773 2825 hoc
805 2766 1048 2835 interest,
1079 2771 1219 2839 quod
1252 2766 1506 2840 profugus
1546 2766 1695 2840 quasi
1742 2768 2044 2824 voluntarie

458 2838 751 2911 reliquerit;
776 2843 947 2909 exsul,
976 2844 1064 2911 qui
1095 2838 1377 2911 damnatus
1406 2838 1733 2911 expellitur;
1758 2841 2041 2910 relegatus,

455 2909 522 2963 ad
554 2919 793 2981 tempus;
829 2909 1121 2980 transfuga,
1150 2910 1239 2978 qui
1268 2910 1331 2963 ad
1361 2910 1541 2962 hostes
1573 2909 1778 2981 transit.

528 2978 838 3037 198.'Inter
875 2978 1121 3034 altum'et
1157 2981 1411 3033 excelsum
1463 2981 1562 3031 hoc
1610 2978 1853 3043 interest,
1904 2980 2046 3047 quod

456 3050 623 3105 altum
650 3060 754 3105 tam
780 3052 833 3105 in
861 3051 1191 3120 superiorem
1222 3059 1423 3120 partem
1454 3047 1648 3120 elatum
1679 3048 2043 3120 intelligimus.

456 3134 613 3191 quam
660 3122 727 3175 ad
777 3118 1029 3174 interiora
1074 3118 1415 3189 depositum;
1447 3118 1742 3183 excelsum,
1788 3118 1837 3173 in
1879 3134 2041 3191 supe-

457 3189 684 3244 rioribus
715 3198 940 3243 tantum.

532 3257 654 3315 199.
687 3260 827 3313 Inter
854 3260 953 3313 vim
980 3267 1035 3314 et
1062 3260 1190 3313 vires
1236 3258 1336 3314 hoc
1382 3257 1600 3312 interest
1642 3257 1781 3329 quod
1824 3260 1904 3314 vis
1944 3261 2041 3313 im-

456 3338 585 3401 petu
606 3337 662 3384 et
689 3330 881 3400 injuria
920 3330 1082 3401 439
1110 3338 1341 3401 constat,
1367 3329 1505 3383 vires
1530 3330 1592 3401 ad
1625 3329 1824 3401 bonum
1848 3339 1903 3385 et
1926 3329 2040 3401 for-

457 3396 1013 3467 titudinem'corpor'is—
1037 3396 1377 3466 referuntur;
1408 3401 1478 3452 ita
1538 3400 1619 3452 vis
1661 3396 1788 3453 facit
1832 3400 2037 3455 violen-

456 3471 606 3535 tiam,
639 3473 777 3525 vires
807 3470 1073 3525 vitiosum.

522 3539 652 3595 200.
692 3541 833 3596 Inter
872 3556 1058 3595 sa'vum
1094 3549 1148 3595 et
1176 3541 1434 3595 crudelem
1476 3537 1577 3593 hoc
1617 3538 1859 3602 interest,
1900 3540 2041 3606 quod

453 3624 633 3665 smvns
655 3610 797 3664 circa
827 3611 989 3665 verba
1019 3622 1123 3676 est,
1147 3610 1378 3665 crudelis
1408 3618 1732 3664 monstratur
1758 3611 2037 3678 sanguine.

520 3679 647 3738 201.
682 3679 828 3736 Inter
855 3681 1065 3745 bellum,
1095 3683 1272 3746 aciem,
1306 3681 1541 3749 praelium
1589 3688 1644 3735 et
1674 3694 1899 3747 pugnam
1942 3681 2042 3735 hoc

453 3751 697 3816 interest,
726 3752 868 3820 quod
916 3752 1108 3807 bellum
1156 3751 1351 3805 dicitur
1379 3760 1521 3805 totus
1561 3750 1864 3814 conﬂictus,
1899 3752 2041 3804 acies

453 3822 748 3885 ordinatur,
792 3821 1033 3891 pra-lium
1082 3821 1454 3883 committitur,
1499 3835 1671 3890 pugna
1712 3821 1933 3889 geritur,
1986 3829 2041 3876 et

453 3892 596 3960 quod
625 3891 772 3947 acies
803 3901 908 3946 tam
939 3892 1061 3946 ferri
1090 3908 1246 3959 quam
1277 3893 1550 3945 oculorum
1578 3900 1681 3947 est.

521 3960 648 4015 202.
695 3962 835 4016 Inter
866 3977 1072 4029 passum
1102 3970 1157 4015 et
1182 3970 1444 4032 expertum
1485 3961 1587 4015 hoc
1624 3962 1867 4019 interest.
1898 3962 2038 4029 quod

453 4033 697 4104 patimur
717 4032 1010 4098 voluntate,
1038 4046 1169 4101 expc
1181 4032 1715 4104 rimnrjnecessitate.

523 4102 648 4158 203.
682 4102 826 4157 Inter
868 4118 1025 4172 genus
1052 4100 1322 4172 et’gentem
1358 4102 1457 4156 hoc
1488 4103 1729 4165 interest,
1764 4100 1904 4172 quod
1938 4116 2040 4168 ge-

454 4188 556 4227 nus
586 4183 691 4226 tam
719 4170 991 4227 hominum
1024 4170 1180 4243 quain
1214 4170 1447 4226 ferarum
1478 4181 1593 4237 est;
1629 4186 1764 4242 gens
1802 4171 1867 4243 ad
1911 4185 2040 4243 con-

452 4245 817 4311 gregationem
852 4242 1079 4311 plurium
1116 4243 1367 4312 pertinet,
1394 4252 1447 4295 et
1477 4244 1544 4295 ab
1573 4258 1677 4296 uno
1711 4242 1889 4310 capite
1916 4242 2036 4298 des-

453 4310 630 4384 cendit
659 4330 675 4368 :
710 4310 936 4367 dicimus
965 4310 1258 4384 enim—gens
1289 4310 1574 4384 Gallorum.

522 4381 649 4438 204.
681 4385 818 4437 Inter
848 4393 1056 4451 terram,
1081 4380 1314 4438 tellurem
1347 4394 1398 4438 et
1431 4382 1645 4437 humum
1668 4380 1769 4436 hoc
1791 4382 2035 4452 interest,

453 4455 593 4524 quod
624 4463 764 4509 terra
790 4467 911 4521 pars
938 4455 1119 4508 mundi
1150 4455 1302 4509 tertia
1332 4462 1414 4507 est
1440 4470 1453 4519 ;
1481 4454 1659 4520 tellus,
1684 4453 1814 4514 dea;
1843 4451 2038 4509 humus

456 4527 606 4594 locus
636 4525 928 4594 sepultura:
958 4524 1168 4590 dicitur,
1200 4527 1267 4577 ah
1296 4524 1584 4578 humando.

522 4591 649 4649 205.
688 4591 830 4649 Inter
875 4594 1061 4648 mantia
1099 4606 1153 4650 et
1192 4594 1414 4662 wdiﬁria
1456 4596 1555 4648 hoc
1608 4595 1852 4659 interest,
1892 4593 2037 4663 quod

454 4665 649 4718 mantia
676 4664 1009 4733 publicorum
1038 4677 1156 4719 sunt
1177 4680 1425 4733 Operum,
1443 4664 1662 4719 a'dilicia
1687 4665 2037 4734 privatorum.

523 4734 652 4788 206.
695 4737 835 4789 Inter
862 4750 1012 4789 omne
1040 4747 1088 4789 et
1114 4745 1275 4789 totum
1305 4736 1405 4788 hoc
1431 4739 1674 4795 interest,
1704 4734 1848 4802 quod
1879 4748 2040 4789 omne

455 4805 839 4859 numerositate
868 4814 1096 4872 constat,
1127 4814 1292 4859 totum
1323 4805 1389 4859 ad
1415 4815 1591 4874 partes
1619 4805 1832 4859 dicitur.

524 4874 822 4929 207.1ntcr
877 4876 1042 4937 ulcus,
1083 4875 1264 4930 vulnus
1308 4884 1362 4930 et
1403 4882 1611 4946 pfagam
1653 4877 1752 4930 hoc
1793 4876 2038 4941 interest,

454 4947 591 5013 quod
638 4946 785 5000 ulcus
844 4961 938 5014 per
984 4962 1039 5002 sc
1086 4949 1238 5011 exit,
1290 4945 1704 5010 vulnus’lerro;
1743 4946 1898 5015 plaga
1942 4960 2037 5013 po-

456 5026 559 5071 test
589 5029 709 5071 esse
751 5017 937 5085 planus
981 5016 1147 5083 ictus;
1181 5017 1257 5072 sic
1291 5017 1430 5087 quod
1481 5015 1630 5071 ulcus
1671 5016 1901 5071 levitatis
1931 5026 2035 5081 est,

529 5172 650 5229 188.
686 5173 804 5243 Yat.
831 5170 962 5243 621,
991 5172 1241 5243 singulari
1263 5172 1439 5243 referri
1462 5179 1692 5240 possunt.

528 5244 651 5299 190.
682 5242 791 5299 Hoc
829 5242 968 5311 quod
1007 5240 1256 5295 de‘avello
1303 5242 1385 5296 hic
1428 5243 1620 5297 dicitur
1670 5240 1850 5294 nescio
1879 5255 2036 5310 quem

454 5322 727 5369 auctorem
747 5310 956 5367 habeat.
973 5311 1223 5366 Libenter
1240 5312 1467 5377 legerem
1490 5310 1717 5364 duellum
1739 5312 1868 5364 inter
1885 5316 2033 5373 cives,

454 5399 561 5437 etc.
588 5384 774 5437 Festus
800 5402 811 5435 :
846 5381 1089 5435 Duellum
1115 5423 1128 5447 ,
1171 5383 1352 5435 bellum
1397 5382 1643 5446 videlicet,
1674 5384 1813 5451 quod
1840 5381 2037 5435 duabus

456 5453 687 5517 partibus
725 5455 788 5507 de
818 5452 1026 5506 victoria
1054 5452 1467 5506 contendentibus
1491 5454 1784 5506 dimicutur.

530 5520 655 5590 195.
682 5523 734 5573 lu
769 5522 987 5577 Est-usis
1013 5530 1127 5576 erat
1154 5522 1445 5586 missibilia,
1472 5538 1565 5590 pro
1593 5523 1830 5576 missilia.

528 5589 653 5644 212.
688 5591 805 5645 Vat.
835 5590 961 5646 621.
1013 5590 1153 5644 Inter
1182 5607 1463 5647 ABBITBARI
1515 5601 1562 5645 et
1600 5608 1882 5647 .es'rtuttns
1942 5593 2036 5645 hoc

456 5663 682 5726 interest,
714 5664 849 5731 quod
901 5676 1174 5715 lustrntur:
1222 5663 1362 5729 apud
1396 5664 1623 5715 animum
1678 5673 1905 5717 nostrum
1937 5673 2032 5729 est,

458 5748 739 5787 ARBITRAI‘II
761 5732 1020 5802 judicium
1049 5732 1206 5783 animi
1226 5735 1473 5802 proferre.
1498 5734 1657 5800 Alibi,
1694 5743 1748 5787 ut
1807 5734 1910 5798 hic,
1940 5736 2033 5787 sed

452 5804 629 5857 lutcntt
660 5806 731 5859 rei
752 5804 960 5868 suspicit
988 5801 1231 5872 formam.

2144 1851 2387 1917 interest,
2411 1851 2551 1921 quod
2583 1863 2852 1908 OSlettlum
2880 1856 2997 1910 sine
3027 1851 3254 1924 corpore
3284 1856 3511 1908 solidum
3538 1871 3735 1910 novum

2143 1938 2203 1977 se
2242 1924 2499 1995 ostendit,
2530 1932 2583 1978 et
2620 1924 2812 1995 oculis,
2848 1932 2903 1978 et
2941 1925 3200 1991 auribus;
3238 1925 3533 1995 prodigium
3581 1941 3732 1991 vero,

2142 1994 2285 2062 quod
2325 1993 2511 2047 solidis
2548 1993 2865 2061 corporibus
2896 1993 3247 2063 prospicitur,
3285 2006 3338 2049 ut
3384 1993 3434 2049 in
3476 1996 3612 2050 cmlo
3642 2011 3736 2052 co-

2144 2075 2334 2129 metes,
2368 2063 2531 2133 m
2569 2074 2661 2118 aut
2693 2066 2868 2129 stella,
2898 2074 2950 2120 et
2979 2064 3032 2118 in
3065 2077 3219 2121 nocte
3250 2069 3357 2130 lux,
3392 2067 3618 2120 interdiu
3651 2077 3732 2121 te-

2146 2135 2359 2198 ttebrte;
2401 2145 2696 2188 monstrum
2748 2151 2874 2188 vero
2917 2148 3101 2190 contra
3160 2145 3403 2191 naturam
3463 2137 3733 2205 cognitum

2144 2205 2434 2328 egreditur,
2469 2214 2524 2259 ut
2553 2217 2773 2275 serpens
2800 2219 2921 2261 cum
2964 2205 3208 2276 pedibus,
3244 2217 3334 2261 aut
3360 2221 3480 2260 cum
3508 2217 3734 2276 quatuor

2147 2290 2175 2328 a
2202 2289 2267 2328 is.

2147 2289 2267 2329 alis.

2215 2343 2341 2400 215.
2374 2343 2513 2400 Inter
2543 2347 2851 2413 conticuere,
2892 2348 3142 2403 obticuere
3166 2355 3220 2404 et
3249 2349 3492 2403 reticuero
3524 2347 3625 2401 hoc
3654 2348 3735 2402 in-

2150 2424 2335 2489 terest,
2362 2416 2613 2489 quodqui
2637 2418 2894 2489 conticuit
2915 2421 3147 2489 undique
3169 2419 3437 2474 silentium
3458 2421 3729 2487 prtesttit,

2150 2494 2207 2539 ut
2228 2486 2430 2556 antiqui
2455 2487 2628 2557 (Virg.
2661 2487 2747 2554 Ill,
2782 2487 2997 2543 1Eneid.
3022 2486 3151 2559 718)
3181 2507 3195 2541 :

2331 2589 2571 2641 Conticuit
2595 2589 2811 2653 tandem,
2839 2590 3063 2654 factoque
3082 2590 3161 2642 hic
3186 2591 3282 2641 line
3305 2591 3523 2653 quievit:

2148 2691 2390 2766 obticuit,
2434 2693 2521 2762 qui
2565 2695 2761 2766 nullam
2796 2709 2947 2765 spem
2975 2695 3232 2766 reliquit;
3280 2695 3511 2761 reticuit,
3542 2698 3630 2766 qui
3660 2696 3734 2751 si-

2149 2762 2313 2818 lentio
2342 2778 2597 2832 responsa
2630 2764 2821 2820 ﬁnivit.

2218 2832 2345 2891 216.
2396 2834 2537 2889 Inter
2576 2838 2887 2902 sepulcrum,
2925 2837 3205 2903 "tumulum,
3247 2845 3631 2891 monumentum
3678 2844 3738 2893 et

2149 2907 2356 2959 bustum
2387 2909 2486 2958 ttoc
2514 2905 2912 2977 interest,quod
2942 2909 3243 2974 sepulcrum
3276 2918 3359 2962 est
3380 2908 3526 2962 locus
3550 2909 3600 2961 in
3626 2921 3735 2977 quo

2147 2989 2371 3044 corpora
2392 2975 2739 3042 sepeliuntur,
2765 2987 2818 3030 et
2838 2992 2867 3030 a
2889 2978 3198 3045 sepeliendo
3220 2976 3445 3042 dicitur;
3473 2975 3728 3045 tumulus,

2148 3046 2236 3114 qui
2268 3046 2476 3100 cineres
2506 3047 2665 3115 tegit;
2700 3059 3128 3115 monumentum,
3158 3064 3263 3115 quo
3296 3050 3600 3114 sepulcrum
3626 3045 3730 3101 cir-

2149 3115 2451 3181 cumdatur,
2490 3116 2689 3189 dictum
2736 3131 2767 3170 a
2816 3118 3235 3184 munitionibus;
3264 3118 3495 3184 bustum,
3540 3119 3593 3173 in
3621 3133 3728 3189 quo

2150 3201 2269 3240 ossa
2299 3196 2441 3248 sunt,
2475 3188 2625 3256 quasi
2658 3189 2790 3241 bene
2813 3196 3013 3242 ustum.

2215 3256 2339 3311 217.
2375 3256 2517 3312 Inter
2544 3267 2685 3312 astra
2712 3268 2764 3311 et
2798 3260 2971 3313 sidera
3001 3259 3101 3313 hoe
3128 3258 3370 3324 interest,
3413 3260 3552 3328 quod
3585 3270 3727 3313 asm

2145 3327 2264 3381 sine
2292 3327 2469 3381 sidere
2497 3342 2618 3382 esse
2650 3337 2889 3396 possunt,
2917 3337 2971 3382 et
3004 3336 3149 3382 astra
3180 3330 3284 3382 lixa
3305 3327 3440 3382 sunt
3457 3331 3625 3394 creto;
3656 3331 3729 3382 si-

2144 3397 2269 3449 dera
2303 3406 2600 3449 moventur.

2214 3464 2343 3537 218.
2390 3466 2531 3520 Inter
2559 3467 2788 3537 deripere
2834 3476 2889 3521 et
2923 3468 3144 3535 diripere
3174 3468 3273 3522 hoc
3304 3468 3547 3535 interest,
3588 3468 3727 3536 quod

2145 3535 2437 3606 deripimus
2485 3551 2605 3591 cum
2647 3535 2679 3592 e
2717 3538 2983 3606 superiori
3014 3551 3161 3606 parte
3194 3542 3243 3593 in
3286 3539 3545 3593 interiora
3587 3535 3727 3606 rapi-

2145 3606 2621 3679 ntus;gdiripimus,
2654 3623 2775 3663 cum
2804 3608 3086 3675 Ianiamus,
3115 3621 3167 3663 et
3202 3612 3255 3664 in
3279 3610 3520 3664 diversas
3550 3618 3727 3679 partes

2143 3675 2462 3731 diducimus.

2212 3747 2339 3804 219.
2390 3750 2529 3803 Inter
2558 3764 2766 3803 causam
2793 3758 2848 3805 et
2879 3750 3127 3804 rationem
3169 3750 3271 3805 hoc
3300 3751 3544 3815 interest,
3585 3749 3728 3819 quod

2143 3831 2301 3871 causa
2347 3819 2540 3890 multas
2588 3820 2747 3890 habet
2794 3821 3023 3889 species,
3070 3820 3207 3876 ratio
3254 3822 3626 3890 paucissimas,
3672 3830 3732 3876 et

2146 3889 2285 3956 quod
2318 3889 2525 3943 ratione
2552 3889 2781 3944 efﬁcitur
2811 3906 2969 3945 causa
2996 3889 3353 3947 desideratur.
3712 3912 3723 3926 ε

2212 3956 2338 4031 220.
2362 3959 2530 4031 _Inter
2557 3958 2753 4031 Italum
2784 3974 2837 4016 et
2874 3960 3117 4016 Italicum
3164 3963 3264 4017 hoc
3306 3963 3548 4026 interest,
3587 3962 3729 4031 quod

2144 4026 2327 4095 Italus,
2362 4028 2542 4103 homo,
2578 4030 2825 4103 Italicus,
2846 4046 3001 4087 arcus
3030 4034 3253 4100 dicitur;
3279 4034 3351 4087 ita
3375 4031 3505 4086 illud
3527 4026 3729 4103 ad'per-

2140 4113 2325 4153 simam
2357 4102 2605 4160 refertur.
2639 4101 2740 4155 hoc
2765 4102 2829 4155 ad
2861 4116 2996 4158 rem.

2211 4168 2337 4223 221.
2392 4169 2792 4243 Ιηιπᾼάευίμηι,
2823 4173 3033 4239 invium,
3065 4174 3234 4227 avium
3274 4183 3327 4229 et
3366 4174 3593 4243 pervium
3629 4173 3730 4227 hoc

2144 4238 2387 4310 interest,
2413 4241 2551 4310 quod
2583 4242 2780 4295 invium
2803 4246 3022 4297 estsine
3047 4246 3131 4297 via
3160 4238 3424 4298 secretum
3448 4260 3462 4309 ;
3492 4245 3730 4309 devium,

2140 4308 2384 4383 desertus
2433 4308 2616 4379 locus;
2665 4316 2863 4379 avium,
2912 4321 3061 4369 extra
3099 4315 3271 4382 viam;
3320 4308 3581 4383 pervium,
3635 4308 3731 4383 per

2140 4381 2279 4449 quod
2310 4393 2663 4439 commeator.

2209 4449 2335 4506 222.
2365 4452 2506 4506 Inter
2535 4452 2793 4507 dexteram
2822 4463 2875 4509 et
2903 4454 3138 4510 dextram
3178 4453 3280 4508 hoc
3314 4456 3554 4517 interest,
3587 4451 3729 4520 quod

2065 4521 2119 4582 D
2144 4520 2356 4589 quidam
2388 4522 2503 4577 sine
2532 4538 2686 4576 causa
2721 4534 3039 4592 putaverunt
3079 4526 3312 4578 litteram
3358 4539 3384 4576 e
3425 4521 3720 4585 abundare,

2142 4593 2310 4663 secuti
2339 4594 2775 4663 consuetudiuent
2809 4596 3081 4663 antiquam
3117 4610 3129 4644 :
3156 4600 3212 4646 ut
3241 4592 3523 4663 reprendo,
3556 4599 3610 4645 et
3637 4606 3733 4647 re-

2144 4662 2448 4729 prehendo;
2493 4672 2552 4717 ut
2594 4677 2837 4725 vemens,
2871 4662 3249 4717 et’veltemens
3295 4680 3309 4717 :
3367 4663 3439 4715 ita
3482 4662 3727 4717 dextram

2142 4746 2382 4802 manum,
2417 4744 2468 4787 et
2498 4733 2773 4787 dexteram
2800 4747 3111 4800 prostieram
3142 4743 3347 4802 partem
3379 4733 3504 4787 dici.

2213 4799 2338 4857 225.
2373 4802 2511 4873 Inter
2540 4805 2674 4873 leges
2699 4813 2752 4857 et
2772 4799 2899 4872 jura
2931 4801 3031 4857 huc
3063 4799 3303 4868 interest,
3329 4804 3469 4873 quod
3494 4803 3616 4872 jura
3640 4817 3727 4856 re-

2142 4882 2290 4941 perta
2319 4883 2442 4925 sunt
2464 4872 2533 4927 ab
2558 4872 2779 4925 honesta
2802 4874 3210 4938 consuetudine,
3238 4872 3399 4942 leges,
3422 4889 3487 4927 ex
3518 4875 3583 4928 iis
3605 4887 3725 4935 quae

2142 4951 2283 5014 inter
2304 4957 2400 4996 nos
2431 4942 2701 5014 probanda
2744 4943 2995 5010 facimus;
3038 4953 3092 4999 et
3118 4944 3236 5014 jura
3277 4945 3344 4997 ab
3386 4942 3727 5013 uniuscujus-

2138 5027 2243 5081 que
2266 5013 2470 5082 jusutia
2494 5011 2765 5080 dicuntur,
2793 5016 2954 5084 leges,
2991 5011 3134 5086 quod
3164 5015 3426 5081 legantur.

2208 5170 2333 5224 2H.
2367 5170 2486 5224 Vat.
2521 5170 2648 5236 024,
2687 5173 2799 5227 sine
2827 5189 3038 5239 corpore
3080 5173 3247 5227 solido
3278 5172 3420 5225 nobis
3464 5188 3518 5224 se
3556 5179 3724 5225 osten-

2140 5251 2280 5295 tat...
2322 5242 2529 5296 auribus
2572 5244 2831 5314 objicitur,
2864 5244 3221 5314 prodigium...
3253 5244 3555 5312 corporibus
3599 5256 3727 5309 pro-

2140 5314 2407 5367 ducitur...
2439 5322 2633 5366 cometa
2664 5312 2831 5378 stella,
2866 5312 2920 5366 et
2949 5315 2999 5367 in
3018 5312 3182 5371 nocte.

2208 5381 2334 5435 215.
2370 5383 2423 5436 In
2455 5382 2623 5436 Editis
2652 5391 2765 5437 erat
2823 5381 3078 5447 Eticuere,
3101 5384 3239 5452 quod
3269 5382 3464 5437 mutavi
3516 5382 3567 5452 in
3626 5380 3710 5452 lle-

2140 5454 2358 5516 licuerc;
2407 5467 2529 5506 nam
2563 5454 2849 5521 respondet
2888 5454 3025 5507 infra
3050 5450 3268 5507 reticuit.
3313 5454 3431 5507 Vat.
3463 5451 3602 5505 621:
3631 5450 3722 5504 In.-

2139 5534 2213 5576 ter
2240 5538 2540 5586 coartentr,
2568 5534 2617 5576 et
2667 5538 2930 5587 OBTICUIT,
2955 5533 3000 5577 et
3051 5540 3372 5578 uiz'rtcun...
3404 5524 3623 5594 undique
3651 5524 3720 5578 si.

2139 5594 2293 5648 lentio
2319 5596 2452 5647 vocis
2482 5596 2779 5662 prwstittt...
2812 5596 3006 5647 nullam
3029 5610 3168 5661 spent
3189 5594 3448 5661 loquendi.

2206 5664 2336 5718 216.
2367 5664 2464 5717 Vat
2491 5663 2594 5718 621
2633 5682 2647 5719 :
2690 5665 2997 5733 Sepulcrum
3053 5668 3193 5719 locus
3241 5665 3294 5717 in
3344 5681 3443 5735 quo
3497 5672 3723 5721 uruntur

2137 5750 2353 5807 corpora
2375 5751 2391 5800 ;
2421 5752 2449 5787 a
2476 5736 2763 5803 sepeliendo
2789 5736 3076 5805 sepulcrum
3100 5735 3307 5792 dicitur.
