4180 6178
387 186 519 243 1557

386 298 532 378 [95οῙ
580 298 878 367 Lampium,
914 298 1186 366 pulpitum,
1244 302 1423 354 analo-
1495 304 1818 378 Leutandus,

458 385 620 439 gium.

386 437 651 491 Lancibus
670 480 683 501 ,
718 437 985 490 nnssoriis.

384 508 649 575 Lanisu'a,
682 509 931 559 lanarius.

382 578 614 645 Largens
630 617 644 639 ,
680 577 1004 630 domesticus.

382 647 580 708 Latna,
611 648 883 697 rosarium.

1558 582 1669 634 sine
1704 584 1941 635 manicis.

451 784 857 837 latrociniorum.

381 854 561 917 Latos,
590 855 751 906 navis.

378 923 683 976 Latrunciat
701 963 716 984 ,
745 937 834 991 per
853 922 993 973 navis
1016 933 1231 991 pugnat.

374 993 622 1065 Latititia,
649 992 985 1065 aquafarina
1013 1008 1301 1065 conspersa.

375 1062 687 1125 Lammina,
717 1061 945 1114 habente.

372 1130 524 1254 L910]
564 1132 807 1196 Lecator,
840 1132 1071 1200 gulosus.

394 1203 678 1254 .eclicalis.
712 1203 797 1254 aui
825 1203 1036 1253 lectulos
1061 1208 1071 1254 l

394 1203 678 1264 .ecticalis,
712 1203 797 1269 qui
825 1203 1036 1253 lectulos
1059 1201 1199 1268 facit.

372 1271 682 1323 Lectistium
701 1311 715 1333 ,
740 1271 892 1322 statio
921 1269 1052 1322 lecti.

372 1340 644 1404 Lectrum,
687 1340 983 1409 analogiam
1023 1356 1178 1409 super
1204 1356 1304 1408 quo
1340 1342 1411 1393 le-

440 1410 597 1477 gitur.

369 1477 537 1537 Ledo,
570 1479 730 1531 maris
757 1479 1010 1531 wstuatio.

366 1546 518 1615 [9l5l
549 1549 696 1600 [.eno
718 1590 730 1609 ,
767 1548 975 1609 lecator,
1002 1549 1273 1602 mediator.

364 1610 523 1687 E71
575 1616 966 1681 Lenocinator,
1034 1619 1171 1684 turpi
1223 1615 1410 1671 adula-

435 1688 572 1739 tione
594 1687 901 1755 famulatur.

363 1756 686 1810 Lcnociniis.
752 1756 989 1809 Donatus
1043 1757 1408 1811 :Pronuntia-

431 1828 512 1877 bat
583 1837 751 1879 autem
812 1842 927 1877 cum
980 1830 1231 1881 suavitate
1292 1846 1405 1881 cum

432 1895 693 1949 lenociniis
735 1895 903 1947 miris.

362 1962 706 2018 Lenocinium
730 2005 745 2029 ,
786 1966 1043 2018 lecacitas.

1556 997 1705 1049 dilia.

1480 1899 1708 1964 Limula,
1750 1902 1911 1952 larva.

430 2102 555 2155 930.
598 2101 731 2163 Alii,
759 2099 1009 2168 lampium
1036 2116 1099 2153 ex
1132 2099 1499 2167 lampadibus;
1548 2101 1615 2153 al.
1651 2101 1932 2153 lcctorium.

427 2169 553 2223 932.
620 2171 857 2222 Lanistra
922 2185 1014 2237 pro
1055 2169 1277 2231 lanista,
1331 2179 1388 2222 ιιι
1418 2171 1665 2231 balistra;
1704 2172 1795 2224 sed
1844 2170 1932 2222 alii

356 2242 536 2309 legunt
568 2242 647 2294 vel
677 2241 901 2302 lanistio,
953 2243 1207 2300 lanarius,
1235 2256 1262 2290 a
1292 2241 1432 2305 luna,
1460 2241 1542 2293 vel
1584 2239 1798 2304 lanista,
1822 2256 1937 2292 car-

355 2308 552 2374 uarius,
599 2319 689 2362 aut
725 2310 972 2362 laniarius
995 2348 1009 2373 ,
1063 2325 1090 2361 a
1133 2308 1395 2365 laniando.
1428 2308 1560 2363 Vide
1591 2310 1627 2363 Ι.
1658 2326 1686 2362 x
1731 2310 1933 2378 Elym.,

355 2398 499 2433 ιιιιιιι.
532 2381 653 2433 H0.

423 2449 546 2503 955.
596 2448 752 2503 Forte
771 2489 786 2513 ,
839 2447 1103 2517 larigena,
1133 2447 1433 2501 domesticus
1454 2489 1469 2515 ,
1502 2448 1585 2501 vel
1614 2447 1723 2514 lar,
1762 2448 1936 2517 genius

352 2520 677 2571 domesticus.

422 2590 550 2643 954.
593 2589 716 2652 Alii,
737 2589 898 2651 larva,
926 2589 1201 2651 rosarium,
1229 2600 1257 2639 a
1290 2602 1417 2641 voce
1439 2588 1737 2656 germauica
1764 2602 1930 2652 rasen,

350 2660 603 2721 insanire;
629 2659 723 2719 al.,
752 2659 912 2719 larva,
935 2658 1275 2721 dwmonium;
1305 2658 1400 2720 al.,
1426 2660 1524 2722 lar,
1556 2658 1697 2719 laris,
1721 2656 1934 2717 larium;

350 2731 447 2793 al.,
476 2730 644 2791 lawa,
688 2738 998 2790 monstrum;
1049 2727 1145 2789 al.,
1188 2741 1254 2780 ex
1291 2742 1344 2780 ιι.
1377 2726 1502 2793 966,
1531 2728 1745 2791 limula,
1797 2730 1932 2779 larva

353 2798 486 2865 (pro
513 2797 701 2866 parva)
747 2800 848 2851 huc
899 2798 1182 2851 adductum
1244 2806 1432 2862 putant
1462 2796 1624 2862 larva,
1655 2796 1929 2857 rasorium,

412 2884 440 2917 ll
473 2884 617 2918 ΙΙΙΙΙΩ.

412 2885 422 2915 l
568 2904 577 2917 ι
604 2904 617 2918 ο

347 2869 832 2989 8e93lganai-thius
861 2936 1178 2986 latroconum
1218 2946 1286 2983 ex
1328 2931 1633 2997 germanico
1663 2945 1780 2991 con,
1813 2932 1931 2983 navi

347 3006 629 3072 expedita;
659 3005 757 3069 al.,
797 3006 1000 3064 latena;
1028 3002 1124 3063 al.,
1170 3000 1627 3064 latrocinatorium,
1665 3000 1746 3052 vel
1778 3000 1935 3052 latro-

347 3075 510 3133 uium,
540 3073 619 3124 vel
650 3072 980 3123 littorarium.
1898 3102 1909 3112 .

416 3144 543 3195 956.
589 3142 683 3193 llic
729 3141 889 3194 etiam
947 3138 1253 3200 Semlerus,
1300 3137 1557 3190 littoraria
1600 3137 1775 3203 navis,
1815 3137 1932 3191 sine

346 3210 726 3277 cXpIicatione.
763 3208 894 3264 Vide
925 3211 959 3263 Ι.
993 3224 1103 3272 xu,
1135 3210 1335 3277 Etym.,
1369 3223 1417 3261 c.
1466 3207 1517 3272 l,
1562 3224 1614 3260 ιι.
1648 3206 1739 3272 27,
1791 3206 1932 3261 Tra-

344 3280 523 3332 baritr.
557 3290 661 3332 etc.

378 3295 661 3403 "333.6%;
694 3348 875 3411 Festo,
908 3349 1111 3401 lautitia
1141 3346 1307 3400 farina
1335 3344 1702 3415 appellabatur
1730 3362 1795 3400 ex
1832 3347 1928 3400 tri-

346 3420 451 3472 tico
483 3434 616 3487 aqua
660 3433 973 3486 conspersa.

414 3485 545 3541 939;
584 3488 658 3540 Ex
689 3485 866 3541 laxare
895 3488 1115 3539 habenas
1160 3486 1354 3538 factum
1383 3485 1667 3538 laxamina.

411 3558 536 3613 940.
580 3557 721 3621 Mox,
760 3573 812 3609 ιι.
840 3558 965 3620 945,
999 3559 1133 3622 leno,
1166 3554 1377 3607 lecator.
1412 3555 1527 3607 Itali
1574 3554 1765 3609 leccarc
1796 3555 1928 3609 lam-

341 3627 501 3692 bere,
558 3627 811 3680 lecconem
860 3628 1103 3694 gulosum
1154 3627 1359 3694 dicunt.
1416 3624 1585 3677 Etiam
1623 3628 1926 3694 germanice

339 3710 513 3766 ganeo
542 3697 731 3766 legator
777 3696 970 3750 dicitur
996 3712 1061 3750 ex
1092 3693 1327 3749 Bartbio.

410 3763 535 3819 945.
582 3764 849 3831 Leclrum,
881 3780 946 3819 ex
974 3765 1256 3818 lectorium.

408 3834 536 3888 944.
581 3834 714 3890 Vide
742 3836 836 3889 lib.
856 3836 925 3889 de
951 3836 1140 3889 ordine
1184 3841 1442 3897 creatur.,
1484 3846 1604 3901 cap.
1636 3834 1693 3900 9,
1743 3848 1863 3902 cap.
1891 3834 1924 3886 4

338 3914 816 3983 seq»._,__cut‘nnola.
990 3972 1088 3983 Am
1319 3972 1330 3983 .

410 3971 535 4029 945.
580 3974 773 4043 Supra,
814 3989 950 4027 num.
988 3972 1113 4028 940.
1157 3972 1332 4041 Aliqui
1365 3971 1791 4043 voluntlocator,
1830 3989 1925 4042 pro

338 4046 551 4098 lecator.
584 4040 844 4098 Mediator
869 4046 955 4097 hic
979 4053 1061 4097 est
1080 4043 1389 4095 conciliator
1413 4040 1601 4110 stupri.

406 4115 533 4168 946.
557 4113 737 4177 Forte,
769 4113 1107 4166 lenocinatur.

407 4185 533 4238 950.
574 4184 729 4250 Apud
788 4184 1028 4237 Plautum
1095 4182 1347 4244 lcnullus,
1398 4180 1539 4248 apud
1592 4180 1919 4235 Priscianum

337 4254 499 4307 etiam
531 4255 758 4307 alterum
789 4253 1163 4307 diminutivum
1203 4252 1526 4305 lenunculus.

406 4324 529 4380 951.
575 4324 820 4378 Barthius
849 4324 1106 4375 levisutam
1152 4331 1352 4376 vestem
1386 4320 1671 4374 militarem
1722 4320 1918 4374 intelli-

331 4393 429 4460 git,
464 4410 491 4445 a
518 4395 613 4448 levi
652 4404 803 4456 actu;
847 4392 935 4445 alii
981 4394 1163 4461 legunt
1207 4394 1441 4461 lacerna;
1474 4390 1765 4449 Semlerus.
1799 4390 1920 4443 levi-

330 4464 562 4530 densata,
592 4479 660 4518 ex
693 4464 783 4514 lib.
819 4478 906 4515 xIx
938 4460 1139 4531 Etym.,
1165 4476 1215 4515 c.
1244 4460 1347 4525 ‘2‘2,
1384 4476 1438 4514 n.
1467 4460 1560 4531 19.

404 4532 529 4588 952.
550 4528 950 4587 'Lebitonarium
989 4528 1240 4586 scribitur
1277 4531 1315 4583 l.
1346 4545 1435 4584 xix
1466 4529 1725 4599 EtymaL,
1747 4543 1796 4582 c.
1822 4528 1914 4594 2!,

330 4618 476 4656 num.
518 4604 610 4656 9.4.

404 4672 529 4725 955.
574 4675 788 4740 Hepone
828 4671 1211 4725 lumbatorium.

404 4740 530 4795 954.
571 4736 794 4795 Libitina
823 4757 916 4809 pro
948 4742 1150 4795 feretro
1172 4749 1223 4795 et
1256 4747 1428 4793 morte
1458 4739 1623 4809 accipi
1652 4736 1808 4793 solet.

400 4811 527 4867 955.
570 4813 681 4876 AL,
711 4807 862 4865 licens
910 4814 1094 4875 oneris,
1152 4811 1236 4864 vel
1266 4811 1452 4878 aperis,
1483 4823 1579 4875 pro
1605 4807 1765 4871 liber;
1816 4807 1910 4869 al.,

330 4880 587 4933 imicerius
610 4893 911 4948 corruptum
954 4897 1017 4936 ex
1051 4881 1402 4951 primicerius;
1431 4882 1527 4942 διο,
1576 4878 1911 4951 ιιιεενιιᾳνξμε.

330 4950 726 5015 candelabrum;
755 4945 824 5003 al.
849 4995 861 5017 ,
895 4945 1064 5016 licini,
1097 4951 1327 5005 candida:
1369 4950 1618 5010 lucernas,
1653 4957 1709 4999 ut
1754 4945 1910 5017 infra.

404 5019 528 5073 956.
573 5020 711 5082 Alii,
746 5021 954 5080 liniani;
1003 5024 1099 5086 al.,
1150 5020 1385 5089 liuigeri,
1443 5020 1560 5087 quia
1607 5016 1916 5089 sacerdotes

333 5090 706 5160 {Egyptiorum
758 5090 889 5161 lino.
912 5087 1329 5155 aiiiiciebantur;
1370 5091 1468 5155 al.,
1497 5087 1754 5151 vaticinia,
1786 5101 1917 5154 pro-

329 5161 532 5227 paelice.

402 5231 526 5283 957.
572 5227 737 5282 Licini
810 5244 994 5285 vocem
1047 5232 1403 5298 germanicam
1470 5226 1749 5298 Barthius_
1771 5233 1920 5291 putat

332 5314 484 5364 esse;
510 5301 601 5353 sed
630 5301 988 5355 conferendas
1020 5295 1191 5366 potius
1223 5301 1475 5365 Isidorus,
1509 5301 1544 5353 ι.
1575 5313 1679 5351 xvu
1713 5295 1888 5363 Etym.

330 5383 463 5440 cap:
484 5370 538 5434 6,
572 5386 633 5440 ιι.
655 5368 746 5438 25,
772 5372 911 5440 ligna
935 5371 1089 5435 dicta,
1114 5382 1218 5426 etc.
1254 5372 1318 5425 Et
1339 5371 1488 5425 alibi.

398 5437 524 5493 958.
566 5437 829 5495 Fortasse
858 5443 924 5494 ita
963 5440 1075 5494 haec
1101 5441 1464 5495 concinnanda
1496 5458 1507 5492 :
1540 5441 1779 5502 licitator,
1807 5437 1920 5507 gla-

324 5508 531 5578 diator.
566 5541 634 5551 ——
666 5508 856 5573 Lictor,
899 5510 1184 5578 apparitor,
1233 5512 1444 5564 occisor.
1492 5538 1563 5550 -
1586 5510 1922 5571 Licentiosus,

321 5580 402 5631 cui
426 5577 586 5630 multa
605 5578 773 5633 licent.

1358 190 1650 246 Al‘l‘ENl).
1696 192 1861 246 XXV.
1908 218 1970 232 ~—
2011 193 2212 249 LIBER
2255 198 2686 257 GLOSSARUM.

1851 307 2152 373 ﬂectendus.

1495 371 1640 441 [950]
1675 371 1934 437 Lentulus,
1962 393 2151 442 parvus
2183 377 2393 433 lecator.

1493 443 1760 510 Levisata,
1792 446 1963 496 tunica
2014 447 2274 507 militaris.

1494 511 1910 586 Levitonariunt,
1950 516 2284 583 colobarium,
2314 518 2526 586 lineum,

1490 648 1837 715 Libatoriunt,
1877 654 2071 705 coxale.

380 713 527 786 [9.35]
562 714 893 777 Latormum,
928 731 1086 786 genus
1117 718 1285 782 navis,
1328 719 1417 770 sed
1488 717 1741 781 Libitina,
1768 713 1905 772 unde
1931 724 2115 773 mortui
2144 723 2416 779 tolluntur.

1511 787 1955 857 9551Licerceris.
1987 792 2240 846 centurio.

1532 857 1708 928 iciani,
1739 859 2019 928 praplielw.

1483 925 1677 998 Licini,
1709 925 1961 994 candelw,
1992 930 2233 998 lucernae,
2266 936 2344 987 vel
2367 935 2523 989 cicin-

1486 1063 1743 1119 Licitator
1762 1106 1776 1130 ,
1845 1068 2133 1136 gladiator,

1554 1136 1768 1197 occisor,
1807 1139 1889 1187 cui
1912 1141 2075 1191 multa
2107 1136 2281 1196 licent.

1480 1202 1678 1274 Lienis,
1716 1206 2020 1274 negotiator.

1502 1270 1629 1343 969]
1659 1270 1870 1335 Limbo,
1900 1276 2021 1327 alibi
2051 1293 2144 1344 pro
2174 1279 2377 1333 invenit.

1526 1322 2520 1413 ig.;t..‘.;"'.;.;.?.-;'5.5524,“.32"51....
2590 1322 2778 1413 F0935
2806 1322 2957 1413 “mf,
2973 1327 3122 1413 apud.
3142 1326 3316 1413 υνθῗπί
3349 1327 3585 1387 "Mm"

1550 1412 1758 1485 inAveste
1780 1412 2079 1481 regia,'sive
2115 1419 2226 1485 ipsa
2255 1422 2421 1471 vestis.

1480 1480 1810 1543 Limlaticus,
1838 1476 1856 1481 ⁷
1873 1500 1926 1555 qi.

2073 1476 2257 1553 aquam
2322 1490 2517 1555 ιίηιεηι,
2588 1476 2891 1555 Lubricum,
2923 1480 3084 1532 lutum
3105 1497 3224 1533 cum
3248 1481 3440 1537 labina.

1548 1567 1697 1627 quem
1732 1554 1893 1627 graeci
1914 1551 2184 1627 ὑδροφόϐαν
2206 1557 2399 1611 dicunt.

1480 1620 1768 1684 Litiiarius,
1801 1620 2054 1675 retiarius.

1481 1691 2005 1765 biminrrlntrtarum,
2038 1692 2149 1745 loca
2168 1705 2511 1765 mortuorum.
2585 1691 2820 1765 Lucerna
2840 1736 2855 1760 ,
2880 1712 3037 1765 genus
3067 1697 3298 1752 cacullaz.

1479 1759 1626 1830 [965]
1656 1761 1957 1841 Lintinutu,
2005 1764 2262 1817 servitium
2290 1767 2515 1833 martife-
2581 1759 3074 1841 Ludaritts,'_locus
3125 1768 3463 1837 deceptorins,
3530 1770 3617 1825 ubi

1548 1847 1659 1882 rum
1682 1872 1695 1895 ,
1725 1840 2012 1896 captivitas.

1479 1968 1723 2023 Linarius
1743 2012 1757 2033 ,
1790 1970 2051 2023 retiarius.

3507 215 3643 270 £558

2608 314 3288 399 lingqiscisinus,ferrum,
3330 339 3429 390 quo
3482 329 3623 399 virga

2675 394 2723 436 et
2744 385 2951 452 frutices
2972 385 3287 443 reciduntur.

2599 460 2885 531 Linguitri,
2906 465 3063 518 sulcis
3086 468 3337 535 trifariam
3365 470 3562 527 divisis.

2598 537 2747 610 [970]
2772 540 2992 607 Linivia,
3024 545 3173 597 retia.

2520 674 2535 681 ε
2594 616 3017 740 Αἶὲιοιΐίιιιτθε,
3064 623 3312 677 naviculae
3333 627 3546 683 modici:
3574 630 3630 685 in

2730 705 2818 740 ιιο.

2596 756 2825 828 Litarius
2839 798 2855 821 ,
2882 759 3158 828 gladiator.

2593 825 2712 890 Lix,
2740 825 2892 881 cinis.

2591 895 2953 975 Lixabundus,
2985 899 3232 976 ambulat,
3269 902 3358 970 qui
3396 905 3632 976 volupta-

2663 966 2727 1017 tis
2755 983 2914 1020 causa
2932 967 3180 1021 ambulat.

2590 1032 2918 1109 [975j_Lixe,
2961 1041 3147 1104 aquam
3174 1055 3288 1107 quae
3325 1056 3415 1109 per
3440 1043 3629 1096 milites

2658 1105 2958 1170 ambulant,
3020 1105 3215 1176 antiqui
3272 1105 3433 1164 litum
3482 1114 3626 1167 diate-

2658 1183 2797 1226 runt.

2590 1241 2858 1309 Lixiones,
2900 1260 3155 1313 aquarum
3191 1249 3479 1316 portitores.

2221 1074 2485 1141 apparitor
2504 1115 2520 1141 ,

2587 1398 2833 1464 Lubrica,
2857 1402 3081 1467 vallum,
3104 1405 3205 1457 imo
3236 1409 3395 1471 fossa.

2584 1554 2733 1626 [980]
2794 1558 2982 1632 l_.u_car,
3047 1560 3297 1632 uectigal,
3353 1564 3616 1632 erogatio,

2630 1633 2769 1694 ’quae
2793 1627 2942 1694 ﬁebat
2963 1629 3016 1679 in
3038 1627 3188 1681 lucis;

2653 1835 2764 1904 quis
2786 1835 2884 1887 cito
2912 1834 3120 1888 labitur.

2584 1904 2825 1966 Ludices,
2850 1905 3157 1959 meretrices.

2584 1972 2837 2039 Luecula,
2869 1988 3028 2044 parva
3060 1974 3188 2032 lues.

2112 2102 2233 2158 939.
2278 2104 2480 2170 Licius;
2509 2105 2602 2169 al.,
2632 2105 2885 2167 licitotor;
2914 2104 3009 2168 al;,
3042 2103 3313 2160 licitarius.

2110 2172 2232 2226 960.
2280 2177 2519 2229 llnrtltius
2568 2177 2751 2229 scribit
2789 2176 2979 2240 linque,
3040 2191 3132 2240 pro
3176 2176 3323 2239 aliis,
3367 2177 3614 2234 iurentui.

2038 2239 2145 2295 Res
2185 2257 2283 2310 pro
2304 2245 2557 2299 derelicta
2607 2245 2785 2299 habita
2815 2239 2974 2313 linqui
3022 2239 3232 2309 dicitur,
3282 2255 3335 2299 et
3359 2246 3419 2299 Ill.
3457 2262 3614 2302 occu-

2040 2313 2232 2384 pantis.
2258 2313 2380 2378 Alii,
2409 2315 2559 2367 limbo
2589 2315 2710 2367 alibi
2725 2330 2816 2384 pro
2839 2313 3022 2368 limbus
3041 2314 3313 2379 invenitur;
3340 2316 3438 2382 al.,
3461 2318 3615 2374 limbo

2039 2380 2160 2452 alibi
2198 2400 2427 2452 purpura
2453 2385 2726 2437 invenitur.

2037 2518 2075 2572 li
2107 2450 2231 2571 9b61.
2299 2450 2407 2508 Pro
2455 2456 2571 2508 navi
2649 2454 2838 2508 lembus
2913 2450 3195 2519 scribitur,
3269 2453 3379 2510 alio
3447 2469 3610 2513 senm

2078 2537 2121 2571 ηι
2161 2538 2238 2572 ηε.

2060 2535 2238 2574 ιηιυιιε.

2110 2589 2238 2643 965.
2280 2591 2437 2655 Infra,
2469 2594 2704 2647 linarius.

2106 2660 2229 2714 964.
2274 2660 2533 2731 Grzevius,
2579 2665 2689 2716 loca
2729 2670 3029 2731 martyrum.
3061 2661 3117 2716 Si
3160 2662 3452 2719 retineatur
3477 2679 3614 2719 mor-

2036 2736 2257 2801 tuorum,
2294 2729 2695 2801 intelligendum
2722 2734 2790 2785 de
2812 2729 3091 2797 sepulcris,
3115 2746 3234 2800 quae
3252 2742 3399 2786 extra
3425 2743 3608 2801 portas

2035 2798 2246 2851 urbium
2298 2800 2347 2853 in
2400 2798 2498 2853 viis
2546 2801 2764 2866 publicis
2795 2798 3441 2857 locabanturJSemlerus'
3469 2817 3604 2857 con-

2027 2866 2145 2931 jicit
2200 2869 2380 2920 limina
2412 2874 2671 2933 ostiorum,
2726 2873 2843 2924 sine
2894 2871 3266 2936 eXpltcatione.
3312 2873 3447 2925 Tum
3495 2873 3609 2927 loca

2032 2945 2368 2998 mortuorum,
2400 2939 2548 3003 quasi
2592 2938 2846 2991 exciderit
2870 2939 3086 3002 livitina,
3118 2956 3210 2993 seu
3240 2940 3461 2994 libitina.

2104 3003 2523 3076 965._Graevius
2602 3008 2859 3074 expungit
2914 3009 3274 3076 mortiferum;
3335 3012 3607 3066 Semlern:

2033 3070 2158 3147 legit
2199 3074 2490 3147 libitinium,
2538 3076 2619 3129 vel
2652 3070 2885 3147 illirium,
2916 3077 3000 3132 vel
3041 3070 3313 3145 liminium,
3344 3079 3493 3147 quasi
3518 3095 3604 3135 se-

2028 3140 2264 3265 juncu'qm
2291 3159 2317 3196 a
2350 3144 2552 3200 limine.
2587 3144 2686 3200 Alii
2714 3161 2782 3200 ex
2813 3140 2944 3202 voce
2992 3140 3603 3217 postliminio'canjectu-

2031 3224 2118 3264 ras
2147 3227 2173 3263 a
2217 3224 2388 3265 erunt.

2031 3224 2118 3264 ras
2147 3224 2388 3268 atterunt.

2102 3281 2226 3354 966.
2269 3285 2393 3345 Alii,
2427 3283 2827 3354 lingulaparva,
2860 3285 3062 3338 scilicet
3094 3300 3249 3353 parva
3271 3286 3445 3354 lingua
3466 3302 3481 3353 ;
3502 3286 3596 3352 al.,

2030 3348 2228 3430 limula,
2258 3367 2441 3420 parva;
2492 3348 2588 3419 al.,
2628 3348 2803 3417 lamia,
2847 3355 3006 3406 larva.
3041 3348 3169 3409 Vide
3220 3348 3403 3425 supra,
3429 3348 3593 3422 larva,

2028 3433 2304 3472 rosarium.

2101 3488 2225 3542 968.
2268 3490 2391 3554 Alii,
2420 3490 2749 3560 lignicisivus.

2264 3559 2478 3634 Cori-iga
2514 3561 2699 3634 linguis
2724 3561 2967 3634 trisulcis,
2997 3578 3063 3617 ex
3108 3562 3349 3634 Virgilio.

2098 3628 2222 3698 970.
2266 3629 2481 3682 Linivia.
2515 3631 2723 3698 Papias,
2755 3632 2961 3694 liuaria.

2029 3766 2061 3818 li
2096 3696 2220 3778 972.
2266 3700 2355 3753 Vel
2400 3696 2642 3765 litiariu’s,
2679 3715 2707 3753 a
2756 3702 2866 3763 lite,
2903 3702 2982 3755 vel
3024 3702 3295 3767 licitarius,
3340 3712 3396 3757 ut
3428 3717 3591 3773 supra

2067 3778 2265 3818 citator.

2067 3778 2265 3821 cztator.

2096 3838 2218 3909 973.
2263 3838 2339 3892 Ex
2373 3839 2563 3909 Nonio.
2597 3840 2722 3892 Inde
2769 3839 3031 3904 lixivium;
3088 3840 3390 3909 Hispanico,
3433 3840 3589 3898 lexin.

2027 3906 2292 3979 Bartltius,
2325 3923 2409 3979 ex_
2424 3908 2580 3976 Papia
2600 3910 2714 3979 Vlix,
2736 3924 2909 3974 caper,
2940 3910 3144 3979 colligit
3170 3906 3266 3973 lix,
3288 3906 3483 3965 hircus.

2094 3976 2221 4048 974.
2263 3978 2337 4030 Ex
2373 3976 2557 4042 Festo,
2588 3978 2935 4048 limbundus,
2992 3976 3094 4034 iter
3149 3980 3313 4033 libero
3359 3994 3421 4033 ac
3475 3994 3597 4048 pro—

2025 4045 2132 4167 lixe
2186 4046 2404 4101 faciens.
2457 4048 2585 4113 Alii,
2634 4047 2978 4116 luazubundus,
3030 4048 3181 4118 quasi
3240 4048 3367 4103 luxu
3415 4045 3595 4103 ambu-

2046 4132 2157 4167 ans.

2046 4132 2157 4167 αηδ.

2095 4183 2217 4237 975.
2260 4184 2382 4258 Alii.
2416 4187 2509 4251 lix,
2529 4203 2679 4256 aqua.
2708 4187 2870 4258 Lixw,
2892 4188 2979 4252 qui
3000 4204 3089 4258 per
3102 4188 3286 4242 milites
3307 4187 3590 4244 ambulant.

2024 4254 2219 4327 Aquam
2245 4257 2457 4323 antiqui,
2488 4254 2617 4321 etc.;
2645 4259 2738 4323 al.,
2771 4257 2911 4323 lixte,
2961 4254 3179 4325 aquarii,
3205 4258 3291 4327 qui
3322 4273 3432 4327 per,
3462 4269 3593 4323 etc.;

2023 4324 2115 4400 al.,
2158 4325 2284 4400 litua
2314 4343 2528 4394 agmen,
2568 4328 2705 4400 quod
2747 4343 2836 4395 per
2863 4324 3047 4381 milites
3094 4324 3350 4395 ambulat,
3395 4330 3599 4400 antiqui

2022 4392 2180 4465 lixam
2232 4392 2502 4459 dixeiunt;
2551 4392 2648 4459 al.,
2698 4392 2867 4465 liquis,
2897 4400 3138 4465 angulus,
3177 4413 3276 4465 qua
3300 4392 3598 4465 perltmi'tes

2021 4462 2327 4527 ambulatur,
2370 4466 2566 4534 antiqui
2617 4462 2776 4518 lixam
2800 4462 3054 4519 dixerunt.
3110 4462 3219 4531 Ali,
3253 4462 3376 4529 (ita,
3409 4482 3594 4534 aquam

2020 4535 2105 4598 qui
2137 4543 2301 4596 por'at
2324 4537 2580 4587 militibus.
2613 4537 2808 4602 Aquam
2847 4536 3043 4604 antiqui
3073 4534 3230 4586 lixam
3261 4535 3521 4590 dixerunt.

2092 4604 2216 4673 976.
2263 4604 2632 4673 Breviloquus,
2675 4606 2827 4668 lixor,
2852 4605 2974 4668 oris,
3009 4607 3221 4670 portitor
3247 4619 3411 4672 aqua.

2092 4670 2213 4743 9777.
2254 4670 2517 4739 Graevius,
2569 4670 2739 4737 lucar,
2789 4690 2879 4737 aes,
2931 4674 3149 4743 quodex
3202 4670 3315 4725 luco
3361 4682 3597 4741 captatur

2021 4742 2160 4810 apud
2182 4743 2355 4795 urbem
2400 4745 2701 4805 Romanam,
2742 4743 3032 4807 Semlerus,
3066 4744 3228 4807 lucar,
3262 4744 3426 4806 lucus,
3461 4743 3593 4797 vela

2023 4811 2146 4862 lucis
2170 4814 2306 4878 apud
2338 4814 2509 4864 urbem
2542 4813 2777 4866 Romam.
2806 4814 2879 4865 Ex
2906 4813 3050 4865 lucar
3069 4824 3150 4867 Bal
3180 4815 3400 4865 lucrum.
3425 4809 3590 4878 Infra,

2765 4852 2777 4864 ο
2806 4841 2879 4865 I'Jl
2906 4841 3041 4865 ιαιιιι
3069 4841 3150 4867 ΰδι
3180 4841 3279 4864 tum
3295 4841 3400 4865 ιυηο
3425 4841 3590 4879 IIIII',

2022 4896 2075 4931 ιι.
2121 4878 2248 4934 980.

2091 4950 2213 5004 979.
2256 4948 2389 5012 lmo,
2424 4950 2678 5019 Excerpta
2704 4952 2830 5005 sine.
2853 4950 3044 5015 Cerda,
3070 4951 3348 5016 ludicrum,
3374 4953 3587 5009 vallum.

2024 5019 2316 5083 Semlerus,
2342 5020 2612 5084 lubicrum,
2643 5036 2866 5085 vanum;
2899 5022 3017 5073 inde
3038 5030 3342 5087 corruptum
3376 5023 3589 5088 vallum,

2022 5099 2075 5139 et
2103 5100 2279 5153 postea
2305 5090 2539 5142 additum
2570 5092 2677 5143 sine
2710 5094 2868 5158 fossa.

2094 5159 2217 5211 98L
2259 5160 2386 5221 Alii,
2410 5164 2635 5223 lucerna,
2666 5157 2821 5229 genus
2852 5157 3061 5226 cerillw,
3087 5160 3169 5214 vel
3196 5159 3461 5227 candela;
3491 5161 3589 5226 al.,

2026 5228 2245 5291 lacerna,
2275 5244 2432 5291 genus
2453 5228 2689 5283 cuculle

2098 5297 2221 5350 982.
2262 5297 2538 5351 Ludarius.
2568 5303 2605 5352 A
2636 5298 2765 5351 luto.
2794 5298 3007 5365 Hispani
3039 5297 3222 5352 dicunt
3261 5299 3399 5362 lado,
3449 5297 3593 5350 ludu-

2032 5368 2126 5419 ml.
2188 5367 2359 5419 Cerda
2387 5407 2400 5431 ,
2441 5369 2637 5421 lutosus
2677 5370 2818 5421 locus
2851 5370 3192 5435 deceptorius;
3219 5368 3311 5431 al.,
3337 5368 3591 5434 lubricus;

2030 5441 2126 5498 al.,
2158 5437 2435 5490 volutarius
2466 5452 2561 5505 pro
2587 5439 2840 5492 ludarius.
3070 5444 3073 5451 '

2102 5505 2537 5574 983..Bartltius,
2588 5511 2669 5564 vel
2708 5509 2933 5562 lustrices
2976 5523 3003 5561 a
3053 5507 3246 5576 lustris,
3272 5508 3351 5562 vel
3382 5506 3589 5575 lodices,
